2794 4662
423 195 478 244 DE
497 189 788 248 Marmuomo.
1043 246 1047 255 ¹
1079 191 1153 242 '641

50 375 254 440 matrimonii
279 377 468 460 regulariter
490 388 541 442 est
565 389 698 441 mutnus
720 397 887 441 consensus
909 395 967 457 per
989 373 1089 437 verba
1105 374 1154 434 ‘de

49 483 207 561 praesenti
224 503 402 564 expressus
415 485 438 548 ”.
486 485 587 549 Unde
603 485 670 546 sic:
694 484 747 546 hic
771 491 861 544 certo
884 480 993 561 agitur
1015 479 1058 541 de
1080 477 1154 538 Ma-

49 584 206 646 trimonio
229 595 266 648 ut
288 595 494 663 sacramento,
518 606 620 667 quum
649 587 830 650 Decretum
854 583 897 645 sit
921 578 1093 644 instructio
1112 580 1155 641 de

48 689 266 751 sacramentis
284 710 290 764 ;
313 689 404 770 atqui
421 689 608 752 declaratur
623 709 755 752 causam
766 686 984 766 efficientem,
1001 683 1153 764 proinde-

48 809 112 869 que
127 793 309 855 essentiam
333 791 432 872 hujus
455 793 652 855 sacramenti
676 811 747 852 esse
772 798 923 852 mutuum
947 805 1154 852 consensum,

48 909 103 951 seu
130 891 411 954 matrimonialem
436 888 667 968 contractum
690 911 769 971 ergo
793 885 982 952 contractus
1004 908 1025 949 a
1047 905 1153 948 sacra-

48 1005 164 1056 mento
188 995 332 1075 separari
358 995 479 1076 nequit.
527 995 621 1056 ldem
645 1015 688 1056 ex
718 992 908 1055 Tridentino
930 991 998 1053 erui
1023 999 1154 1071 potest:

47 1097 146 1158 docet
163 1097 276 1159 enim¹
295 1098 505 1160 matrimonia
522 1097 726 1159 clandestina
742 1106 817 1158 rata
832 1103 865 1158 et
881 1116 957 1157 vera
974 1093 1073 1156 luisse
1086 1112 1152 1154 ma-

48 1200 216 1272 trimonia,
231 1201 390 1280 quamdiu
410 1199 559 1263 Ecclesia
574 1204 691 1264 eadem
716 1201 806 1262 irrita
825 1220 890 1262 non
909 1199 1041 1272 secerit;
1064 1195 1152 1278 quod

47 1303 183 1382 quidem
204 1304 360 1384 importat
377 1323 416 1364 ea
433 1303 531 1366 luisse
548 1325 660 1367 verum
683 1314 937 1374 sacramentum.
954 1322 1040 1377 nam,
1054 1301 1154 1382 juxta

47 1403 272 1467 lnrrocentr'um
297 1405 379 1468 ΙΙΙ2
403 1407 649 1470 matrimonium
675 1413 816 1469 “verum
840 1416 873 1469 et
897 1415 1005 1468 ratum
1030 1404 1153 1478 existit,

47 1508 123 1586 quia
141 1519 386 1570 sacramentum
402 1507 486 1584 fidei,
498 1511 586 1589 quod
601 1510 700 1572 semel
718 1520 768 1572 est
785 1510 973 1582 admissum,
984 1526 1152 1587 nunquam

48 1611 222 1684 amittitur,
239 1612 296 1674 sed
315 1626 424 1673 rarum
441 1611 541 1674 efficit
556 1613 701 1694 conjugii
725 1623 965 1674 sacramentum
979 1611 1002 1673 ”.
1050 1609 1152 1690 Atqui

49 1713 78 1771 in
105 1714 327 1776 matrimoniis
350 1714 564 1777 clandestinis
588 1715 666 1777 nihil
693 1717 857 1778 invenitur
881 1715 941 1776 nisi
965 1711 1153 1776 contractus

49 1816 324 1892 matrimonialis;
348 1837 427 1898 ergo
451 1817 525 1880 talis
548 1816 737 1881 contractus
760 1839 835 1881 vere
859 1819 1030 1884 constituit
1048 1837 1153 1878 sacra·

48 1929 210 1995 mentum,
227 1941 286 1983 nec
302 1921 346 1983 ab
361 1939 401 1982 eo
418 1922 561 2002 separari
580 1930 700 2001 potest.

48 2021 94 2100 lc)
112 2023 268 2085 Tandem
289 2044 339 2084 res
359 2033 455 2086 extra
477 2043 576 2085 omne
597 2024 734 2085 dubium
759 2023 866 2104 posita
885 2031 935 2084 est
954 2043 997 2084 ex
1020 2020 1150 2082 disertis

48 2125 328 2189 declarationibus
352 2128 412 2189 Pr'e'
433 2127 490 2188 IX
513 2137 545 2190 et
566 2126 682 2188 Leonis
698 2127 802 2191 XIII.
850 2125 949 2200 Prior,
966 2125 996 2185 in
1016 2122 1157 2184 Allocu-x

48 2229 139 2291 tione
157 2229 198 2291 ad
216 2229 410 2293 Cardinales
426 2230 538 2293 habita
555 2231 610 2310 (27
627 2241 708 2311 sept.
726 2229 830 2310 1852),
841 2228 946 2308 legem
961 2226 1150 2307 reprobans,

48 2337 111 2410 quil
138 2334 387 2395 matrimonium
412 2343 448 2396 ut
471 2331 659 2396 contractus
682 2333 786 2394 civilis
810 2341 938 2394 tantum
960 2330 1153 2404 habebatur,

50 2431 134 2497 hanc
168 2436 328 2498 rationem
369 2437 516 2517 praesatae
554 2436 841 2498 condemnationis
873 2434 1003 2497 reddit:
1041 2433 1152 2496 “Cum

50 2556 149 2600 nemo
173 2558 217 2600 ex
241 2537 421 2602 Catholicis
444 2540 571 2620 ignoret
593 2549 650 2602 aut
674 2540 824 2619 ignorare
845 2540 958 2621 possit,
980 2538 1152 2601 Matrimo-

51 2641 137 2704 nium
155 2661 227 2704 esse
239 2662 314 2704 vere
329 2651 362 2704 ct
379 2644 509 2724 proprie
525 2663 627 2705 unum
644 2663 687 2704 ex
704 2653 831 2723 septem
847 2642 1057 2724 Evangelicae
1071 2642 1151 2722 legis

48 2745 265 2806 sacramentis
295 2765 314 2806 a
346 2745 478 2808 Christo
511 2746 658 2808 Domino
689 2746 887 2820 institutum,
913 2766 949 2808 ac
981 2755 1154 2826 propterea

51 2848 138 2910 inter
148 2847 264 2930 fideles
285 2849 364 2912 dari
385 2869 446 2910 non
462 2860 562 2928 posse,
585 2849 665 2929 quin
687 2869 749 2910 nno
773 2847 938 2928 eodemque
955 2857 1092 2928 tempore
1111 2848 1156 2910 sit

51 2963 306 3023 sacramentnm·
331 2963 430 3032 atque
447 2951 567 3014 idcirco
583 2951 760 3031 qrrmnlibet
773 2951 875 3012 aliam
893 2951 979 3012 inter
995 2949 1153 3014 Christan-

53 3073 105 3115 nns
122 3054 191 3115 viri
205 3065 235 3116 et
250 3055 397 3117 mulieris
412 3054 670 3134 conjnntlinnem,
681 3053 917 3133 cujuscumque
933 3053 1032 3114 etiam
1051 3053 1154 3115 civilis

53 3156 134 3239 legis
150 3159 181 3220 vi
202 3157 333 3233 saetam,
349 3157 436 3220 nr'lee'l
452 3158 548 3220 aliud
564 3178 628 3220 esse
651 3157 717 3218 m'si
735 3166 857 3237 turpem
879 3167 974 3238 atque
993 3156 1154 3218 exitialem

53 3259 295 3322 concubinatum
312 3261 355 3322 ab
371 3259 519 3322 Ecclesia
536 3269 710 3340 tantopere
726 3259 941 3322 damnatum:
962 3280 999 3322 ac
1016 3261 1154 3341 proinde

53 3383 72 3422 a
95 3364 260 3444 consngali
272 3363 398 3444 soedere
422 3373 658 3426 sacramentnm
683 3364 834 3442 separari
858 3385 1022 3444 nunqrmm
1042 3375 1153 3443 posse,·

54 3477 84 3528 et
100 3467 238 3528 omnino
254 3465 403 3548 spectare
416 3468 457 3528 ad
472 3466 629 3528 Ecclesiae
645 3476 845 3547 potestatem
862 3487 901 3528 ea
916 3467 1029 3529 omnia
1044 3467 1153 3528 decer-

55 3588 138 3642 nere,
155 3589 229 3649 quae
246 3571 288 3631 ad
305 3571 391 3634 idem
411 3571 658 3634 matrimonium
680 3571 796 3651 quovis
813 3573 913 3634 modo
929 3583 1066 3652 possunt
1083 3591 1154 3656 per·

55 3674 157 3734 tinere
171 3673 194 3734 ”.
248 3675 412 3736 Posterior
433 3685 544 3738 autem
570 3675 602 3735 in
629 3675 762 3756 Encycl.
788 3675 957 3736 Arcanum
981 3675 1037 3755 (ιο
1061 3675 1153 3737 Febr.

60 3779 162 3850 1880),
178 3776 232 3838 ubi
249 3774 434 3839 doctrinam
451 3777 649 3840 catholicam
674 3779 716 3840 de
739 3779 918 3840 christiano
943 3780 1155 3841 matrimonio

56 3878 209 3957 praeclare
235 3881 387 3961 exponit,
415 3881 485 3942 haec
512 3880 637 3942 habet:
669 3881 767 3943 “Nec
793 3901 994 3962 quemquam
1023 3893 1154 3945 moveat

56 3976 108 4038 illa
136 3987 309 4059 tantopere
337 3999 356 4040 a
385 3978 563 4058 Regalistis
591 3979 770 4060 praedicata
796 3979 975 4057 distinctio,
1002 3981 1033 4042 vi
1061 3981 1154 4062 quus

56 4077 259 4150 contractum
277 4082 458 4162 nuptialem
477 4103 495 4143 a
512 4092 719 4144 sacramento
743 4083 972 4165 disjungent...
1020 4085 1153 4147 Etenim

89 4234 96 4264 ¹
114 4228 187 4280 Sese.
204 4229 252 4292 lV,
266 4229 302 4283 de
318 4228 469 4284 Reionnat.
486 4245 508 4282 c.
527 4247 548 4282 1.

89 4305 252 4366 ²Decrelal.
268 4315 286 4366 l.
306 4315 355 4377 lV,
371 4313 412 4368 tit.
432 4328 471 4380 19,
485 4331 509 4369 c.
526 4329 551 4383 7,
567 4331 612 4384 ap.
629 4315 766 4384 Denzing.
781 4333 806 4370 n.
823 4328 880 4385 351.

85 4473 90 4484 ,
143 4433 266 4480 Srnoens
279 4433 324 4480 111.
338 4458 362 4466 -
377 4448 404 4488 41
