2738 4646
210 159 265 210 DE
285 159 503 210 MYSTERIO
522 158 794 210 PRAESENTIAE
816 159 978 208 annuis.
1079 157 1135 207 311

35 351 285 413 commemorat,
302 343 348 404 ita
365 342 409 405 ibi
425 343 528 405 dicit:
552 341 651 404 “Hoc
667 351 719 404 est
734 345 845 422 cor'pus
861 360 998 402 meum...
1015 339 1068 402 hic
1085 349 1135 403 est

34 445 171 524 sanguis
187 467 275 508 inens
285 447 301 472 ”
313 459 333 507 ¹.

76 563 124 612 11.
183 563 220 610 2⁰
252 549 354 612 Verba
381 548 505 614 Christi
529 549 568 610 de
588 557 675 628 pane
697 547 917 622 eucharistico,
940 546 976 608 in
997 544 1134 609 sccundci

31 659 131 726 porte,
148 672 244 714 sensu
253 653 390 734 proprio
404 650 613 731 intelligendo
628 660 713 712 sunt.
760 650 923 713 Probatur

76 751 135 831 (A)
151 753 207 815 Ex
220 753 288 834 ipso
300 755 387 817 textu
401 777 415 828 ,·
439 773 516 816 nam
534 773 577 814 ex
594 757 660 814 una
677 761 770 834 parte
787 771 902 816 sensus
912 751 1065 834 proprt'us
1081 760 1131 813 est

34 855 139 918 clarus
156 867 191 920 et
207 858 334 934 obviuS,
350 868 384 922 et
407 879 451 921 ex
476 858 580 919 altera
601 876 717 919 sensus
734 857 965 938 metaphoricus
980 856 1132 919 absolute

35 970 208 1041 repugnat.
249 961 374 1025 Sensus
379 961 535 1042 proprius
545 960 663 1023 obvius
676 969 726 1022 est
741 981 748 1022 :
772 980 810 1022 ea
823 961 911 1023 enim
925 960 1025 1022 verba
1039 959 1132 1024 Chri-

33 1070 101 1123 stus
117 1061 259 1126 adhibet
274 1085 346 1145 quae
362 1067 448 1128 adeo
463 1064 551 1126 clara
567 1073 645 1125 sunt
669 1072 705 1125 ut
726 1064 839 1125 statim
863 1063 1039 1126 litteralem
1060 1083 1131 1125 sen·

35 1181 103 1225 sum
116 1167 222 1228 menti
236 1166 438 1230 exhibeant:
454 1167 504 1248 (a)
515 1166 637 1228 diserte
649 1165 766 1228 asserit
777 1185 908 1248 panem,
918 1185 1017 1246 quem
1028 1163 1130 1239 dabit,

36 1285 103 1326 esse
119 1268 289 1349 propriam
304 1289 459 1332 carnem:
482 1269 610 1342 “PaniS,
620 1289 719 1349 quem
736 1287 799 1349 ego
809 1267 906 1342 dabo,
916 1288 990 1329 caro
1000 1287 1071 1329 mm
1080 1274 1130 1328 est

36 1387 91 1445 pro
115 1371 232 1432 mundi
254 1373 322 1433 vita
333 1371 348 1397 ’'
365 1373 455 1453 (52);
483 1370 534 1452 (b)
550 1391 652 1453 quum
668 1371 775 1452 Judaei
802 1381 1052 1444 murmurarent,
1069 1368 1130 1432 sub

37 1473 279 1536 comminatione
288 1475 403 1536 rtrortis
411 1473 591 1556 spiritualis
597 1473 746 1553 precipit
756 1473 1046 1535 manducationem
1061 1493 1129 1534 car-

39 1571 84 1632 nis
96 1594 165 1636 suae
180 1599 186 1638 :
211 1577 312 1639 “Nisi
326 1575 601 1639 inanducaverieis
612 1595 739 1637 carnem
754 1575 827 1637 Filii
841 1575 1033 1638 hominis”...
1047 1575 1130 1656 (54);

39 1673 81 1753 ic)
93 1675 181 1740 idem
199 1679 349 1760 praecipit
364 1681 422 1743 sub
430 1678 645 1761 promissione
660 1678 736 1740 vitre
750 1687 884 1741 aeternae
899 1701 905 1741 :
927 1677 1020 1759 “Qui
1038 1698 1128 1739 man·

39 1777 128 1842 ducat
137 1802 246 1844 meam
258 1804 385 1847 carnem
435 1785 537 1846 habet
546 1783 649 1845 vitam
661 1791 819 1850 aeternam
831 1780 847 1808 ”
859 1782 892 1862 (5
899 1781 942 1860 5);
965 1780 1018 1862 (d)
1031 1781 1128 1844 ratio·

40 1901 103 1944 nem
119 1885 218 1966 hujus
235 1889 501 1951 manducationis
519 1886 665 1968 assignat
686 1907 760 1967 quae
776 1905 910 1948 sensum
928 1885 1129 1966 metaphori-

40 2002 106 2046 cum
128 1988 305 2053 excludit:
329 1991 442 2055 “Caro
463 1991 551 2054 enim
574 2009 648 2051 mea
663 2011 735 2052 vere
750 1999 801 2053 est
821 1989 923 2066 cibus
939 1999 972 2052 et
993 1990 1128 2071 sanguis

41 2103 124 2148 meus
138 2110 211 2152 nere
222 2101 273 2153 est
287 2101 384 2172 potus
397 2093 412 2118 ’'
425 2092 495 2173 (56)
513 2113 519 2168 ;
542 2112 614 2154 nere
626 2094 714 2155 enim
729 2094 815 2156 idem
830 2102 927 2155 sonat
939 2091 1128 2173 acproprie,·

43 2178 91 2268 (e)
105 2188 248 2268 offellum
265 2191 414 2270 ejusdem
427 2192 574 2256 declarat
589 2195 646 2276 qui
663 2197 814 2259 consistit
831 2196 862 2257 in
880 2216 920 2257 eo
932 2194 1021 2276 quod
1035 2194 1128 2258 chri-

40 2295 101 2347 slus
116 2290 182 2371 ipse
198 2303 332 2356 maneat
353 2294 386 2356 in
407 2295 512 2370 nobis,
529 2317 655 2378 nosque
677 2300 709 2360 in
729 2299 802 2360 Eo:
830 2297 923 2380 “Qui
949 2300 1128 2361 manducat

42 2391 289 2458 meam'carnem
348 2397 451 2460 inme
468 2411 589 2475 manet,
605 2411 638 2464 et
654 2421 718 2484 ego
735 2402 767 2464 in
785 2401 841 2463 illo
852 2399 867 2426 ''
887 2397 973 2486 (57).
1021 2401 1126 2483 Atqui

42 2486 103 2553 haec
118 2498 231 2559 omnia
248 2500 354 2578 prima
376 2498 459 2562 facie
475 2501 554 2564 nihil
573 2503 662 2566 aliud
680 2505 742 2566 nisi
759 2504 881 2567 realem
899 2505 1126 2568 manducatio·

43 2611 108 2657 nem
125 2602 191 2661 veri
209 2603 355 2684 corporis
367 2602 489 2666 Christi
507 2606 610 2668 menti
626 2607 798 2684 exhibent,
811 2608 895 2670 adeo
912 2619 948 2672 ut
965 2609 991 2670 si
1009 2609 1126 2672 eadem

42 2698 130 2762 rerba
153 2723 173 2764 a
200 2705 407 2769 Protestante
431 2709 594 2786 ministr0,
617 2712 688 2773 sine
717 2713 839 2793 praeviat
863 2713 1059 2786 monitione,
1082 2733 1125 2774 ex

44 2799 161 2882 pulpito
176 2805 440 2887 proferrentur,a
456 2813 523 2874 suis
540 2823 698 2894 tanquam
709 2815 843 2894 papista
855 2815 1110 2879 existimaretur.

80 2905 222 2972 r'lliunde
239 2911 327 2973 idem
345 2923 439 2994 patet
459 2933 503 2976 ex
520 2915 777 2997 impossibilitate
792 2917 903 2979 sensrls
919 2918 1130 2998 metaphorici

44 2997 72 3057 in
78 3009 233 3081 prcesenti
244 3030 319 3072 casu
331 3012 542 3086 admittendi,·
565 3017 688 3079 etenim
706 3017 891 3079 locutiones
904 3023 920 3048 ‘¹
932 3019 1127 3082 ›trandrrcare

43 3119 166 3186 carnem,
178 3110 281 3178 bibere
295 3115 487 3195 sanguinem
504 3115 642 3197 alicujus
650 3119 665 3144 ''
684 3120 715 3181 in
734 3121 898 3183 nonnullis
910 3123 1125 3186 orientalibus

45 3199 150 3288 linguis
168 3216 393 3296 metaphorice
410 3218 619 3296 adhibentur,
636 3224 692 3285 sed
717 3232 803 3296 tunc,
820 3244 862 3286 ex
885 3244 945 3288 usu
963 3228 1051 3308 apud
1068 3228 1124 3309 Ju-

45 3305 120 3374 daeos
142 3327 176 3379 et
200 3318 390 3383 Orientales
414 3331 555 3404 recepto,
579 3345 682 3387 unum
707 3325 904 3407 significant,
921 3349 963 3390 sc.
981 3329 1123 3410 aliquem

45 3411 235 3496 calumniari,
258 3433 315 3486 aut
343 3426 571 3505 persecutione
599 3431 763 3510 prosequi,
787 3432 871 3494 sicut
899 3454 926 3494 v.
951 3453 980 3513 g.
1005 3433 1126 3495 dicitur

46 3520 117 3590 apud
127 3521 215 3604 Job²
228 3547 241 3588 :
267 3525 406 3608 “Quare
422 3531 657 3610 persequimini
675 3552 728 3594 me
744 3543 777 3595 et
793 3535 947 3597 carnibus
969 3535 1050 3597 meis
1074 3557 1124 3598 sa-

48 3639 1126 3676 Μ

73 3717 140 3782 'cra
158 3730 283 3798 Bonna,
298 3732 339 3785 La
353 3732 437 3801 cene,
453 3751 499 3803 330
508 3735 582 3806 jour.
623 3738 705 3806 Quod
720 3739 878 3794 concedunt
898 3759 953 3794 non
974 3741 1055 3810 pauci
1075 3745 1124 3798 ho—

46 3800 118 3866 diurni
126 3816 327 3885 ProtestanteS,
336 3830 365 3874 ut
376 3821 541 3890 Olslrausen,
550 3824 688 3892 Delirat,
699 3827 783 3893 Sim,
793 3828 868 3896 Keil,
879 3829 907 3880 E
908 3829 1004 3896 llicott,
1016 3830 1122 3901 Handy

47 3889 190 3970 Comment„
205 3905 237 3959 St
250 3906 377 3980 ,Johnnpz
388 3923 448 3978 4352
517 3929 520 3936 ’
566 3916 576 3944 ⁴

74 3984 230 4056 ⁷Juxrx,
244 4007 291 4056 224
308 3993 664 4062 ccrs..xxv1,2;·Maa
685 3999 739 4064 111,
750 4016 777 4068 3;
797 4000 1007 4070 Eccles.1v,5;
1029 4005 1121 4059 sarar.

47 4059 72 4128 V,
88 4083 121 4137 15.
157 4077 297 4146 Exempla
316 4079 477 4150 hujusmodi
496 4085 584 4138 multa
603 4083 729 4140 invenies
742 4087 818 4154 apud
838 4088 988 4156 Wr‘semam
1005 4107 1050 4158 op.
1067 4092 1122 4159 cit,

48 4145 95 4206 ¹0st
106 4158 137 4215 ll.
174 4164 257 4233 Quod
272 4166 325 4234 ipsi
340 4166 533 4224 Protestantes
547 4171 626 4226 fateri
641 4184 793 4241 coguntur;
813 4173 852 4228 ita
872 4175 977 4243 Winer,
988 4178 1122 4242 (Lexicon

49 4232 109 4296 Man.
125 4249 210 4305 Hebr.
226 4263 254 4306 ct
273 4253 387 4317 Chald,
404 4254 480 4344 bips.
498 4259 574 4321 1828,
591 4275 618 4328 p.
634 4259 697 4326 874)
715 4279 721 4315 :
750 4262 766 4288 “
779 4262 854 4317 Hinc
876 4264 983 4334 tropice
1005 4265 1122 4332 alicujus
