2780 4646
247 145 309 197 124
698 149 838 199 CAPUT
855 149 897 197 11.

248 324 422 387 minationi
439 326 527 401 solis,
537 325 584 389 ita
594 328 696 389 etiam
712 329 832 390 caritas
844 327 957 391 statim
971 324 1083 389 delicit
1095 345 1167 388 esse
1181 324 1211 386 in
1224 324 1322 389 anima.

248 444 308 505 per
321 426 384 488 hoc
399 427 489 508 quod
505 427 641 509 aliquod
657 429 866 492 obstaculum
883 430 1018 511 ponitur
1033 427 1213 494 influentiae
1228 426 1322 488 carita·

248 527 290 589 tis
307 548 326 589 a
344 528 418 590 Deo
435 529 467 590 in
484 530 630 594 animam
644 532 667 592 ’'.

284 649 337 706 173
377 653 408 708 40
422 638 498 696 Sola.
515 638 578 710 diff.
617 639 657 708 (ι)
675 637 761 709 Saepe
779 637 887 709 saepius
907 637 1055 708 Scriptura
1074 634 1176 694 asserit
1194 634 1323 692 caritatem

247 740 312 781 esse
330 724 600 797 inexstinguibilem,
621 723 850 795 insuperabilem,
872 741 1022 796 nunquam
1039 721 1244 780 exarantem·
1259 719 1323 788 atqui

247 809 311 867 haec
324 811 425 868 omnia
438 811 571 869 indicant
581 809 724 882 justitiam
738 827 802 868 esse
816 809 1038 868 inamissibilem
1052 832 1058 876 ς
1077 826 1156 886 ergo.

281 897 365 969 Resp.
380 898 461 969 Nego
473 899 620 968 minorem,
631 915 700 954 nam
714 897 762 954 illa
775 897 865 955 verba
877 896 1054 969 significant,
1067 895 1205 956 virtutem
1217 891 1324 950 caritatis

247 999 345 1054 neque
357 983 385 1040 vi
397 985 518 1041 externa
531 1001 629 1056 neque
642 1000 694 1055 per
706 983 851 1040 visionem
869 981 1036 1040 beatificam
1054 999 1120 1040 esse
1132 980 1323 1040 destruendam

245 1067 321 1126 sicut
342 1069 433 1128 lidem
455 1081 484 1128 et
505 1088 599 1143 spem,
619 1069 672 1127 sed
694 1079 945 1141 perseveraturam
971 1069 1000 1124 in
1023 1069 1117 1139 justis,
1141 1068 1193 1140 qui
1216 1068 1244 1123 in
1264 1073 1324 1121 statu

245 1155 345 1225 gratiae
364 1157 538 1226 moriuntur,
553 1166 585 1213 ut
604 1156 633 1214 S.
651 1155 759 1212 Paulus
779 1156 843 1227 ipse
861 1155 976 1214 disertis
996 1153 1092 1212 verbis
1111 1171 1173 1212 rem
1191 1151 1275 1211 alibi²
1290 1167 1324 1207 ex·

245 1241 342 1313 plicat.

280 1330 320 1398 (b)
336 1329 471 1388 Dicitur:
492 1328 625 1387 “Omnis
638 1328 688 1400 qui
703 1337 789 1384 natus
808 1337 852 1386 est
871 1345 906 1386 ex
927 1327 1002 1398 Dea,
1019 1337 1175 1398 peccatum
1190 1343 1249 1383 non
1261 1322 1323 1390 lacit,

245 1415 388 1485 quoniam
401 1433 503 1474 semen
522 1415 614 1487 ipsius
628 1415 657 1471 in
671 1432 709 1472 eo
722 1424 830 1484 manet,
844 1425 873 1472 et
893 1432 952 1471 non
969 1423 1067 1486 potest
1085 1429 1209 1486 peccare
1225 1411 1287 1483 quia
1299 1427 1326 1466 ex

247 1500 313 1558 Deo
326 1512 412 1559 natus
425 1512 469 1560 est
479 1503 495 1528 '’
504 1506 522 1558 ³.

279 1587 363 1659 Resp.
393 1588 498 1646 Sensus
511 1598 573 1646 est:
593 1587 643 1659 qui
658 1597 745 1645 natus
758 1597 802 1645 est
815 1605 850 1645 ex
865 1587 932 1644 Deo
945 1604 1005 1643 non
1021 1595 1117 1658 potest
1131 1602 1253 1658 peccare
1264 1600 1326 1639 mor·

244 1673 339 1731 taliter
351 1674 419 1732 dum
432 1683 564 1732 remanet
578 1673 656 1732 lilius
670 1673 737 1742 Dei,
746 1673 889 1745 quoniam
902 1691 1004 1731 semen
1018 1673 1104 1742 illius,
1114 1672 1226 1730 scilicet
1239 1669 1326 1728 caritas

244 1758 305 1817 sive
318 1760 410 1832 gratia
423 1761 453 1817 in
466 1777 503 1819 eo
516 1777 640 1818 manens
654 1770 811 1831 peccatum
824 1760 954 1818 excludit
967 1781 974 1818 ε
993 1777 1046 1818 seu
1059 1759 1123 1818 aliis
1136 1757 1234 1817 verbis
1245 1756 1326 1814 decla·

242 1855 322 1902 ratur
334 1847 464 1918 aliquem
478 1864 538 1903 non
552 1864 639 1918 posse
652 1845 740 1903 simul
760 1845 911 1904 caritatem
931 1846 1056 1904 retinere
1074 1855 1104 1904 et
1123 1862 1247 1918 peccare
1263 1861 1326 1899 mor·

243 1931 347 2000 taliter,
356 1941 389 1989 ut
402 1932 564 2004 explicatur
576 1932 664 1990 etiam
678 1949 695 1988 a
710 1931 952 2000 Protestantibus,
966 1951 991 1988 v.
1005 1949 1032 2003 g.
1046 1931 1087 1988 D.
1097 1931 1214 2002 Alsord,
1225 1931 1253 1986 in
1265 1929 1290 1984 h.
1301 1927 1327 1994 l.;

243 2017 316 2075 nihil
329 2018 465 2090 igiturex
478 2019 524 2076 his
537 2017 633 2077 verbis
646 2027 748 2076 contra
762 2017 870 2076 thesim
885 2029 1014 2074 nostram
1028 2015 1138 2094 deduci
1152 2026 1256 2089 potest.

243 2189 329 2264 Art.
355 2187 427 2264 IV.
453 2187 516 2263 De
543 2186 758 2263 virtutibus
786 2205 823 2262 et
849 2185 962 2263 donis
990 2187 1031 2262 in
1053 2181 1327 2288 justificatione

704 2300 842 2380 infusis
854 2318 878 2381 ⁴.

287 2471 402 2534 Gratia
417 2470 595 2533 habitualis
611 2481 661 2535 est
678 2472 779 2534 veluti
795 2471 994 2553 principium
1011 2469 1111 2533 vitale
1127 2469 1215 2532 illius
1230 2488 1328 2550 super·
1382 2453 1383 2544 J

243 2573 401 2634 naturalis
418 2573 503 2648 vitae‚
516 2593 616 2655 quam
634 2594 654 2636 a
671 2574 752 2649 Dea,
765 2574 886 2636 intuitu
904 2574 1096 2636 meritorum
1114 2571 1245 2647 Christi,
1256 2570 1328 2632 acci·

242 2675 373 2758 pimus:
396 2677 448 2738 cui
465 2677 628 2757 principio
644 2678 722 2740 addi
739 2676 863 2739 debent
879 2675 1013 2738 habitus
1030 2675 1200 2756 operativi,
1213 2675 1244 2736 vi
1259 2692 1328 2753 quo·

241 2799 313 2842 rum
338 2775 431 2840 actus
454 2778 730 2860 supernaturales,
747 2782 822 2843 Deo
846 2799 903 2861 pcr
926 2779 1067 2860 gratiam
1087 2775 1251 2841 actualem
1270 2795 1329 2838 mo·

241 2891 348 2956 vente,
364 2880 480 2944 elicere
497 2883 681 2962 possimus:
706 2883 750 2945 illi
770 2884 903 2946 habitus
920 2890 998 2942 sunt
1013 2880 1151 2942 virtutes
1168 2879 1289 2952 iniusae,
1302 2887 1330 2939 ct

241 2985 330 3048 dona
347 2983 489 3065 Spiritlls
506 2980 619 3047 saneti.

534 3149 562 3204 1.
586 3146 641 3206 Da
663 3145 879 3206 virtutibus
903 3144 1052 3204 inlusis.

285 3305 352 3374 174.
403 3303 435 3352 1⁰
449 3290 592 3353 Natura.
641 3286 706 3374 (A)
725 3289 841 3352 Virtus
856 3290 890 3351 in
901 3311 1017 3372 genere
1035 3287 1193 3352 definitur
1207 3289 1330 3352 habitus

240 3393 412 3476 perficiens
429 3394 550 3456 animae
567 3392 752 3467 facultates,
768 3411 890 3472 easque
910 3391 1090 3472 disponens
1111 3392 1154 3453 ad
1176 3393 1329 3473 operatio·

240 3516 316 3558 nem
335 3494 466 3559 rectam.
512 3495 626 3558 Virtus
648 3503 760 3558 autem
785 3494 896 3572 infusa
917 3491 1072 3556 definitur
1087 3491 1220 3556 habitus
1233 3505 1329 3574 super·

275 3703 379 3756 ‘Cana
395 3701 521 3766 V111,7;
539 3701 619 3754 Rene.
633 3701 719 3768 v111,
732 3713 777 3770 353
796 3700 889 3755 ICor.
906 3701 992 3767 XIII,
1006 3699 1030 3754 8.

273 3789 283 3820 ²
296 3789 316 3842 I
326 3788 389 3842 Cor.
405 3787 491 3852 Xill,
504 3787 575 3841 8-10.

274 3875 316 3928 ³!
326 3875 391 3941 Joa.
408 3873 464 3937 111,
479 3888 504 3942 p

271 3959 453 4013 ⁴Videautur
466 3959 588 4028 theologi
602 3958 696 4029 quide
708 3958 855 4014 virtutibus
875 3957 973 4012 infusis
993 3974 1123 4027 expresse
1140 3959 1330 4031 disputarunt:

238 4047 269 4100 S.
290 4045 418 4111 Thomas,
440 4063 462 4098 r.
485 4063 509 4098 2.
529 4062 569 4115 q„
580 4058 677 4113 55-703
697 4047 829 4114 Rapalda,
848 4046 920 4116 disp.
944 4047 1074 4114 118-13r;
1096 4047 1192 4110 Genet,
1215 4047 1330 4122 clypeus

237 4133 334 4195 theol,
352 4133 396 4186 De
414 4130 563 4186 virtutibus
581 4143 610 4186 et
628 4133 729 4196 donis;
749 4135 891 4202 [equam
907 4135 943 4186 de
962 4134 1126 4200 Virtutibus,
1145 4133 1214 4188 diss.
1231 4136 1253 4200 l,
1266 4151 1288 4188 r.
1301 4147 1330 4200 3;

237 4218 390 4281 Marulla,
405 4217 442 4272 de
454 4217 611 4272 Virtutibus
624 4219 731 4287 inlusis,
749 4219 819 4290 disp.
836 4221 859 4286 1,
872 4237 896 4274 a.
915 4221 971 4284 1·8;
996 4222 1119 4287 Trm'en,
1134 4219 1155 4288 1,
1173 4239 1199 4292 p.
1216 4235 1267 4290 139
1279 4235 1315 4288 sq.
