2780 4646
476 171 532 220 os
553 157 729 219 atsaiw.
1089 168 1150 218 1⁴3

58 371 108 412 seu
129 353 369 433 impetratione,
382 353 482 433 juxta
506 353 585 416 illud
611 354 642 417 S.
662 352 863 433 Augustini:
880 363 889 394 ¹
909 357 926 383 “
940 349 1152 433 Supplicibus

58 454 199 532 precibus
212 456 349 518 emereri
363 465 473 536 potest
485 455 521 531 '’;
538 453 625 517 redte
641 466 754 517 tamen
772 453 1006 516 animadvertit
1025 455 1152 516 Suarea

58 555 179 620 finalem
198 559 477 640 perseverantiam
502 577 568 620 non
592 559 689 620 unica
705 558 865 630 oratione,
882 557 1047 640 sedsaepe
1063 577 1153 637 repe-

59 661 121 721 titis
138 661 291 742 precibus
307 661 458 724 obtineri.

98 778 165 830 202.
215 779 250 844 3⁰
275 764 393 842 Quoad
404 764 546 846 gloriam
567 762 626 844 (Α)
645 764 683 825 de
696 764 767 845 fide
786 773 833 826 est
849 764 1010 826 leorrrinem
1021 765 1152 844 jastam

57 885 121 926 erre
136 867 353 947 arereiiposse
362 862 516 947 gloriam,
531 888 585 929 seu
602 868 704 928 m'tam
720 877 875 928 aeternam
887 889 900 938 ,·
928 867 990 929 hoc
1010 868 1153 948 probant

56 977 162 1031 textus
184 970 365 1051 Scripturae
385 971 477 1032 citati
499 971 554 1031 ubi
577 971 619 1032 de
640 971 820 1032 existentia
845 971 960 1042 meriti,
984 980 1017 1032 et
1039 981 1153 1051 aperte

56 1071 233 1136 declaratur
249 1095 269 1135 a
291 1074 321 1134 T
319 1074 434 1136 rr'deat.
445 1097 457 1136 .·
481 1074 639 1154 “Siquis
660 1074 784 1135 dixerit
806 1073 914 1154 ipsum
935 1072 1151 1152 justificatum

56 1192 114 1234 non
139 1195 212 1237 vere
237 1177 396 1238 mereri...
414 1177 516 1238 vitam
541 1186 709 1250 aeternam,
733 1185 766 1237 et
792 1177 893 1257 ipsius
918 1177 995 1238 vitre
1019 1185 1151 1237 aeternae

55 1280 363 1341 consecutionem
380 1279 422 1340 A.
440 1279 491 1342 53·

85 1375 130 1442 (B)
147 1378 383 1435 Coatramrtimr
392 1385 493 1436 autem
506 1377 580 1436 inter
594 1378 749 1450 theologos
764 1388 864 1436 utrum
879 1380 974 1450 prima
987 1379 1089 1450 gloria,
1099 1397 1150 1436 seu

56 1465 160 1532 primus
173 1465 282 1536 gradus
295 1466 395 1536 gloriae
408 1467 501 1538 possit
520 1466 626 1524 cadere
646 1466 702 1523 sub
721 1466 826 1524 merito
844 1466 882 1524 de
900 1466 1070 1538 condign03
1089 1467 1150 1538 qui-

55 1549 116 1607 dam
131 1563 250 1624 negant,
266 1554 337 1624 quia
349 1554 462 1625 primus
475 1554 576 1624 gloriae
594 1553 703 1624 gradus
724 1553 826 1624 prinrae
838 1553 939 1624 gratiae
954 1553 1095 1611 habituali
1110 1571 1150 1612 re·

56 1640 184 1708 spondet,
197 1658 273 1714 quaa,
288 1659 323 1698 ex
337 1641 432 1711 dietis,
449 1659 508 1698 non
523 1651 620 1712 potest
633 1640 737 1697 mereri
752 1639 790 1697 de
803 1641 963 1712 condigno,
981 1641 1033 1698 sed
1054 1642 1149 1698 solum

56 1725 88 1781 de
103 1744 243 1798 congruo.
283 1727 492 1786 Communiter
510 1727 560 1784 alii
578 1728 734 1792 affirmant,
750 1744 816 1784 nant
836 1727 929 1798 aetus,
946 1747 1006 1799 quo
1026 1729 1150 1800 primam

55 1813 169 1880 gratiam
184 1813 366 1872 habitualem
380 1814 554 1887 accipimus
568 1824 612 1872 est
631 1815 798 1871 meritorius
818 1815 856 1872 de
874 1815 1033 1884 condigno.
1071 1816 1150 1888 Jaru·

56 1916 115 1956 vero
129 1900 176 1958 ille
189 1900 274 1958 aetus
289 1919 348 1958 non
363 1911 460 1972 potest
473 1902 596 1972 quidem
618 1901 722 1959 mereri
743 1901 868 1972 primam
882 1901 1006 1971 gratiam
1020 1902 1149 1960 habitua·

56 1982 114 2050 lem,
127 2006 194 2058 quae
211 1989 272 2057 jam
290 1987 426 2054 habetur,
440 1988 493 2046 sed
513 1989 586 2044 nihil
607 1989 745 2061 prohibet
766 1989 838 2060 quin
859 1989 963 2046 mereri
984 1990 1076 2060 possit
1096 1989 1150 2060 pri-

57 2087 128 2127 mum
148 2073 250 2142 gloriae
268 2072 411 2143 gradum:
436 2073 526 2129 “talis
545 2073 679 2144 operatio
703 2083 746 2130 est
770 2073 894 2144 quidem
914 2073 1073 2142 meritoria,
1097 2073 1149 2132 sed

57 2173 107 2212 non
126 2159 227 2229 gratiae
245 2160 390 2230 quaejam
411 2157 543 2228 habetur,
567 2159 619 2217 sed
638 2157 739 2230 gloriae
758 2176 825 2230 quae
846 2159 980 2216 nondum
1001 2158 1150 2216 habetur''

57 2243 91 2308 (S.
109 2245 160 2302 Ta.
179 2264 200 2301 ι.
218 2267 242 2302 2.
259 2265 288 2316 q.
307 2265 364 2316 112,
381 2263 407 2302 a.
424 2247 490 2304 aad
509 2249 541 2316 ι).

92 2347 159 2411 203»
205 2349 242 2414 4⁰
261 2335 377 2412 Quoad
390 2339 522 2418 gratias
538 2347 600 2416 pro
621 2336 706 2398 aliis.
756 2331 821 2419 (A)
847 2335 986 2396 Nullam
1002 2335 1150 2416 gratiam

51 2447 103 2513 pra
124 2439 203 2500 alias
223 2439 262 2501 de
284 2439 439 2519 condigno
455 2440 772 2519 arereripossrmms:
796 2437 857 2499 hoc
874 2447 924 2500 cst
942 2438 1148 2519 privilegium
1189 2447 1191 2452 '

58 2539 179 2614 l'hristi,
193 2551 311 2622 utpote
331 2542 449 2622 capitis
468 2541 581 2614 nostri,
598 2541 714 2602 mereri
731 2541 772 2602 de
788 2541 956 2622 condigno
980 2560 1038 2620 pro
1054 2541 1126 2601 aliis
1143 2563 1149 2617 ;

57 2644 180 2716 etenim,
196 2665 239 2704 ex
256 2641 362 2716 dietis,
379 2643 480 2704 homo
497 2663 562 2704 non
580 2652 690 2724 potest
708 2643 822 2705 mereri
839 2643 881 2704 de
898 2644 1073 2724 condigno,
1091 2653 1163 2706 seu

57 2744 241 2824 exjustitia,
255 2746 317 2806 nisi
333 2746 499 2816 ordinatio
511 2745 560 2806 vel
575 2743 711 2826 pactum
725 2745 954 2818 intercesserit,
964 2747 1053 2826 quod
1068 2767 1148 2827 prae-

58 2847 151 2910 mium
168 2850 367 2928 promissum
385 2847 502 2924 luerit;
526 2849 618 2928 atqui
636 2848 762 2910 nullum
780 2850 874 2910 adest
891 2845 1023 2929 paetum
1038 2848 1150 2929 hujus·

58 2952 148 3024 modi,
161 2971 228 3032 quo
245 2951 336 3013 Deus
353 2951 541 3031 promiserit
558 2953 699 3030 gratiam
718 2952 815 3013 alicui
832 2953 910 3012 dare
928 2952 958 3012 in
977 2953 1148 3032 praemium

58 3057 240 3117 meritorum
262 3054 397 3116 alterius
415 3053 506 3133 justi,
522 3055 579 3115 sed
605 3055 717 3135 potius
737 3075 780 3116 ex
799 3053 969 3134 Scriptura
986 3054 1150 3136 colligitur

59 3155 217 3220 (hristum
235 3157 341 3218 solum
360 3176 432 3218 esse
458 3155 597 3218 aliorum
614 3166 723 3238 caput,
739 3165 772 3218 et
794 3177 891 3236 posse
913 3177 972 3238 pro
997 3157 1058 3218 illis
1077 3179 1149 3238 gra-

59 3257 129 3321 tiam
147 3261 188 3321 de
204 3259 373 3339 condigno
390 3259 514 3320 mereri.
556 3259 653 3338 Ergo.
697 3257 748 3338 (S.
770 3258 800 3319 Τ
796 3258 825 3319 lr.
844 3258 862 3322 l.
878 3278 903 3320 c.
920 3279 947 3320 a.
964 3260 1008 3338 6.)

94 3361 151 3441 (B)
179 3361 249 3424 Sed
268 3372 443 3441 passumus
472 3345 590 3423 mereri
619 3361 657 3422 de
685 3380 823 3440 congrua
846 3371 908 3439 pra
937 3360 1014 3421 alita
1045 3381 1151 3422 artinas

54 3465 182 3540 gratias,
193 3464 293 3525 etiam
302 3463 450 3544 pn'ruam
461 3463 609 3542 gratiam
626 3463 783 3524 actualem
793 3483 807 3534 ,·
830 3463 861 3522 in
880 3463 942 3524 hoc
958 3481 1055 3524 sensu
1069 3463 1150 3524 dicit

60 3563 86 3626 S.
100 3567 285 3646 Jacobus²:
308 3565 442 3629 “Orate
462 3586 522 3647 pro
542 3566 739 3627 invicemut
759 3565 931 3626 salvemini
945 3566 969 3627 ''.
1025 3566 1150 3626 Revera

60 3668 104 3744 pie
118 3671 260 3732 creditur
277 3667 308 3732 S.
322 3667 529 3750 Stephanum
551 3668 641 3730 Pauli
660 3669 918 3740 conversionem,
935 3668 967 3730 S.
981 3668 1148 3730 Monicam

61 3767 228 3852 augustini
246 3772 495 3832 conversionem
513 3772 555 3831 de
571 3790 719 3851 congruo
736 3770 902 3831 meruisse.
951 3769 995 3830 Et
1015 3770 1132 3832 merito
1143 3793 1149 3846 ;

59 3889 135 3948 nam,
148 3884 182 3936 ut
198 3874 245 3936 ait
260 3872 294 3935 S.
312 3873 453 3934 Tharrias
468 3873 501 3953 (l.
513 3875 562 3950 c),
575 3879 590 3904 ‘⁶
603 3874 681 3952 quia
697 3873 798 3932 homo
816 3872 847 3932 in
866 3872 971 3952 gratia
988 3873 1149 3935 constitu-

60 3982 104 4036 tus
120 3977 233 4059 implet
255 3977 319 4038 Dei
336 3977 553 4049 voluntatem,
568 3997 745 4054 congruam
767 3985 814 4036 est
832 3977 1014 4038 secundum
1038 3977 1149 4038 amici·

59 4076 106 4138 tire
122 4080 366 4161 proportionem
391 4087 429 4140 ut
453 4077 545 4140 Deus
570 4077 706 4157 impleat
730 4075 874 4138 hominis
890 4078 1098 4139 voluntatem
1117 4079 1147 4138 in

92 4251 98 4274 ¹
113 4253 152 4308 De
164 4255 238 4308 dono
251 4269 359 4323 persev.
375 4270 435 4322 cap.
457 4266 477 4318 5,
492 4270 518 4307 n.
537 4268 576 4306 ro.
594 4282 625 4289 —
640 4251 739 4322 ²Jac.,
756 4253 787 4317 V,
805 4253 843 4304 16.
