2758 4652
396 185 452 234 DE
470 185 789 236 rnnuLuEnTus
1082 181 1143 234 501

44 369 127 431 dens
144 370 223 443 vita,
240 378 272 430 et
288 389 362 449 quae
379 377 559 430 consecuta
576 377 636 442 est,
652 366 874 438 examinetur,
890 373 924 428 et
947 363 993 426 sic
1016 362 1063 426 eis
1086 363 1146 426 cle-

44 473 167 534 mentio
183 473 424 553 unpertiatur't
475 471 559 533 Item
576 468 811 547 Nicoenuml(
799 469 883 547 (.can
906 467 977 546 12):
1010 465 1145 547 “Quot-

44 586 137 655 quot,
154 587 245 638 metu
269 584 303 639 et
326 575 480 656 lacrymis
504 585 605 655 atque
629 575 835 656 poenitentia,
851 572 902 634 vel
927 571 1022 633 bonis
1038 571 1144 650 operi·

41 679 113 752 bus,
132 678 231 740 rebus
260 679 338 758 ipsis
362 678 612 740 conversionem
637 697 741 752 suam,
758 696 824 738 non
849 675 1070 748 simulatione,
1088 674 1144 735 de·

42 791 243 856 monstrant,
259 781 291 842 hi
309 779 483 843 delinitum
508 790 641 860 tempus
665 779 846 842 auditionis
864 776 1048 858 implentes,
1071 788 1143 838 tum

39 885 179 946 demum
204 883 355 946 fidelibus
383 884 415 944 in
442 885 593 946 oratione
620 883 876 945 communicent.
925 879 1142 942 Postmodum

39 1007 120 1048 vero
138 986 249 1050 licebit
266 987 435 1068 Episcopo
451 988 493 1049 de
509 987 560 1049 his
576 986 708 1068 aliquid
718 986 897 1048 leumanius
910 985 1049 1066 cogitare
1061 983 1084 1043 ”.

40 1091 89 1170 (c)
106 1091 163 1151 Ex
176 1093 365 1153 concessione
380 1091 659 1172 indulgentiarum
678 1092 715 1152 iis
732 1090 787 1171 qui
801 1088 1039 1170 Apostolorum
1058 1086 1143 1147 basi·

37 1192 121 1253 licas
141 1193 258 1280 Romae
275 1195 463 1270 visitabant,
479 1205 643 1276 quatenus
663 1194 816 1256 videlicet
833 1194 904 1255 haec
921 1190 1143 1274 peregrinatio

36 1305 171 1374 partem
188 1298 357 1358 canonicae
374 1298 581 1378 poenitentiae
599 1296 794 1359 redimebat.
842 1296 941 1358 Multi
955 1303 1070 1358 tenent
1087 1312 1143 1354 eas

34 1419 54 1457 a
78 1397 236 1478 Gregorio
251 1400 299 1461 M.
320 1397 361 1485 (†
380 1401 459 1480 604)
484 1403 628 1482 primum
653 1420 827 1462 concessas
856 1400 965 1474 luisse,
982 1397 1018 1461 ut
1043 1397 1141 1459 refert

36 1501 75 1562 S.
101 1501 279 1575 Teanense-
314 1505 368 1566 alii
386 1515 498 1568 tamen
517 1513 636 1583 putant
654 1524 709 1565 eas
728 1503 859 1566 nonnisi
876 1512 993 1583 postea
1009 1501 1053 1562 ab
1070 1501 1141 1579 ejus

33 1605 286 1668 successoribus
303 1608 472 1670 institutas
490 1607 605 1677 luisse:
640 1606 801 1686 quidquid
827 1607 878 1678 sit,
896 1605 1061 1668 institutio
1082 1604 1141 1665 hu-

31 1707 184 1786 jusmodi
212 1711 351 1790 antiqua
377 1723 444 1785 est;
476 1713 523 1773 ait
546 1712 634 1772 enim
661 1710 850 1788 Bonifircius
876 1707 971 1783 VIII,
987 1709 1019 1770 in
1046 1705 1141 1768 Bulla

33 1807 211 1873 Sublimi:
234 1817 250 1842 “
261 1811 413 1876 Sollicita
426 1814 644 1875 meditatione
657 1813 853 1874 discutimus
863 1811 1005 1892 qualiter
1019 1810 1052 1871 B.
1061 1809 1141 1872 Gre-

31 1913 152 1993 gorius
169 1914 318 1994 pluribus
336 1916 438 1978 Urbis
456 1915 615 1977 Ecclesiis
632 1915 748 1996 prim0‚
766 1923 863 1995 prout
880 1914 981 1975 tradit
998 1912 1140 1991 antiqui·

31 2027 97 2088 tae,
122 2017 234 2078 etalii
260 2020 475 2099 postmodum
502 2019 541 2080 R.
561 2017 737 2081 Pontifices
761 2018 1020 2098 praedecessores
1037 2014 1140 2077 nostri

30 2119 243 2183 diversorum
256 2131 408 2184 tenorum
420 2123 631 2184 stationarias
645 2122 868 2201 indulgentias
881 2117 1138 2180 concesserunt”.

30 2222 175 2284 Certum
188 2234 239 2285 est
256 2226 386 2304 pariter,
398 2245 470 2286 saec.
490 2224 551 2300 lX,
566 2225 721 2304 Sergium
737 2223 781 2286 II
790 2222 993 2284 concessisse
1006 2219 1139 2282 visitan-

29 2325 125 2386 tibus
144 2323 330 2388 Ecclesiam
353 2327 414 2391 SS.
432 2327 593 2408 Sylvestri
618 2337 651 2388 et
677 2327 823 2400 Martini,
846 2326 878 2387 in
904 2322 1139 2386 festivitatibus

29 2427 181 2507 plurium
206 2427 406 2504 sanctorum,
428 2431 670 2510 indulgentiam
689 2431 788 2491 trium
807 2447 969 2490 annorum
987 2436 1021 2488 et
1038 2426 1138 2488 trium

29 2530 334 2610 quadragenarum.
383 2531 507 2595 lterum
527 2533 558 2592 in
576 2532 836 2594 sacramentario
857 2529 1072 2602 Volicellr'ano,
1085 2547 1139 2589 eo·

27 2633 111 2694 dem
139 2633 263 2694 saeculo
286 2645 434 2708 exarato,
459 2636 584 2697 mentio
609 2634 645 2698 fit
674 2633 892 2714 indulgentiae
918 2632 1138 2713 quorumdam

26 2737 167 2797 dierum
184 2745 217 2797 et
234 2756 402 2800 annorum.
450 2737 532 2801 Saec.
551 2739 613 2814 Xl,
632 2739 697 2800 Leo
713 2738 770 2800 IX
787 2740 825 2799 iis
842 2738 896 2819 qui
914 2746 1139 2800 convenerant

27 2841 72 2900 ad
102 2841 389 2902 consecrationem
415 2842 683 2921 metropolitanae
701 2842 883 2904 Bisuntinae
908 2840 1040 2902 tertiam
1065 2858 1138 2918 par·

27 2951 101 3003 tem
122 2943 331 3021 poenitentiae
349 2963 417 3004 suae
434 2945 645 3005 condonavit.

24 3044 80 3125 (d)
97 3043 157 3105 Ex
174 3047 387 3108 concessione
400 3045 682 3126 indulgentiarum
700 3045 890 3124 Crucrgeris,
901 3044 957 3124 qui
975 3063 1068 3105 arma
1085 3064 1137 3105 su-

24 3158 164 3210 merent
181 3150 338 3212 adversus
358 3148 530 3224 Infideles;
554 3151 601 3210 ita
624 3148 777 3211 Urbanus
792 3148 835 3210 II
848 3149 880 3210 in
898 3147 933 3212 C.
955 3147 1137 3210 Claromon·

22 3251 117 3314 tensi
135 3247 223 3335 (can.
242 3247 278 3335 2)
306 3253 477 3315 decrevit:
513 3251 754 3332 “Quicumque
777 3273 837 3333 pro
857 3251 927 3314 sola
952 3250 1138 3326 devotione,

23 3375 97 3420 non
113 3374 177 3436 pro
189 3354 324 3417 honoris
337 3354 387 3417 vel
400 3355 549 3436 pecuniae
560 3356 740 3436 adeptione
753 3357 794 3418 ad
809 3355 1014 3417 liberandam
1024 3353 1138 3415 Eccle-

23 3459 117 3520 siam
134 3456 198 3516 Dei
212 3456 395 3536 Jerusalem
414 3453 582 3537 proiectus
599 3457 706 3532 luerit,
720 3460 782 3520 iter
798 3459 877 3521 illud
891 3478 950 3539 pro
960 3457 1050 3519 omni
1068 3476 1137 3536 poe·

23 3560 176 3624 nitentia
200 3559 229 3620 ei
253 3569 423 3640 reputetur
434 3561 457 3622 ''.
508 3561 721 3640 Indulgentia
744 3561 934 3641 hujusmodi
952 3559 1013 3622 suit
1036 3560 1136 3621 etiam

22 3680 192 3724 concessa
217 3661 256 3722 iis
280 3662 335 3741 qui
360 3662 518 3724 adversus
541 3663 714 3726 haereticos
742 3676 937 3746 pugnarent,
954 3663 1136 3744 praesertim

24 3764 248 3842 Albigenses.
295 3763 369 3843 Jam
387 3785 458 3826 saec.
477 3765 578 3840 Xlll,
595 3765 629 3828 C.
643 3766 861 3830 Lateronense
879 3767 929 3830 IV
949 3763 1066 3852 (1215)
1079 3768 1136 3830 de·

22 3867 137 3930 crevit
154 3884 196 3926 ne
216 3867 355 3928 nimium
374 3866 590 3947 indulgentiae
603 3869 872 3944 extenderentur,
885 3870 998 3950 sicque
1014 3871 1136 3932 abusus

22 3978 306 4054 praecaverentur.

26 4071 90 4160 (e)
114 4071 168 4134 Ea·
190 4073 393 4135 institutione
406 4073 542 4152 jubilaei.
593 4076 692 4136 lnitio
718 4076 829 4138 saeculi
855 4077 940 4140 XIV
961 4077 1133 4158 jubilaeum

66 4293 72 4314 ¹
89 4285 123 4338 ln
140 4285 180 4336 IV
193 4284 257 4338 dist.
272 4301 314 4354 πο,
327 4303 353 4355 q.
374 4301 395 4348 1,
409 4303 433 4339 a.
449 4302 471 4352 3.
483 4287 532 4339 sol.
545 4303 568 4340 2.

123 4405 248 4450 Svuorsrs
262 4405 306 4451 111.
320 4430 347 4438 -
361 4405 389 4463 3⁶
