2770 4652
240 178 310 228 ⁴78
627 174 959 226 PROLEGOMENA.

239 356 386 421 declarat
404 357 438 419 S.
462 357 600 419 Thomas
615 358 626 436 Ι
631 373 659 436 3,
674 378 704 439 q.
722 359 772 436 85,
788 375 815 420 a.
834 359 866 438 3)
880 380 887 420 :
911 363 927 390 ‘⁴
942 357 969 419 S
972 356 1143 436 impliciter
1145 357 1271 437 J'ustmn
1286 365 1332 417 est

241 460 325 524 inter
352 459 506 542 aquales,
531 461 684 542 eoquod
710 460 840 542 justitia
871 469 921 522 est
951 459 1125 540 aequaiitas
1152 459 1332 539 quadam...

233 562 370 645 Justum
394 573 503 626 autem
525 564 697 625 secundum
721 565 806 644 quid
825 565 946 627 dicitur
969 564 1058 645 quod
1084 573 1136 626 est
1163 562 1332 625 interillos

240 685 379 746 quorum
398 685 481 727 unus
497 675 547 727 est
563 664 625 728 sub
641 675 807 746 potestate
823 665 966 739 alterius,
978 668 1064 728 sicut
1079 685 1192 728 servus
1207 664 1265 728 sub
1279 667 1332 727 do-

240 769 340 843 mino,
356 767 442 830 filius
458 767 521 830 sub
536 775 639 848 patre,
655 787 741 830 uxor
756 768 819 832 sub
835 769 912 831 vir0.
953 769 998 831 Et
1013 769 1080 830 tale
1092 768 1220 849 justum
1235 767 1332 829 consi·

239 872 373 932 deratur
390 871 421 931 in
439 869 644 950 poenitentia.
694 869 793 932 Unde
816 872 982 952 poenitens
1006 872 1142 934 recurrit
1164 872 1207 934 ad
1231 871 1330 934 Deum

239 993 314 1035 eum
332 972 576 1035 emendationis
592 973 773 1052 proposit0,
789 973 874 1037 sicut
897 995 1009 1036 servus
1032 975 1074 1036 ad
1098 973 1274 1046 dominum,
1289 993 1330 1034 se-

239 1075 384 1138 cundum
398 1075 478 1138 illud
494 1087 524 1137 ¹:
548 1075 671 1140 “Sicut
687 1077 773 1138 oculi
790 1096 959 1139 servorum
976 1077 1008 1138 in
1026 1075 1181 1138 manibus
1192 1074 1330 1137 domino

240 1199 310 1240 rum
328 1198 472 1253 suorum,
490 1179 535 1239 ita
558 1176 643 1239 oculi
668 1178 775 1240 nostri
794 1179 836 1240 ad
854 1178 1037 1240 Dominum
1056 1177 1167 1240 Deum
1185 1185 1330 1250 nostrum,

239 1283 345 1344 donec
362 1281 555 1343 misereatur
572 1279 676 1341 nostri
690 1279 705 1305 '³
722 1304 729 1359 ;
752 1291 785 1342 et
809 1283 894 1344 sicut
914 1281 999 1344 filius
1015 1281 1055 1343 ad
1074 1289 1215 1362 patrem,
1229 1299 1329 1340 secun-

239 1384 319 1447 dum
344 1383 468 1446 illud2:
492 1389 508 1415 ‘⁴
522 1383 626 1458 Pater,
649 1384 784 1463 peccavi
808 1384 840 1445 in
865 1385 991 1447 coelum·
1012 1393 1056 1445 et¹
1070 1402 1182 1445 coram
1207 1383 1280 1457 te’';
1302 1393 1330 1442 et

239 1489 320 1550 sicut
337 1507 423 1550 uxor
439 1487 480 1548 ad
496 1485 613 1562 virum,
629 1486 811 1549 secundum
833 1487 959 1551 illuds:
982 1492 998 1518 ‘⁴
1014 1485 1192 1548 Fornicata
1210 1505 1244 1547 es
1263 1503 1328 1546 curn

239 1589 444 1652 amatoribus
471 1588 605 1663 multis;
635 1597 747 1652 tamen
774 1599 937 1652 revertere
961 1590 1002 1652 ad
1031 1609 1094 1664 me,
1118 1590 1201 1651 dicit
1227 1587 1330 1650 Domi·

240 1711 301 1756 nus
314 1693 337 1754 ''.

250 1808 253 1814 ’
281 1806 310 1873 5.
359 1790 423 1879 (C)
442 1794 543 1856 Falsa
558 1795 818 1858 Protestontr'um
836 1795 929 1857 notro.
968 1793 1143 1865 Lutlccrus,
1154 1811 1251 1870 quern
1263 1792 1331 1852 Pro·

241 1907 402 1962 testantes
419 1897 602 1979 generatim
620 1909 812 1978 sequuntur,
828 1897 1000 1960 contendit
1020 1897 1248 1977 poenitentiam
1262 1914 1329 1956 con·

239 2001 354 2064 sistere
371 2002 402 2062 in
420 1999 636 2080 resipiscentia
659 2021 715 2062 seu
741 2021 835 2064 novae
857 2001 934 2062 vitae
956 1999 1174 2073 institutione,
1190 2001 1259 2060 sine
1272 1997 1330 2059 ullo

241 2103 365 2186 peccati
397 2113 495 2164 antea
526 2102 693 2163 commissi
725 2101 841 2164 dolore
868 2113 901 2164 et
928 2101 1160 2164 detestatione.
1207 2101 1330 2162 Fatetur

239 2205 393 2288 equidem
410 2205 644 2267 contritionem
661 2204 843 2284 quamdam
861 2223 934 2265 esse
945 2203 987 2265 ad
997 2201 1266 2283 justificationem
1282 2220 1328 2262 ne·

239 2308 424 2380 cessariam,
433 2307 491 2370 sed
505 2307 660 2370 contritio
673 2307 738 2382 ilia,
750 2307 873 2368 nedum
890 2306 933 2368 sit
949 2306 1075 2386 peccati
1092 2304 1276 2376 detestatio
1286 2309 1329 2362 est

241 2413 373 2476 terroris
396 2412 531 2492 quidam
556 2431 672 2473 sensus
689 2411 853 2493 peccatori
872 2410 1031 2482 incussus
1045 2419 1079 2471 et
1095 2409 1138 2470 ab
1154 2429 1195 2471 eo
1213 2407 1328 2490 passive

239 2523 423 2595 susceptus,
439 2533 505 2593 quo
529 2513 570 2574 ad
596 2513 694 2576 fidem
720 2513 753 2574 in
778 2511 945 2576 Christum
965 2512 1152 2574 excitetur:
1176 2511 1327 2576 “Constat

240 2625 352 2680 autem
373 2615 571 2696 poenitentia
590 2617 722 2698 proprie
745 2615 795 2677 his
817 2613 946 2677 duabus
967 2614 1140 2695 partibus:
1166 2613 1267 2676 altera
1286 2619 1327 2674 est

240 2719 395 2783 contritio
418 2739 474 2780 seu
499 2727 638 2781 terrores
662 2719 782 2782 incussi
810 2717 1022 2780 conscientiae
1046 2717 1163 2797 agnito
1186 2724 1326 2798 peecato;

241 2823 345 2886 altera
360 2831 410 2884 est
427 2820 517 2897 fides,
532 2841 608 2902 quae
627 2820 812 2902 concipitur
827 2840 870 2881 ex
888 2819 1073 2900 Evangelio
1088 2838 1145 2881 seu
1164 2815 1326 2881 absolutio·

242 2946 291 2999 ne,
304 2935 337 2987 et
353 2924 457 2987 credit
473 2934 608 3006 propter
625 2924 793 2988 Christum
810 2923 933 2985 remitti
951 2930 1097 3003 peccata,
1109 2930 1143 2983 et
1155 2919 1328 2983 consolatur

241 3028 488 3102 conscientiam,
503 3038 536 3090 et
559 3049 602 3090 ex
627 3027 805 3090 terroribus
829 3026 946 3088 liberat
958 3025 974 3050 ’'
984 3037 1006 3086 ⁴.
1053 3023 1179 3087 Contra
1200 3042 1278 3104 quos
1294 3020 1327 3080 sit

241 3151 382 3212 sequens
399 3131 602 3211 propositio:

285 3230 314 3298 ό.
360 3232 558 3294 Pestilentia
573 3254 651 3294 rura
666 3243 697 3294 et
710 3231 869 3294 soluturis
891 3252 953 3292 non
971 3229 1074 3292 solum
1090 3239 1137 3290 est
1144 3225 1327 3309 propositum
1376 3303 1377 3308 η

242 3357 332 3400 norm
355 3337 439 3410 vr'toe,
465 3339 523 3398 sed
546 3336 644 3398 etium
668 3345 869 3416 peccatorum
900 3332 1141 3394 corrrmr‘ssorum
1172 3326 1327 3394 detestatio.
1376 3323 1377 3376 Ι

242 3441 378 3505 Certum
394 3448 453 3502 est.

242 3544 292 3626 (a)
309 3543 480 3625 Quidquid
498 3541 586 3604 enim
604 3540 734 3602 dicatur
749 3541 791 3601 de
808 3559 904 3601 sensu
922 3536 1148 3618 etymologico
1168 3531 1325 3597 vocabulo·

243 3669 314 3710 rurn
331 3646 531 3729 poentientia,
547 3643 597 3706 vel
622 3643 763 3726 peri-sors
775 3653 796 3717 5,
812 3652 936 3704 certum
962 3650 1013 3702 est
1035 3661 1095 3702 usu
1117 3639 1228 3702 biblico
1247 3655 1326 3700 uoca-
1376 3705 1377 3712 ¹

1134 3745 1137 3750 ·
1376 3727 1377 3768 r

241 3805 245 3812 ι
276 3841 285 3872 ¹
300 3845 345 3898 ΡΙ.
362 3845 483 3911 ΕΧΧΙΙ,
498 3862 522 3898 2.
539 3875 572 3882 -
585 3842 595 3872 ²
608 3843 673 3895 Luc.
691 3843 754 3905 XV,
770 3859 810 3894 21.
826 3873 859 3880 -
872 3854 882 3884 ³
888 3842 993 3908 serem.
1012 3841 1066 3902 ΙΙΙ,
1086 3857 1108 3892 1.

276 3931 287 3960 ⁴
298 3933 340 3985 lta
350 3932 522 3999 Augustam
537 3928 678 3996 Confessio
693 3930 793 3997 (1530),
803 3945 828 3980 a.
845 3943 883 3992 12,
893 3927 967 3997 apud
979 3925 1083 3994 Sciraffi
1094 3925 1209 3991 Creeds,
1221 3925 1270 3978 voi.
1282 3920 1320 3982 ΙΙΙ,
1376 3919 1377 3924 ’

243 4033 269 4086 p.
287 4032 324 4080 14.
364 4017 405 4070 ΕΙ.
422 4017 556 4082 Modlrer,
572 4015 751 4082 Symbolum,
766 4013 780 4082 ἕ
795 4028 886 4082 32-33.

416 4098 505 4151 rivom
519 4101 606 4168 (μετα,
621 4111 707 4166 trans,
719 4117 784 4166 νοια,
798 4101 890 4168 mens)
910 4099 1095 4168 etymologice
1115 4097 1191 4152 idem
1210 4107 1284 4151 sonat
1298 4107 1323 4144 ac

432 4187 467 4254 io,
481 4204 528 4240 seu
549 4189 650 4241 mentis
664 4187 789 4254 mutatio,
808 4188 856 4242 sed
871 4205 903 4240 ex
917 4203 968 4240 usu
982 4184 1112 4256 loquendi
1126 4185 1203 4254 apud
1216 4181 1325 4238 auderes

456 4289 480 4324 ur
491 4273 630 4341 profanos,
641 4273 781 4327 tristitiam
792 4283 819 4327 et
830 4273 955 4327 dolorem
965 4273 1000 4326 de
1015 4271 1155 4341 praeterito
1165 4270 1250 4326 etiam
1260 4264 1326 4335 signi·
