2752 4648
231 171 317 258 ¹:loo
555 175 559 186 ’
699 181 841 232 canor
858 179 898 229 11.

1189 293 1327 302 -n—

237 346 361 438 aliouo
377 348 474 421 sen'su
491 357 600 420 vocari
617 367 727 440 potest
738 357 917 439 corporalis,
928 357 1007 438 quia
1020 356 1203 420 Dominum
1215 353 1329 434 suseipi-

250 481 323 522 mus
337 451 406 522 non
423 461 455 523 in
473 459 587 542 ligura,
602 461 660 524 sed
676 481 752 524 vere
766 456 802 524 'et
818 461 948 524 realiter
963 480 1021 541 per
1036 480 1073 522 os
1089 478 1283 541 corporeum,
1294 456 1329 518 ita

249 573 286 627 ut
302 582 421 645 corpus
437 573 587 627 nostrum
603 556 731 644 corpori
749 563 820 645 ejus
836 557 969 626 uniatur
990 562 1212 625 mediantibus
1227 560 1328 642 specie·

237 666 331 742 'bus;
352 676 403 728 est
422 667 522 729 etiam
543 666 727 748 spiritualis
747 677 781 730 et
801 659 941 748 r'nystr'ce'r,
956 665 1043 746 quia,
1059 674 1234 746 postquam
1254 662 1328 726 Chri·

248 779 318 831 stus
335 789 354 831 a
371 768 466 832 nobis
482 790 540 851 per
555 770 692 833 modum
709 769 775 832 eibi
791 780 945 852 sumptus
961 778 1021 845 est,
1036 770 1148 851 anima
1170 767 1238 848 ejus
1252 763 1326 847 spiri-

234 871 381 934 tualiter
404 873 524 936 animae
549 882 671 936 nostrae
694 873 915 954 conjungitur,
934 882 967 935 et
988 873 1104 952 gratiae
1128 891 1167 933 ac
1190 872 1326 933 virtutum

248 993 380 1038 suarum
397 995 458 1038 nos
473 975 689 1057 aliquomodo
705 977 881 1058 participes
902 974 1011 1051 efficit,
1027 975 1073 1038 ita
1092 984 1129 1038 ut
1150 993 1224 1037 cum
1241 971 1328 1035 Paulo

247 1076 444 1142 fiducialiter
466 1079 574 1140 dicere
598 1080 782 1160 possimus:
807 1079 923 1142 “Vivo
945 1087 1072 1154 autem,
1091 1078 1247 1158 jamnon
1270 1094 1328 1155 ego.

246 1165 326 1244 viuit
342 1201 419 1244 vero
441 1181 472 1243 in
496 1201 548 1243 me
565 1169 715 1246 Christus
726 1183 741 1208 ”
753 1195 773 1244 1.
820 1182 905 1263 Quae
926 1191 1038 1244 tamen
1059 1179 1139 1241 unio
1158 1197 1253 1257 neque
1270 1174 1327 1237 sui·

244 1283 412 1345 stantialis
437 1304 545 1365 neque
570 1285 767 1364 hypostatica
792 1285 901 1347 vocari
929 1293 1048 1365 potest,
1069 1301 1172 1364 quum
1200 1289 1326 1342 nostram

246 1371 516 1467 personalitatem
535 1391 741 1450 retineamus
870 1379 873 1384 ¹
914 1379 917 1386 ⁴

286 1519 356 1584 106.
402 1535 433 1578 2⁸
457 1522 555 1578 Tlaesis
569 1545 580 1578 .·
609 1520 837 1585 Eucharistia
865 1519 1003 1584 confert
1030 1519 1140 1583 etiam
1166 1535 1214 1580 ex
1237 1531 1328 1594 opere

244 1620 394 1694 operato
414 1616 571 1696 gratiam
596 1618 777 1682 actualem
800 1617 1001 1682 devotionis
1023 1622 1060 1681 et
1082 1615 1240 1693 fervoris,
1260 1628 1327 1676 curn

244 1712 391 1791 speciali
406 1713 555 1791 spiritus
569 1713 750 1779 suavitate
764 1731 807 1778 ac
824 1713 1022 1778 dulcedine.
1070 1713 1200 1778 Certum
1215 1723 1264 1775 est.

232 1817 234 1822 ’
287 1815 345 1900 (A)
364 1817 480 1899 Script.
520 1818 575 1881 Ex
600 1817 706 1894 dietis,
724 1807 933 1882 Eucharistia
957 1819 1109 1880 instituta
1125 1816 1186 1880 suit
1202 1835 1258 1897 per
1272 1831 1327 1874 mo·

242 1920 323 1982 dum
341 1921 425 1983 cibi:
450 1920 566 1984 “Caro
583 1941 657 1983 mea
675 1941 748 1982 vere
765 1930 814 1983 est
831 1922 923 1984 cibus
936 1923 952 1948 ''
968 1943 975 1997 ;
992 1921 1083 2002 atqui
1096 1921 1138 1983 de
1152 1922 1264 1981 natura
1276 1914 1328 1977 cibi

244 2034 294 2087 est
310 2036 347 2088 ut
364 2045 429 2088 non
447 2026 553 2100 solum
572 2025 679 2100 robur,
695 2025 753 2088 sed
770 2026 871 2088 etiam
889 2024 1150 2087 delediorrrentum
1174 2019 1328 2089 conserat;

242 2147 323 2208 ergo
340 2128 548 2190 Eucharistia
565 2148 607 2190 ex
624 2148 661 2189 se
676 2127 784 2191 tendit
800 2127 843 2189 ad
860 2127 983 2189 similes
999 2124 1136 2210 eiledtus
1160 2125 1327 2212 producen-

241 2231 304 2292 dos
315 2231 346 2292 in
360 2232 479 2295 anima.
527 2231 667 2312 Insuper
679 2251 768 2311 saepe
780 2231 902 2312 saepius
914 2229 1123 2292 Eucharistia
1133 2235 1327 2309 comparatur

242 2354 376 2411 nrannoe,
388 2354 462 2414 quae
474 2333 600 2414 Judaeis
613 2353 714 2395 causa
726 2333 786 2395 suit
799 2343 869 2396 tum
885 2333 1007 2396 roboris
1020 2342 1091 2394 tum
1103 2327 1326 2394 deleftationis.

287 2435 346 2515 (Β)
375 2435 473 2499 Trad.
496 2437 595 2500 Cone.
622 2437 796 2500 Viennensi
817 2436 879 2497 hoc
904 2446 1017 2517 aperte
1039 2437 1164 2498 docet:
1187 2440 1202 2464 “
1217 2433 1251 2494 ln
1274 2431 1326 2492 hoc

241 2551 449 2603 sacramento
465 2540 605 2602 habetur
621 2559 720 2602 omne
740 2538 1023 2604 delectamentum
1041 2549 1075 2601 et
1090 2539 1199 2601 omnis
1215 2533 1325 2617 saporis

240 2643 395 2717 suavitas
422 2644 559 2724 ipsaque
584 2642 727 2705 dulcedo
756 2644 892 2705 Domini
924 2645 1122 2724 degustatur
1134 2641 1157 2703 ’'.
1211 2639 1324 2702 Eodem

240 2764 337 2806 sensu
371 2746 460 2807 canit
493 2746 666 2807 Ecclesia:
698 2746 852 2808 “Panem
884 2746 926 2808 de
957 2745 1041 2808 coelo
1072 2743 1252 2826 praestitisti
1279 2741 1325 2809 eis

238 2868 338 2909 omne
354 2847 634 2912 deledlamentum
652 2849 682 2909 in
701 2869 735 2910 se
752 2848 930 2911 habentem
945 2849 981 2924 ’';
1003 2847 1077 2910 talis
1093 2847 1182 2910 enim
1195 2845 1325 2908 suavitas

238 2962 271 3013 et
294 2949 471 3014 deledlatio
496 2951 575 3013 nihil
601 2953 689 3014 aliud
713 2961 790 3013 sunt
814 2952 876 3013 nisi
900 2953 1016 3032 gratiae
1038 2949 1176 3014 adiualis
1193 2945 1323 3014 effedtus

238 3058 304 3134 qual
321 3055 427 3117 lervor
442 3066 475 3117 et
491 3056 626 3118 devotio
642 3055 831 3118 excitantur
848 3056 879 3117 in
897 3056 1029 3131 anima;
1054 3074 1141 3134 ergo.

283 3155 338 3237 (C)
361 3157 436 3218 Καί.
464 3158 494 3218 T
491 3158 565 3220 lteol.
592 3159 689 3220 Panis
717 3159 960 3222 communionis
983 3178 1049 3219 non
1074 3158 1217 3239 simplex
1240 3153 1322 3236 panis
1365 3229 1366 3256 1

236 3269 295 3333 est,
326 3259 383 3321 sed
416 3261 528 3322 unitus
559 3261 733 3324 divinitati.
781 3263 891 3335 Porro,
922 3262 1006 3322 sicut
1041 3260 1217 3342 Gregorius
1244 3255 1321 3324 dicit,

235 3360 360 3439 (homil.
380 3363 510 3426 Pentec.
530 3381 569 3441 30
593 3364 624 3424 in
651 3364 799 3444 Evang.)‚
821 3383 914 3425 amor
939 3363 1001 3424 Dei
1026 3382 1092 3424 non
1117 3371 1168 3425 est
1189 3361 1320 3430 otiosus;

236 3484 358 3546 magna
378 3467 466 3528 enim
490 3477 654 3547 operatur,
670 3468 696 3528 si
718 3478 776 3530 est.
824 3469 914 3547 Ergo
930 3486 988 3547 per
1003 3466 1066 3528 hoc
1083 3473 1319 3527 sacramentum.

234 3578 395 3647 quantum
420 3580 536 3631 estex
560 3570 609 3632 sui
634 3569 762 3644 virtute,
785 3589 851 3630 non
875 3570 982 3631 solum
1007 3568 1140 3631 habitus
1163 3567 1270 3648 gratiae
1291 3570 1318 3620 et

233 3671 364 3733 virtutis
377 3672 551 3746 confertur,
563 3673 619 3734 sed
634 3673 733 3734 etiam
748 3673 914 3735 excitatur
927 3672 959 3733 in
973 3669 1093 3747 adium,
1103 3670 1202 3751 juxta
1212 3666 1283 3730 illud
1293 3675 1315 3722 ²:
1365 3715 1366 3776 1

236 3774 367 3837 Caritas
394 3773 520 3838 Christi
540 3786 633 3855 urget
653 3796 730 3846 νιος,Ι
756 3775 970 3856 spiritualiter
993 3772 1136 3837 reficitur
1158 3773 1268 3836 anima,
1287 3773 1314 3824 et

233 3877 408 3939 dulcedine
424 3878 579 3940 bonitatis
596 3878 717 3940 divinae
735 3878 920 3941 inebriatur.
1365 3867 1366 3954 l

276 4013 342 4080 107.
394 4002 612 4064 Corollrrrr'rrrrr.
661 3998 725 4086 (A)
745 4003 837 4064 Talis
853 3999 1000 4076 effedtuS,
1018 4001 1093 4063 licet
1110 4021 1154 4062 ex
1170 4007 1255 4081 parte
1270 4011 1311 4053 sa·
1365 3957 1366 4028 l

231 4104 386 4164 eramenti
404 4105 446 4164 sit
463 4103 652 4178 infallibilis,
665 4115 714 4166 est
728 4105 939 4166 secundarius
952 4114 986 4166 et
999 4103 1179 4185 aliquando
1192 4094 1309 4180 impedi·

229 4225 306 4232 ’.-

265 4271 786 4338 ¹mmmmstnmum

1365 4459 1366 4500 l

574 4520 619 4562 ’Κ
