2794 4662
257 194 324 246 652
624 194 681 245 DE
699 194 994 246 Mantuanorum

256 382 344 461 quod
363 379 467 442 civilis
483 375 693 443 auctoritatis
707 391 907 463 potestatem
925 382 1140 455 transcendit,
1155 380 1285 463 solique
1297 381 1346 443 Ec-

256 485 365 547 clesiae
388 483 546 566 potestati
570 486 730 567 subjacet.
777 487 848 550 Nec
864 487 978 549 dicant
994 484 1174 549 adversarii
1194 485 1347 548 matrimo-

256 589 347 651 nium
364 608 436 651 esse
451 587 660 653 contractum
678 592 871 665 naturalem,
888 601 920 653 et
937 595 1003 672 qua
1020 590 1124 664 talemv
1139 589 1232 652 civili
1249 587 1346 651 aucto

256 695 344 756 ritati
362 693 559 772 obnoxium,
584 695 735 759 Christus
750 695 849 772 enim,
860 695 947 757 hunc
963 691 1174 757 contractum
1194 692 1237 756 ad
1254 694 1347 773 digni·

256 808 359 861 tatem
377 791 574 862 sacramenti
591 798 762 874 elevando,
779 817 854 860 eum
877 816 1006 882 sacrum
1031 797 1177 860 reddidit
1195 807 1231 860 et
1247 797 1288 858 ab
1302 818 1348 858 au·

255 901 409 967 &oritate
426 902 512 966 civili
529 903 709 978 subtraxit,
726 903 851 984 quippe
866 921 942 983 quae
958 901 1043 963 circa
1067 920 1117 962 res
1142 921 1257 962 sacras
1280 900 1348 960 nihil

256 1007 343 1070 valet
362 1029 369 1072 :
392 1009 519 1090 “igitur
534 1026 610 1070 cum
628 1007 877 1070 matrimonium
894 1006 937 1068 sit
953 1009 1012 1066 sua
1029 1005 1069 1078 vi,
1081 1009 1141 1066 sua
1159 1010 1289 1076 natural,
1300 1010 1348 1064 sual

254 1121 375 1193 sponte
391 1131 529 1186 sacrum,
546 1119 806 1172 consentaneum
824 1119 883 1184 est,
896 1119 933 1172 ut
949 1118 1082 1190 regatur
1098 1129 1137 1170 ac
1155 1119 1350 1190 temperetur

255 1235 320 1277 non
335 1215 520 1296 principum
538 1215 685 1296 imperi0,
695 1216 753 1276 sed
767 1214 878 1276 divina
891 1209 1087 1274 auctoritate
1103 1211 1349 1293 Ecclesiae,qua²

255 1339 362 1382 rerum
380 1339 546 1381 sacrarum
564 1318 633 1380 sola
651 1317 749 1380 habet
767 1317 993 1398 magisterium
1006 1317 1021 1342 '’
1037 1316 1114 1396 (Leo
1130 1315 1241 1390 XIII,
1256 1317 1272 1377 l.
1286 1324 1322 1390 c]

290 1451 397 1523 Neque
410 1450 501 1523 objici
519 1451 595 1508 valet
609 1450 771 1508 Ecclesiam
793 1450 865 1507 nihil
885 1449 1040 1507 immutare
1060 1467 1149 1521 posse
1167 1450 1249 1507 circa
1268 1469 1350 1506 sacra-

255 1535 419 1596 mentorum
437 1539 641 1608 substantiam,
659 1556 714 1596 nec
733 1539 858 1610 proinde
879 1537 1091 1610 impedimenta
1111 1555 1277 1609 apponere,
1293 1558 1351 1610 qna
1385 1579 1386 1602 ,

254 1637 471 1684 sacramentum
489 1625 651 1684 invalidum
665 1625 801 1683 efficiant.
842 1626 976 1682 Ecclesia
994 1624 1142 1697 siquidem
1164 1626 1238 1682 nihil
1259 1639 1349 1698 potest
1385 1627 1386 1712 l

254 1713 331 1770 circa
350 1714 437 1770 ritum
457 1713 699 1770 sacramentalem
712 1712 883 1784 formaliter
900 1723 1062 1785 sumptum,
1085 1723 1174 1783 prout
1195 1731 1214 1794 a
1236 1713 1349 1772 Christo
1385 1755 1386 1770 r

254 1799 308 1858 suit
329 1800 562 1870 determinatus,
589 1799 642 1857 sed
665 1799 757 1856 multa
779 1809 883 1872 potest·
898 1800 975 1858 circa
998 1800 1084 1856 ritum
1108 1803 1347 1860 sacramentalem

254 1888 445 1945 nraierialitcr
465 1897 627 1959 sumptum,
653 1898 799 1958 quatenus
825 1887 878 1944 suit
903 1905 921 1943 a
945 1887 1065 1946 Christo
1091 1887 1237 1946 Ecclesiae
1262 1890 1347 1948 deter-

254 1973 408 2032 minationi
431 1974 557 2032 relictus.
605 1975 696 2031 Porro
719 1973 867 2044 Christus,
895 1974 1139 2032 matrimonialem
1167 1977 1345 2033 contraitum

252 2063 291 2121 ad
311 2063 486 2133 dignitatem
506 2062 679 2118 sacramenti
700 2061 864 2132 evehend0,
886 2079 945 2119 non
965 2063 1005 2120 ita
1023 2062 1233 2121 determinavit
1252 2065 1344 2121 condi-

253 2149 349 2208 tiones
373 2151 411 2209 ad
437 2152 501 2222 ejus
523 2150 704 2208 validitatem
731 2151 919 2222 necessarias,
945 2160 976 2208 ut
1002 2150 1099 2208 nullus
1125 2163 1246 2210 maneat
1271 2153 1344 2208 locus

252 2239 387 2311 ampliori
407 2239 645 2298 determinationi
667 2255 719 2310 per
737 2237 817 2308 leges
836 2231 1058 2295 ecclesiasticas.
1109 2237 1245 2296 Ecclesia
1267 2240 1344 2310 igitur

253 2326 305 2384 has
324 2326 514 2384 conditiones
533 2326 729 2385 determinare
749 2336 855 2396 potest,
869 2325 908 2382 ad
927 2325 1166 2397 promovendum
1186 2326 1341 2384 christiana

252 2414 423 2485 reipublicae
442 2413 569 2484 bonum,
591 2431 688 2484 neque
708 2413 738 2468 in
757 2411 815 2469 hoc
834 2412 1028 2471 substantiam
1050 2413 1228 2470 sacramenti
1247 2425 1337 2478 mutat¹

251 2502 304 2559 sed
323 2501 354 2559 id
373 2501 469 2559 solum
489 2501 558 2558 iacit
571 2511 603 2558 ut
616 2499 786 2559 contractus
800 2501 961 2571 religiosus
977 2501 1029 2573 qui
1048 2501 1119 2558 alias
1139 2501 1241 2559 fuisset
1260 2501 1339 2572 legiti·

252 2587 326 2658 inus,
344 2605 404 2645 non
418 2587 454 2646 sit
466 2588 594 2659 amplius
608 2587 731 2658 validus,
745 2606 800 2647 nec
820 2588 946 2661 proinde
960 2589 1081 2647 materia
1095 2589 1244 2647 sufficiens
1257 2608 1338 2646 sacn-

252 2676 344 2735 menti
359 2675 550 2736 Matrimonii.

291 2797 339 2879 36.
387 2801 484 2858 Thesis
498 2809 534 2857 2⁶
549 2825 559 2858 .·
589 2797 761 2863 Potestas
782 2799 895 2864 civilis
917 2771 988 2863 non
1012 2805 1133 2877 potest
1155 2799 1259 2879 leges
1279 2805 1338 2863 sta·

251 2902 353 2962 tuere
374 2897 421 2961 ad
445 2895 661 2961 matrimonii
682 2896 863 2960 vinculum
886 2895 1129 2974 respicientes,
1146 2898 1211 2960 sed
1234 2897 1338 2962 solun

251 2997 344 3059 circa
377 2994 528 3059 effectus
561 2995 780 3072 temporales
812 3004 848 3056 et
882 2993 1102 3071 separabiles
1131 3001 1338 3057 contractus.

253 3094 382 3159 Certum
398 3103 451 3156 est.
499 3093 553 3155 Ad
571 3094 661 3174 quod
686 3093 949 3174 intelligendum,
966 3104 1082 3156 notare
1101 3093 1197 3172 juvat
1214 3091 1339 3155 elicitus

252 3198 453 3261 matrimonii
477 3198 677 3279 temporales
694 3196 834 3277 duplicis
851 3217 922 3258 csse
946 3198 1089 3278 generiS,
1105 3195 1188 3258 alios
1212 3197 1255 3258 ab
1279 3197 1340 3276 ipsn

251 3297 421 3367 contractu
440 3299 684 3381 inseparabiles,
696 3319 722 3360 v.
733 3320 763 3380 g.
776 3308 891 3360 mutua
905 3299 979 3380 jura
995 3310 1028 3362 et
1045 3299 1152 3361 officia
1169 3300 1338 3380 conjugum
1385 3377 1386 3391 χ

251 3406 359 3486 quoad
387 3415 496 3467 torum
519 3413 552 3465 et
577 3402 829 3477 habitationem,
850 3403 950 3484 prolis
974 3404 1238 3485 legitimitatem;
1269 3403 1340 3466 alios

251 3519 361 3572 autern
376 3508 419 3570 ab
436 3509 506 3589 ipsa
523 3507 709 3569 substantia
723 3503 911 3568 contractus
924 3505 1133 3587 separabiles,
1143 3527 1171 3568 v.
1184 3527 1213 3588 g.
1226 3507 1339 3569 dotem,

250 3614 447 3675 donationes
466 3621 600 3692 propter
618 3611 758 3691 nuptias,
772 3609 1014 3672 haereditariam
1032 3610 1275 3671 successionem
1288 3617 1338 3668 etc.
1385 3665 1386 3718 p

293 3726 341 3793 37.
391 3713 456 3800 (A)
482 3715 585 3776 Prius
609 3715 766 3795 probatur
789 3715 839 3792 (a)
869 3713 1016 3775 Ecclesice
1033 3713 1161 3791 prnrr',·
1200 3711 1339 3773 Ecclesia
1385 3729 1386 3732 ¹

251 3820 337 3879 enim
358 3838 526 3900 nunquam
545 3817 628 3879 hanc
646 3827 846 3897 potestatem
866 3817 896 3876 in
916 3814 1119 3896 principibus
1132 3813 1338 3894 agnovit,sed

251 3933 400 3983 econtra
418 3921 541 3982 nullam
560 3921 625 3981 vim
650 3920 769 3981 habere
787 3921 914 3980 censuit
937 3918 1026 3999 leges
1044 3918 1156 3980 civiles
1172 3918 1260 3980 circa
1281 3935 1338 3979 rna·

252 4023 396 4083 trimonii
415 4023 581 4084 vinculum
597 4043 603 4096 ;
633 4023 678 4083 ita
698 4021 873 4102 Gregorius
890 4021 937 4082 Μ.
956 4019 1111 4101 conjugia
1135 4023 1335 4083 consobrino-

253 4142 323 4182 rum
342 4143 360 4182 a
377 4123 578 4201 principibus
603 4125 762 4204 permissa
779 4124 967 4204 reprobavit
982 4146 988 4199 ;
1017 4123 1209 4188 Beuedr'iius
1225 4124 1262 4186 X
1262 4123 1279 4186 I
1288 4121 1315 4184 V
1321 4131 1336 4186 ¹.

289 4326 295 4348 ¹
311 4311 374 4363 Litt.
391 4313 488 4379 piebr.
506 4327 571 4380 1749
584 4316 621 4367 ad
636 4317 718 4368 Card.
733 4318 949 4372 Eboracensem.
