2738 4646
262 174 326 234 ‘ate
440 175 442 178 ’
511 181 512 184 ’
724 185 863 235 enpur
881 182 953 232 1.‘

268 365 381 426 omnia
403 364 514 445 potius
537 364 712 427 litteralem
736 385 869 427 sensum
893 365 1043 446 exigunt,
1067 363 1135 426 sive
1159 369 1263 434 textus,
1282 356 1333 418 site

268 477 436 541 contextus,
451 468 520 530 sive
535 469 635 530 etiam
651 469 720 530 alia
734 468 896 549 urbitalia.

260 651 261 654 ¹
287 601 289 610 ’
313 627 360 694 17.
410 627 442 677 1⁰
454 615 489 679 Si
507 601 610 678 leatus
626 617 695 698 ipse
711 607 912 697 inspiciatur,
925 611 990 700 (A)
1005 613 1105 676 verba
1117 611 1289 674 litteraliter
1301 609 1333 668 in·

267 715 400 780 telledla
416 728 484 780 tam
501 719 588 781 clara
604 728 680 781 sunt
697 729 733 781 ut
750 717 840 780 nulla
856 717 993 779 clariora
1016 716 1058 778 ad
1082 716 1206 796 dogma
1224 711 1333 775 catholi-

267 840 342 882 cum
359 822 598 902 exponendum
614 822 751 884 inveniri
769 821 941 902 possint¹;
964 828 1112 881 econtra
1128 838 1242 879 sensus
1258 825 1334 876 meta·

268 923 421 1003 phoricus
437 933 506 987 tam
522 923 665 987 difficilis
684 935 717 987 et
736 924 894 986 obscurus
917 903 968 987 est
991 933 1036 998 ut,
1053 921 1232 985 fatentibus
1247 921 1334 982 adrer-

186 1087 189 1093 ,
267 1028 368 1102 sanis,
392 1028 522 1090 nonnisi
546 1040 621 1110 post
645 1028 749 1091 multa
772 1025 1097 1108 saeculaexcogitari
1121 1026 1269 1107 potuerit,
1286 1035 1335 1085 tarn

266 1133 506 1213 aenigmaticus,
517 1143 553 1196 ut
561 1133 630 1214 jam
643 1154 731 1196 anno
748 1140 828 1215 1577
838 1137 990 1197 ducentae
1003 1141 1251 1194 numerarentur
1259 1130 1336 1190 hare·

267 1236 406 1299 ticorum
420 1238 657 1318 expositiones,
668 1258 807 1318 quarum
820 1238 911 1301 nulla
924 1237 1019 1318 plene
1032 1237 1111 1317 ipsis
1121 1235 1244 1316 placuit
1256 1255 1262 1310 ;
1273 1234 1336 1312 jam·

266 1360 343 1402 vero
363 1341 499 1420 quando
522 1360 637 1404 sensus
661 1343 811 1423 proprius
832 1343 1023 1424 perspicuus
1044 1349 1103 1414 est,
1120 1337 1336 1419 metaphoricis

264 1453 343 1504 vero
357 1443 516 1505 obscurus
532 1453 565 1505 et
581 1454 761 1520 contortuS,
772 1445 861 1526 prior
872 1454 961 1506 certe
976 1443 1120 1524 praeferri
1138 1443 1243 1504 debet.
1286 1437 1335 1528 Ner

259 1547 374 1608 'dicere
395 1535 553 1628 juvatin
584 1547 697 1628 lingua
727 1549 892 1610 aramaicd
922 1569 979 1610 seu
1009 1545 1269 1628 syro-chaldaica
1288 1543 1336 1620 qui

258 1649 416 1712 'Christus
431 1649 594 1727 utebatur,
610 1642 737 1713 nullum
754 1651 891 1713 inveniri
907 1649 1105 1713 vocabulum
1121 1649 1223 1710 verbo
1236 1641 1335 1725 siguifi-

257 1773 336 1814 care
359 1752 571 1833 respondens,
587 1755 791 1835 proindeque
814 1753 997 1816 Dominum
1020 1772 1101 1814 voce
1124 1751 1220 1813 “est''
1235 1749 1277 1812 uti
1296 1748 1335 1807 de·

260 1853 375 1917 buisse
398 1853 440 1917 ad
467 1855 557 1918 illam
582 1856 690 1919 ideam
713 1856 989 1938 exprimendam
1017 1855 1116 1918 hodie
1138 1854 1230 1916 enim·
1249 1847 1335 1932 peritis

265 1967 472 2039 compertum
489 1968 548 2034 est,
563 1960 663 2022 etiam
683 1958 956 2033 protestantibus,
972 1957 1081 2038 plures
1096 1954 1227 2016 dicendi
1244 1947 1335 2013 modo

258 2081 336 2124 esse
352 2062 385 2123 in
403 2061 458 2124 itta
472 2061 585 2143 lingua
601 2063 721 2142 quibus
735 2063 832 2143 Jesus
848 2065 896 2125 uti
913 2047 1021 2145 potuit
1037 2062 1079 2123 ad
1097 2059 1269 2140 figuratum
1282 2071 1335 2114 sen·

257 2161 338 2227 {sum
369 2161 673 2246 exprimendum²;
703 2165 837 2227 aliunde
866 2167 1006 2239 Marcus,
1035 2165 1143 2226 Lucas
1170 2171 1204 2223 et
1229 2151 1336 2222 Paulus

299 2365 334 2397 ¹⁶¹
346 2372 407 2424 Nos
420 2369 560 2425 credimus
573 2387 674 2440 corpus
687 2383 715 2426 et
729 2354 897 2441 sanguinem
910 2357 976 2442 Jesu
992 2371 1098 2426 Christi·
1109 2388 1172 2425 esse
1185 2385 1249 2424 vere
1259 2379 1283 2420 et
1295 2380 1337 2418 rea·

260 2458 326 2515 iliter
345 2459 374 2512 in
392 2458 529 2513 adorabili
550 2459 729 2514 Eucharistia
747 2459 905 2530 praesentia,
923 2461 990 2530 quia
1003 2470 1126 2528 accepto
1147 2476 1220 2528 pane
1239 2468 1264 2512 et
1281 2453 1335 2505 vino·

258 2548 317 2608 ,Ille
336 2547 382 2620 qui
396 2557 462 2623 verat
482 2547 678 2616 Omnipotens,
691 2549 731 2602 ait
747 2567 753 2602 :
770 2549 834 2602 Hoc
849 2556 891 2620 qr!
907 2554 1007 2618 corpus
1019 2565 1125 2620 'areima
1138 2543 1336 2611 lrr'ceslsurteui‘

264 2651 347 2687 meus.
375 2635 439 2688 Hoc
453 2644 541 2688 totum
555 2646 752 2702 argumentum
765 2647 899 2694 nostruin.
927 2637 1081 2704 Quid-vero
1095 2635 1210 2702 firmius,
1225 2629 1335 2704 quidda·

259 2711 320 2774 rius
335 2717 361 2772 in'
376 2718 470 2774 medio
483 2719 574 2774 afferri
589 2731 691 2790 potest,
707 2733 737 2776 ut
756 2735 853 2776 notum
873 2725 974 2777 evadat
987 2721 1144 2776 dostrinam
1159 2731 1278 2775 nostram
1289 2729 1336 2768 reu

263 2811 325 2862 esse
345 2805 498 2873 Salvatoris'
519 2805 683 2874 dottrinam,
703 2827 788 2878 quam
808 2820 911 2864 nostrae
931 2809 995 2864 fidei
1016 2809 1172 2880 simplicem
1191 2803 1335 2862 enuntiatio

261 2911 328 2948 nem
342 2910 445 2962 ponere
455 2893 534 2962 juxta
547 2894 632 2947 verba
645 2897 746 2964 quibus
759 2896 898 2949 Dominus
912 2907 1007 2950 noster
1020 2913 1085 2949 usus
1099 2906 1142 2950 est
1155 2895 1183 2948 in
1197 2896 1273 2966 hujus
1281 2893 1335 2956 dog·

260 2982 348 3036 matis·
359 2980 600 3035 manifestatione?
613 2983 676 3036 Hoc
686 2990 728 3036 est
738 2988 838 3052 corpus
850 2987 950 3049 rrre'rmr,
961 2984 999 3037 ait
1011 2984 1151 3037 Dominus
1161 2995 1260 3038 noster.
1269 2978 1337 3034 Crede

261 3071 312 3122 lroc
322 3085 377 3120 esse
390 3075 470 3120 tuum
483 3073 590 3138 corpus,
605 3070 755 3136 respondet
771 3071 940 3124 Catholicus.
963 3070 1021 3123 Hic
1031 3077 1073 3122 es!
1083 3073 1203 3138 sanguis
1214 3085 1290 3132 meus,
1301 3065 1337 3118 ad·

260 3145 319 3222 jicit
335 3154 514 3222 Redemptor.
548 3156 634 3208 Credo
651 3156 701 3208 hoc
715 3142 934 3226 csse'sunguim's
949 3159 995 3209 tui
1004 3157 1143 3225 figuram,
1157 3157 1249 3210 subdit
1263 3156 1336 3207 Prote·

262 3254 348 3296 stans.
383 3243 436 3310 Qui
452 3243 622 3312 respondet:
638 3243 753 3312 Utique,
770 3231 884 3313 utique?
911 3245 986 3312 *Quis
998 3245 1066 3298 dicit
1080 3261 1163 3296 anien
1175 3247 1239 3314 Jesu
1253 3237 1337 3296 Christi

261 3327 413 3406 dotlrinae?
421 3329 584 3383 Catholicus
595 3341 642 3383 aut
652 3329 866 3396 Protestansi¹'(
876 3332 1143 3396 Wsemarr,Confer.
1154 3345 1193 3400 5e;
1201 3331 1336 3397 csrntnjgrnr.

262 3419 454 3471 Demonstrat.
469 3419 605 3486 evangel,
619 3427 636 3471 t.
652 3419 715 3483 XV,
731 3436 756 3488 p.
774 3420 863 3487 1237.)
922 3449 923 3452 =

294 3503 400 3559 ²Card.
420 3506 563 3558 Wr'seman
583 3506 645 3576 plus
664 3523 749 3576 quam
767 3507 956 3575 quadraginta
968 3506 1068 3559 modos
1081 3506 1184 3574 quibus
1197 3505 1248 3559 dici
1263 3511 1336 3572 potest

260 3590 279 3620 “
289 3593 343 3646 hoc
356 3603 398 3648 est
412 3592 564 3660 symbolum
584 3592 708 3662 corporis
723 3593 779 3646 mei
789 3595 802 3621 ¹³
820 3594 848 3645 in
865 3594 961 3661 lingua
979 3592 1088 3660 syriaca
1100 3592 1335 3662 computruitque

257 3693 314 3732 non
329 3679 552 3732 substantialiter
564 3678 655 3732 differt
667 3679 790 3748 alingud
800 3679 1031 3747 syro-chaldaica.
1046 3676 1135 3746 (Leti.
1147 3681 1228 3747 Vll.)
1236 3674 1335 3730 Aliunde

260 3765 355 3817 Druck
370 3765 445 3818 idem
458 3765 587 3835 probavit
600 3767 692 3834 qunad
709 3751 800 3834 ipsam
818 3767 942 3835 linguam
958 3767 1139 3828 aramaicam,
1155 3768 1210 3836 qual
1229 3764 1334 3819 Christus

256 3852 388 3904 utebatur
408 3851 550 3919 (Inscript.
574 3853 736 3921 he'bratque,
760 3866 790 3905 2¹²
809 3853 876 3906 edit.
901 3855 1008 3920 Romae,
1029 3870 1056 3922 p.
1080 3854 1135 3920 33)
1175 3854 1284 3921 insuper
1300 3847 1333 3900 hit

259 3937 481 3992 adimadvertere
494 3939 558 3992 licet
572 3940 600 3992 in
614 3941 743 3993 versione
752 3923 860 4008 syriaca
874 3941 1010 4010 Matthaei,
1023 3941 1107 3994 Lucae
1116 3952 1144 3995 et
1155 3939 1333 3996 Paulirerbum
1363 3921 1364 3936 ¹

258 4024 464 4077 substantivum
479 4033 521 4078 est
536 4027 636 4096 omitti,
650 4027 688 4080 lta
707 4039 736 4081 ut
756 4027 793 4080 ibi
813 4028 940 4096 legatur:
960 4029 1013 4082 hoc
1029 4045 1128 4097 corpus
1142 4045 1251 4090 meum;
1267 4020 1331 4093 quod.
1363 4019 1364 4038 ¹

258 4110 413 4162 secundum
426 4113 618 4176 grammaticae
632 4113 709 4180 leges
723 4113 789 4166 nihil
805 4115 881 4167 aliud
895 4103 1049 4184 exprimere
1062 4126 1154 4184 potest
1165 4115 1216 4169 nisi
1227 4109 1331 4167 identita-

258 4204 319 4246 tem·
336 4194 407 4247 inter
426 4195 582 4264 subjedlurn
601 4199 652 4250 hoc
668 4211 695 4253 et
715 4201 897 4268 praedicatum
911 4218 1020 4271 corpus.
1059 4205 1076 4230 ‘⁶
1090 4203 1281 4260 Protestantes,
1292 4197 1330 4247 hus

259 4293 342 4344 super
361 4295 390 4330 re
409 4279 552 4346 confutati,
571 4293 716 4336 autumant
729 4282 827 4353 Jesurn
847 4285 932 4341 verba
951 4287 1052 4356 quibus
1072 4305 1139 4342 usus
1158 4299 1209 4356 est,
1227 4304 1242 4340 a
1259 4277 1329 4336 rituali
