<?xml version="1.0" encoding="UTF-8"?>
<!DOCTYPE html PUBLIC "-//W3C//DTD XHTML 1.0 Transitional//EN"
    "http://www.w3.org/TR/xhtml1/DTD/xhtml1-transitional.dtd">
<html xmlns="http://www.w3.org/1999/xhtml" xml:lang="en" lang="en">
 <head>
  <title>
</title>
<meta http-equiv="Content-Type" content="text/html;charset=utf-8" />
  <meta name='ocr-system' content='tesseract 3.04.00' />
  <meta name='ocr-capabilities' content='ocr_page ocr_carea ocr_par ocr_line ocrx_word'/>
</head>
<body>
  <div class='ocr_page' id='page_1' title='image "./synopsistheolog01tanqgoog_0459.png"; bbox 0 0 2770 4652; ppageno 0'>
   <div class='ocr_carea' id='block_1_1' title="bbox 198 360 1377 3739">
    <p class='ocr_par' dir='ltr' id='par_1_1' title="bbox 204 360 1291 646">
     <span class='ocr_line' id='line_1_1' title="bbox 204 360 1290 441; baseline 0.003 -22"><span class='ocrx_word' id='word_1_1' title='bbox 204 360 236 420; x_wconf 94' lang='lat' dir='ltr'><strong>in</strong></span> <span class='ocrx_word' id='word_1_2' title='bbox 254 380 350 421; x_wconf 89' lang='lat' dir='ltr'><strong>cruce</strong></span> <span class='ocrx_word' id='word_1_3' title='bbox 366 361 487 422; x_wconf 86' lang='lat' dir='ltr'><strong>divinae</strong></span> <span class='ocrx_word' id='word_1_4' title='bbox 505 361 675 441; x_wconf 84' lang='lat' dir='ltr'><strong>Majestati</strong></span> <span class='ocrx_word' id='word_1_5' title='bbox 693 362 807 424; x_wconf 89' lang='lat' dir='ltr'><strong>oblata</strong></span> <span class='ocrx_word' id='word_1_6' title='bbox 822 383 828 434; x_wconf 87' lang='lat'>;</span> <span class='ocrx_word' id='word_1_7' title='bbox 852 362 928 423; x_wconf 93' lang='lat' dir='ltr'><strong>hinc</strong></span> <span class='ocrx_word' id='word_1_8' title='bbox 946 362 1098 424; x_wconf 89' lang='lat' dir='ltr'><strong>homines</strong></span> <span class='ocrx_word' id='word_1_9' title='bbox 1122 361 1183 423; x_wconf 94' lang='lat' dir='ltr'><strong>hoc</strong></span> <span class='ocrx_word' id='word_1_10' title='bbox 1206 363 1290 422; x_wconf 88' lang='lat' dir='ltr'><strong>sacri·</strong></span> 
     </span>
     <span class='ocr_line' id='line_1_2' title="bbox 204 461 1291 543; baseline 0.002 -21"><span class='ocrx_word' id='word_1_11' title='bbox 204 461 278 524; x_wconf 88' lang='lat' dir='ltr'><strong>ficio</strong></span> <span class='ocrx_word' id='word_1_12' title='bbox 296 464 487 543; x_wconf 88' lang='lat' dir='ltr'><strong>plenissime</strong></span> <span class='ocrx_word' id='word_1_13' title='bbox 503 484 564 526; x_wconf 90' lang='lat' dir='ltr'><strong>suo</strong></span> <span class='ocrx_word' id='word_1_14' title='bbox 580 465 695 526; x_wconf 92' lang='lat' dir='ltr'><strong>debito</strong></span> <span class='ocrx_word' id='word_1_15' title='bbox 712 466 874 527; x_wconf 88' lang='lat' dir='ltr'><strong>adorandi</strong></span> <span class='ocrx_word' id='word_1_16' title='bbox 891 475 924 527; x_wconf 90' lang='lat' dir='ltr'><strong>et</strong></span> <span class='ocrx_word' id='word_1_17' title='bbox 941 465 1072 526; x_wconf 90' lang='lat' dir='ltr'><strong>colendi</strong></span> <span class='ocrx_word' id='word_1_18' title='bbox 1087 466 1196 527; x_wconf 89' lang='lat' dir='ltr'><strong>Deum</strong></span> <span class='ocrx_word' id='word_1_19' title='bbox 1208 467 1291 526; x_wconf 89' lang='lat' dir='ltr'><strong>satis-</strong></span> 
     </span>
     <span class='ocr_line' id='line_1_3' title="bbox 205 564 476 646; baseline 0.015 -21"><span class='ocrx_word' id='word_1_20' title='bbox 205 564 311 627; x_wconf 83' lang='lat' dir='ltr'>facere</span> <span class='ocrx_word' id='word_1_21' title='bbox 328 578 476 646; x_wconf 83' lang='lat' dir='ltr'><strong>possunt.</strong></span> 
     </span>
    </p>

    <p class='ocr_par' dir='ltr' id='par_1_2' title="bbox 203 668 1303 2093">
     <span class='ocr_line' id='line_1_4' title="bbox 247 668 1293 752; baseline 0.002 -22"><span class='ocrx_word' id='word_1_22' title='bbox 247 682 314 749; x_wconf 89' lang='lat'><strong>170.</strong></span> <span class='ocrx_word' id='word_1_23' title='bbox 361 668 422 750; x_wconf 88' lang='lat' dir='ltr'><strong>(B)</strong></span> <span class='ocrx_word' id='word_1_24' title='bbox 439 669 557 752; x_wconf 84' lang='lat' dir='ltr'>Quoad</span> <span class='ocrx_word' id='word_1_25' title='bbox 576 668 732 733; x_wconf 69' lang='lat' dir='ltr'><strong>effedtum</strong></span> <span class='ocrx_word' id='word_1_26' title='bbox 743 671 1020 751; x_wconf 81' lang='lat' dir='ltr'><strong>propitiatorium,</strong></span> <span class='ocrx_word' id='word_1_27' title='bbox 1032 671 1293 752; x_wconf 87' lang='lat' dir='ltr'><strong>distinguendum</strong></span> 
     </span>
     <span class='ocr_line' id='line_1_5' title="bbox 204 771 1295 854; baseline 0.004 -24"><span class='ocrx_word' id='word_1_28' title='bbox 204 781 273 832; x_wconf 89' lang='lat' dir='ltr'><strong>est:</strong></span> <span class='ocrx_word' id='word_1_29' title='bbox 296 771 346 850; x_wconf 88' lang='lat' dir='ltr'><strong>(a)</strong></span> <span class='ocrx_word' id='word_1_30' title='bbox 357 771 500 846; x_wconf 81' lang='lat' dir='ltr'><em>Peccata,</em></span> <span class='ocrx_word' id='word_1_31' title='bbox 512 773 582 835; x_wconf 74' lang='lat' dir='ltr'><strong>sirie</strong></span> <span class='ocrx_word' id='word_1_32' title='bbox 597 774 751 835; x_wconf 87' lang='lat' dir='ltr'><strong>mortalia</strong></span> <span class='ocrx_word' id='word_1_33' title='bbox 765 775 835 836; x_wconf 85' lang='lat' dir='ltr'><strong>sive</strong></span> <span class='ocrx_word' id='word_1_34' title='bbox 848 773 1001 847; x_wconf 84' lang='lat' dir='ltr'><strong>venialia,</strong></span> <span class='ocrx_word' id='word_1_35' title='bbox 1012 775 1295 854; x_wconf 84' lang='lat' dir='ltr'><strong>remittuntarqai·</strong></span> 
     </span>
     <span class='ocr_line' id='line_1_6' title="bbox 203 874 1296 957; baseline 0.003 -23"><span class='ocrx_word' id='word_1_36' title='bbox 203 874 274 935; x_wconf 85' lang='lat' dir='ltr'><strong>dem</strong></span> <span class='ocrx_word' id='word_1_37' title='bbox 290 885 431 954; x_wconf 80' lang='lat' dir='ltr'><strong>erepere</strong></span> <span class='ocrx_word' id='word_1_38' title='bbox 445 885 578 954; x_wconf 81' lang='lat' dir='ltr'><strong>operata,</strong></span> <span class='ocrx_word' id='word_1_39' title='bbox 593 876 652 939; x_wconf 84' lang='lat' dir='ltr'><strong>sed</strong></span> <span class='ocrx_word' id='word_1_40' title='bbox 664 877 801 938; x_wconf 80' lang='lat' dir='ltr'><strong>area&#39;iate</strong></span> <span class='ocrx_word' id='word_1_41' title='bbox 816 887 954 950; x_wconf 85' lang='lat' dir='ltr'><strong>tantam,</strong></span> <span class='ocrx_word' id='word_1_42' title='bbox 970 887 1135 957; x_wconf 88' lang='lat' dir='ltr'><strong>quatenus</strong></span> <span class='ocrx_word' id='word_1_43' title='bbox 1151 897 1192 938; x_wconf 90' lang='lat' dir='ltr'><strong>sc.</strong></span> <span class='ocrx_word' id='word_1_44' title='bbox 1210 877 1296 938; x_wconf 90' lang='lat' dir='ltr'><strong>sacri·</strong></span> 
     </span>
     <span class='ocr_line' id='line_1_7' title="bbox 206 975 1297 1060; baseline 0.004 -24"><span class='ocrx_word' id='word_1_45' title='bbox 206 975 315 1037; x_wconf 88' lang='lat' dir='ltr'><strong>ficium</strong></span> <span class='ocrx_word' id='word_1_46' title='bbox 334 977 447 1039; x_wconf 84' lang='lat' dir='ltr'><strong>Missae</strong></span> <span class='ocrx_word' id='word_1_47' title='bbox 472 999 514 1039; x_wconf 88' lang='lat' dir='ltr'><strong>ex</strong></span> <span class='ocrx_word' id='word_1_48' title='bbox 536 999 571 1040; x_wconf 92' lang='lat' dir='ltr'><strong>se</strong></span> <span class='ocrx_word' id='word_1_49' title='bbox 588 980 619 1040; x_wconf 92' lang='lat' dir='ltr'><strong>in</strong></span> <span class='ocrx_word' id='word_1_50' title='bbox 637 981 748 1041; x_wconf 75' lang='lat' dir='ltr'><strong>anima</strong></span> <span class='ocrx_word' id='word_1_51' title='bbox 772 979 1007 1060; x_wconf 89' lang='lat' dir='ltr'><strong>dispositiones</strong></span> <span class='ocrx_word' id='word_1_52' title='bbox 1031 979 1193 1059; x_wconf 88' lang='lat' dir='ltr'><strong>quasdam</strong></span> <span class='ocrx_word' id='word_1_53' title='bbox 1213 981 1297 1060; x_wconf 86' lang='lat' dir='ltr'><strong>parit,</strong></span> 
     </span>
     <span class='ocr_line' id='line_1_8' title="bbox 204 1081 1297 1164; baseline 0.005 -26"><span class='ocrx_word' id='word_1_54' title='bbox 204 1081 387 1158; x_wconf 86' lang='lat' dir='ltr'><strong>praesertim</strong></span> <span class='ocrx_word' id='word_1_55' title='bbox 412 1101 489 1142; x_wconf 90' lang='lat' dir='ltr'><strong>vero</strong></span> <span class='ocrx_word' id='word_1_56' title='bbox 508 1083 753 1157; x_wconf 84' lang='lat' dir='ltr'><strong>contritionem,</strong></span> <span class='ocrx_word' id='word_1_57' title='bbox 769 1082 889 1162; x_wconf 92' lang='lat' dir='ltr'><strong>quibus</strong></span> <span class='ocrx_word' id='word_1_58' title='bbox 909 1093 1064 1164; x_wconf 90' lang='lat' dir='ltr'><strong>peccator</strong></span> <span class='ocrx_word' id='word_1_59' title='bbox 1081 1083 1297 1144; x_wconf 88' lang='lat' dir='ltr'><strong>remissionem</strong></span> 
     </span>
     <span class='ocr_line' id='line_1_9' title="bbox 204 1185 1300 1263; baseline 0.002 -20"><span class='ocrx_word' id='word_1_60' title='bbox 204 1192 416 1263; x_wconf 89' lang='lat' dir='ltr'><strong>peccatorum</strong></span> <span class='ocrx_word' id='word_1_61' title='bbox 445 1185 595 1247; x_wconf 88' lang='lat' dir='ltr'><strong>obtinere</strong></span> <span class='ocrx_word' id='word_1_62' title='bbox 619 1187 736 1248; x_wconf 87' lang='lat' dir='ltr'><strong>valeat</strong></span> <span class='ocrx_word' id='word_1_63' title='bbox 785 1186 837 1249; x_wconf 88' lang='lat' dir='ltr'><strong>Ita</strong></span> <span class='ocrx_word' id='word_1_64' title='bbox 865 1185 1097 1247; x_wconf 87' lang='lat' dir='ltr'><strong>communiter.</strong></span> <span class='ocrx_word' id='word_1_65' title='bbox 1147 1186 1300 1247; x_wconf 84' lang='lat' dir='ltr'>Probatur</span> 
     </span>
     <span class='ocr_line' id='line_1_10' title="bbox 204 1285 1299 1370; baseline 0.002 -24"><span class='ocrx_word' id='word_1_66' title='bbox 204 1306 248 1347; x_wconf 89' lang='lat' dir='ltr'><strong>ex</strong></span> <span class='ocrx_word' id='word_1_67' title='bbox 270 1285 301 1348; x_wconf 81' lang='lat' dir='ltr'><em>T</em></span> <span class='ocrx_word' id='word_1_68' title='bbox 299 1287 360 1349; x_wconf 88' lang='lat' dir='ltr'><strong>rid.</strong></span> <span class='ocrx_word' id='word_1_69' title='bbox 379 1311 391 1350; x_wconf 85' lang='lat'><strong>.·</strong></span> <span class='ocrx_word' id='word_1_70' title='bbox 414 1293 429 1318; x_wconf 79' lang='lat'><strong>‘⁸</strong></span> <span class='ocrx_word' id='word_1_71' title='bbox 446 1287 556 1368; x_wconf 89' lang='lat' dir='ltr'><strong>Hujus</strong></span> <span class='ocrx_word' id='word_1_72' title='bbox 573 1289 742 1350; x_wconf 90' lang='lat' dir='ltr'><strong>oblatione</strong></span> <span class='ocrx_word' id='word_1_73' title='bbox 764 1288 916 1370; x_wconf 88' lang='lat' dir='ltr'><strong>placatus</strong></span> <span class='ocrx_word' id='word_1_74' title='bbox 933 1288 1099 1351; x_wconf 88' lang='lat' dir='ltr'><strong>Dominus</strong></span> <span class='ocrx_word' id='word_1_75' title='bbox 1114 1289 1253 1370; x_wconf 86' lang='lat' dir='ltr'><strong>gratiam</strong></span> <span class='ocrx_word' id='word_1_76' title='bbox 1268 1297 1299 1349; x_wconf 87' lang='lat' dir='ltr'><strong>et</strong></span> 
     </span>
     <span class='ocr_line' id='line_1_11' title="bbox 204 1389 1300 1472; baseline 0.002 -22"><span class='ocrx_word' id='word_1_77' title='bbox 204 1389 329 1452; x_wconf 91' lang='lat' dir='ltr'><strong>donum</strong></span> <span class='ocrx_word' id='word_1_78' title='bbox 344 1391 551 1470; x_wconf 77' lang='lat' dir='ltr'><strong>poenitentiae</strong></span> <span class='ocrx_word' id='word_1_79' title='bbox 563 1392 758 1464; x_wconf 86' lang='lat' dir='ltr'><strong>concedens,</strong></span> <span class='ocrx_word' id='word_1_80' title='bbox 771 1401 908 1472; x_wconf 89' lang='lat' dir='ltr'><strong>peecata</strong></span> <span class='ocrx_word' id='word_1_81' title='bbox 920 1393 1022 1453; x_wconf 90' lang='lat' dir='ltr'><strong>etiarn</strong></span> <span class='ocrx_word' id='word_1_82' title='bbox 1035 1391 1184 1471; x_wconf 88' lang='lat' dir='ltr'><strong>ingentia</strong></span> <span class='ocrx_word' id='word_1_83' title='bbox 1196 1392 1300 1453; x_wconf 90' lang='lat' dir='ltr'><strong>dimit·</strong></span> 
     </span>
     <span class='ocr_line' id='line_1_12' title="bbox 208 1492 1301 1576; baseline -0.001 -21"><span class='ocrx_word' id='word_1_84' title='bbox 208 1493 249 1555; x_wconf 86' lang='lat' dir='ltr'><strong>tit</strong></span> <span class='ocrx_word' id='word_1_85' title='bbox 261 1493 277 1515; x_wconf 90' lang='lat'><strong>&#39;&#39;</strong></span> <span class='ocrx_word' id='word_1_86' title='bbox 293 1492 326 1574; x_wconf 90' lang='lat' dir='ltr'><strong>(l.</strong></span> <span class='ocrx_word' id='word_1_87' title='bbox 343 1513 368 1555; x_wconf 95' lang='lat' dir='ltr'><strong>c.</strong></span> <span class='ocrx_word' id='word_1_88' title='bbox 386 1514 455 1574; x_wconf 91' lang='lat' dir='ltr'><strong>cap.</strong></span> <span class='ocrx_word' id='word_1_89' title='bbox 474 1495 516 1576; x_wconf 87' lang='lat'><strong>2).</strong></span> <span class='ocrx_word' id='word_1_90' title='bbox 562 1493 712 1557; x_wconf 88' lang='lat' dir='ltr'><strong>Christus</strong></span> <span class='ocrx_word' id='word_1_91' title='bbox 734 1494 898 1576; x_wconf 89' lang='lat' dir='ltr'><strong>siquidem</strong></span> <span class='ocrx_word' id='word_1_92' title='bbox 919 1495 1064 1574; x_wconf 89' lang='lat' dir='ltr'><strong>seipsum</strong></span> <span class='ocrx_word' id='word_1_93' title='bbox 1085 1505 1243 1575; x_wconf 88' lang='lat' dir='ltr'><strong>tanquam</strong></span> <span class='ocrx_word' id='word_1_94' title='bbox 1258 1493 1301 1554; x_wconf 90' lang='lat' dir='ltr'><strong>vi·</strong></span> 
     </span>
     <span class='ocr_line' id='line_1_13' title="bbox 205 1592 1300 1678; baseline -0.001 -21"><span class='ocrx_word' id='word_1_95' title='bbox 205 1592 339 1657; x_wconf 66' lang='lat' dir='ltr'><strong>&amp;imam</strong></span> <span class='ocrx_word' id='word_1_96' title='bbox 365 1597 469 1672; x_wconf 78' lang='lat' dir='ltr'><strong>offert,</strong></span> <span class='ocrx_word' id='word_1_97' title='bbox 494 1607 530 1659; x_wconf 90' lang='lat' dir='ltr'><strong>ut</strong></span> <span class='ocrx_word' id='word_1_98' title='bbox 554 1598 655 1677; x_wconf 91' lang='lat' dir='ltr'><strong>ipsius</strong></span> <span class='ocrx_word' id='word_1_99' title='bbox 684 1595 927 1660; x_wconf 68' lang='lat' dir='ltr'><strong>satisladiiones</strong></span> <span class='ocrx_word' id='word_1_100' title='bbox 956 1597 1051 1659; x_wconf 88' lang='lat' dir='ltr'><strong>nobis</strong></span> <span class='ocrx_word' id='word_1_101' title='bbox 1079 1598 1300 1678; x_wconf 89' lang='lat' dir='ltr'><strong>applicentur;</strong></span> 
     </span>
     <span class='ocr_line' id='line_1_14' title="bbox 206 1689 1301 1783; baseline 0.002 -25"><span class='ocrx_word' id='word_1_102' title='bbox 206 1696 299 1758; x_wconf 89' lang='lat' dir='ltr'><strong>Deus</strong></span> <span class='ocrx_word' id='word_1_103' title='bbox 323 1708 435 1760; x_wconf 88' lang='lat' dir='ltr'><strong>autem</strong></span> <span class='ocrx_word' id='word_1_104' title='bbox 463 1698 525 1760; x_wconf 77' lang='lat' dir='ltr'><strong>hac</strong></span> <span class='ocrx_word' id='word_1_105' title='bbox 552 1699 722 1762; x_wconf 91' lang='lat' dir='ltr'><strong>oblatione</strong></span> <span class='ocrx_word' id='word_1_106' title='bbox 747 1701 906 1782; x_wconf 71' lang='lat' dir='ltr'><strong>placatus</strong></span> <span class='ocrx_word' id='word_1_107' title='bbox 932 1689 1074 1783; x_wconf 68' lang='lat' dir='ltr'><strong>gritiam</strong></span> <span class='ocrx_word' id='word_1_108' title='bbox 1100 1701 1301 1782; x_wconf 83' lang='lat' dir='ltr'><strong>poenitentiae</strong></span> 
     </span>
     <span class='ocr_line' id='line_1_15' title="bbox 205 1801 1303 1885; baseline 0.002 -25"><span class='ocrx_word' id='word_1_109' title='bbox 205 1801 434 1879; x_wconf 87' lang='lat' dir='ltr'><strong>peccatoribus</strong></span> <span class='ocrx_word' id='word_1_110' title='bbox 458 1803 617 1865; x_wconf 89' lang='lat' dir='ltr'><strong>concedit.</strong></span> <span class='ocrx_word' id='word_1_111' title='bbox 667 1803 726 1865; x_wconf 93' lang='lat' dir='ltr'><strong>llle</strong></span> <span class='ocrx_word' id='word_1_112' title='bbox 748 1814 859 1866; x_wconf 91' lang='lat' dir='ltr'><strong>tamen</strong></span> <span class='ocrx_word' id='word_1_113' title='bbox 876 1802 1013 1867; x_wconf 69' lang='lat' dir='ltr'><strong>effeetus</strong></span> <span class='ocrx_word' id='word_1_114' title='bbox 1030 1825 1098 1867; x_wconf 91' lang='lat' dir='ltr'><strong>non</strong></span> <span class='ocrx_word' id='word_1_115' title='bbox 1115 1805 1303 1885; x_wconf 88' lang='lat' dir='ltr'><strong>producitur</strong></span> 
     </span>
     <span class='ocr_line' id='line_1_16' title="bbox 206 1904 1301 1990; baseline 0.003 -26"><span class='ocrx_word' id='word_1_116' title='bbox 206 1904 429 1981; x_wconf 85' lang='lat' dir='ltr'><strong>infallibiliter,</strong></span> <span class='ocrx_word' id='word_1_117' title='bbox 440 1908 527 1988; x_wconf 89' lang='lat' dir='ltr'><strong>quia,</strong></span> <span class='ocrx_word' id='word_1_118' title='bbox 544 1909 621 1971; x_wconf 90' lang='lat' dir='ltr'><strong>licet</strong></span> <span class='ocrx_word' id='word_1_119' title='bbox 637 1918 792 1988; x_wconf 88' lang='lat' dir='ltr'><strong>peccator</strong></span> <span class='ocrx_word' id='word_1_120' title='bbox 809 1910 946 1990; x_wconf 88' lang='lat' dir='ltr'><strong>recipiat</strong></span> <span class='ocrx_word' id='word_1_121' title='bbox 962 1909 1085 1988; x_wconf 88' lang='lat' dir='ltr'><strong>gratias</strong></span> <span class='ocrx_word' id='word_1_122' title='bbox 1102 1906 1244 1971; x_wconf 66' lang='lat' dir='ltr'><strong>adtualcs</strong></span> <span class='ocrx_word' id='word_1_123' title='bbox 1261 1909 1301 1968; x_wconf 92' lang='lat' dir='ltr'><strong>ad</strong></span> 
     </span>
     <span class='ocr_line' id='line_1_17' title="bbox 206 2009 997 2093; baseline 0.005 -24"><span class='ocrx_word' id='word_1_124' title='bbox 206 2009 438 2088; x_wconf 88' lang='lat' dir='ltr'><strong>poenitentiam</strong></span> <span class='ocrx_word' id='word_1_125' title='bbox 456 2013 631 2092; x_wconf 85' lang='lat' dir='ltr'><strong>agendam,</strong></span> <span class='ocrx_word' id='word_1_126' title='bbox 647 2013 694 2074; x_wconf 88' lang='lat' dir='ltr'><strong>eis</strong></span> <span class='ocrx_word' id='word_1_127' title='bbox 711 2013 862 2074; x_wconf 88' lang='lat' dir='ltr'><strong>resistere</strong></span> <span class='ocrx_word' id='word_1_128' title='bbox 877 2022 997 2093; x_wconf 91' lang='lat' dir='ltr'><strong>potest.</strong></span> 
     </span>
    </p>

    <p class='ocr_par' dir='ltr' id='par_1_3' title="bbox 198 2111 1377 3018">
     <span class='ocr_line' id='line_1_18' title="bbox 205 2111 1307 2195; baseline 0 -21"><span class='ocrx_word' id='word_1_129' title='bbox 205 2111 256 2191; x_wconf 84' lang='lat' dir='ltr'><strong>(b)</strong></span> <span class='ocrx_word' id='word_1_130' title='bbox 268 2112 372 2174; x_wconf 73' lang='lat' dir='ltr'><strong>Paua</strong></span> <span class='ocrx_word' id='word_1_131' title='bbox 388 2116 581 2194; x_wconf 86' lang='lat' dir='ltr'><strong>temporalis,</strong></span> <span class='ocrx_word' id='word_1_132' title='bbox 587 2115 725 2195; x_wconf 82' lang='lat' dir='ltr'><strong>peccatis</strong></span> <span class='ocrx_word' id='word_1_133' title='bbox 738 2115 853 2190; x_wconf 86' lang='lat' dir='ltr'><strong>debita,</strong></span> <span class='ocrx_word' id='word_1_134' title='bbox 858 2125 922 2194; x_wconf 80' lang='lat' dir='ltr'><strong>per</strong></span> <span class='ocrx_word' id='word_1_135' title='bbox 930 2113 1126 2195; x_wconf 84' lang='lat' dir='ltr'><strong>sacrificium</strong></span> <span class='ocrx_word' id='word_1_136' title='bbox 1142 2113 1255 2175; x_wconf 80' lang='lat' dir='ltr'><strong>Missa</strong></span> <span class='ocrx_word' id='word_1_137' title='bbox 1269 2133 1307 2174; x_wconf 78' lang='lat' dir='ltr'><strong>ex</strong></span> 
     </span>
     <span class='ocr_line' id='line_1_19' title="bbox 205 2216 1377 2301; baseline 0.002 -26"><span class='ocrx_word' id='word_1_138' title='bbox 205 2225 294 2294; x_wconf 81' lang='lat' dir='ltr'><strong>apere</strong></span> <span class='ocrx_word' id='word_1_139' title='bbox 314 2226 448 2295; x_wconf 81' lang='lat' dir='ltr'><strong>operata,</strong></span> <span class='ocrx_word' id='word_1_140' title='bbox 469 2218 655 2280; x_wconf 80' lang='lat' dir='ltr'><strong>immediate</strong></span> <span class='ocrx_word' id='word_1_141' title='bbox 679 2229 710 2281; x_wconf 88' lang='lat' dir='ltr'><strong>et</strong></span> <span class='ocrx_word' id='word_1_142' title='bbox 735 2219 956 2298; x_wconf 77' lang='lat' dir='ltr'><strong>infallibiliter</strong></span> <span class='ocrx_word' id='word_1_143' title='bbox 980 2217 1171 2292; x_wconf 81' lang='lat' dir='ltr'><strong>remittitur,</strong></span> <span class='ocrx_word' id='word_1_144' title='bbox 1195 2216 1305 2278; x_wconf 83' lang='lat' dir='ltr'><strong>saltem</strong></span> <span class='ocrx_word' id='word_1_145' title='bbox 1376 2277 1377 2301; x_wconf 52' lang='lat'><strong>,</strong></span> 
     </span>
     <span class='ocr_line' id='line_1_20' title="bbox 198 2317 1305 2396; baseline 0.004 -20"><span class='ocrx_word' id='word_1_146' title='bbox 198 2317 396 2396; x_wconf 81' lang='lat' dir='ltr'><strong>partialiter.</strong></span> <span class='ocrx_word' id='word_1_147' title='bbox 443 2320 496 2382; x_wconf 90' lang='lat' dir='ltr'><strong>lta</strong></span> <span class='ocrx_word' id='word_1_148' title='bbox 522 2322 741 2384; x_wconf 80' lang='lat' dir='ltr'><strong>carriacuaiter.</strong></span> <span class='ocrx_word' id='word_1_149' title='bbox 788 2322 876 2384; x_wconf 91' lang='lat' dir='ltr'><strong>Nam</strong></span> <span class='ocrx_word' id='word_1_150' title='bbox 908 2341 953 2382; x_wconf 90' lang='lat' dir='ltr'><strong>ex</strong></span> <span class='ocrx_word' id='word_1_151' title='bbox 986 2321 1176 2382; x_wconf 65' lang='lat' dir='ltr'><strong>Tridentino</strong></span> <span class='ocrx_word' id='word_1_152' title='bbox 1203 2319 1305 2381; x_wconf 90' lang='lat' dir='ltr'><strong>Missa</strong></span> 
     </span>
     <span class='ocr_line' id='line_1_21' title="bbox 206 2417 1305 2504; baseline 0.001 -25"><span class='ocrx_word' id='word_1_153' title='bbox 206 2418 342 2481; x_wconf 81' lang='lat' dir='ltr'><strong>offertur</strong></span> <span class='ocrx_word' id='word_1_154' title='bbox 358 2442 417 2502; x_wconf 92' lang='lat' dir='ltr'><strong>pro</strong></span> <span class='ocrx_word' id='word_1_155' title='bbox 433 2424 515 2484; x_wconf 90' lang='lat' dir='ltr'><strong>vivis</strong></span> <span class='ocrx_word' id='word_1_156' title='bbox 532 2434 632 2504; x_wconf 91' lang='lat' dir='ltr'><strong>atque</strong></span> <span class='ocrx_word' id='word_1_157' title='bbox 648 2421 822 2496; x_wconf 76' lang='lat' dir='ltr'><strong>defunctis,</strong></span> <span class='ocrx_word' id='word_1_158' title='bbox 839 2442 899 2502; x_wconf 91' lang='lat' dir='ltr'><strong>pro</strong></span> <span class='ocrx_word' id='word_1_159' title='bbox 923 2423 1030 2502; x_wconf 79' lang='lat' dir='ltr'><strong>poenis</strong></span> <span class='ocrx_word' id='word_1_160' title='bbox 1054 2433 1088 2484; x_wconf 89' lang='lat' dir='ltr'><strong>et</strong></span> <span class='ocrx_word' id='word_1_161' title='bbox 1110 2417 1305 2484; x_wconf 75' lang='lat' dir='ltr'><strong>satisfattio·</strong></span> 
     </span>
     <span class='ocr_line' id='line_1_22' title="bbox 207 2523 1376 2616; baseline 0.001 -33"><span class='ocrx_word' id='word_1_162' title='bbox 207 2523 324 2598; x_wconf 89' lang='lat' dir='ltr'><strong>nibus;</strong></span> <span class='ocrx_word' id='word_1_163' title='bbox 348 2527 439 2605; x_wconf 88' lang='lat' dir='ltr'><strong>atqui</strong></span> <span class='ocrx_word' id='word_1_164' title='bbox 457 2547 575 2606; x_wconf 76' lang='lat' dir='ltr'><strong>prenae,</strong></span> <span class='ocrx_word' id='word_1_165' title='bbox 592 2528 635 2589; x_wconf 90' lang='lat' dir='ltr'><strong>ab</strong></span> <span class='ocrx_word' id='word_1_166' title='bbox 651 2527 826 2588; x_wconf 88' lang='lat' dir='ltr'><strong>animabus</strong></span> <span class='ocrx_word' id='word_1_167' title='bbox 845 2525 1028 2606; x_wconf 88' lang='lat' dir='ltr'><strong>Purgatorii</strong></span> <span class='ocrx_word' id='word_1_168' title='bbox 1046 2525 1222 2596; x_wconf 83' lang='lat' dir='ltr'><strong>solvendae,</strong></span> <span class='ocrx_word' id='word_1_169' title='bbox 1238 2543 1304 2584; x_wconf 90' lang='lat' dir='ltr'><strong>non</strong></span> <span class='ocrx_word' id='word_1_170' title='bbox 1375 2611 1376 2616; x_wconf 7' lang='grc' dir='ltr'>η</span> 
     </span>
     <span class='ocr_line' id='line_1_23' title="bbox 207 2626 1376 2711; baseline 0 -25"><span class='ocrx_word' id='word_1_171' title='bbox 207 2639 346 2707; x_wconf 91' lang='lat' dir='ltr'><strong>possunt</strong></span> <span class='ocrx_word' id='word_1_172' title='bbox 371 2631 493 2691; x_wconf 85' lang='lat' dir='ltr'><strong>remitti</strong></span> <span class='ocrx_word' id='word_1_173' title='bbox 516 2651 559 2691; x_wconf 88' lang='lat' dir='ltr'><strong>ex</strong></span> <span class='ocrx_word' id='word_1_174' title='bbox 584 2650 682 2711; x_wconf 91' lang='lat' dir='ltr'><strong>opere</strong></span> <span class='ocrx_word' id='word_1_175' title='bbox 705 2629 874 2709; x_wconf 87' lang='lat' dir='ltr'><strong>operantis</strong></span> <span class='ocrx_word' id='word_1_176' title='bbox 898 2638 931 2690; x_wconf 92' lang='lat' dir='ltr'><strong>et</strong></span> <span class='ocrx_word' id='word_1_177' title='bbox 955 2628 1107 2700; x_wconf 90' lang='lat' dir='ltr'><strong>mediate,</strong></span> <span class='ocrx_word' id='word_1_178' title='bbox 1123 2646 1225 2708; x_wconf 91' lang='lat' dir='ltr'><strong>quum</strong></span> <span class='ocrx_word' id='word_1_179' title='bbox 1242 2626 1306 2687; x_wconf 84' lang='lat' dir='ltr'><strong>illae</strong></span> <span class='ocrx_word' id='word_1_180' title='bbox 1375 2631 1376 2652; x_wconf 66' lang='lat'><em>³</em></span> 
     </span>
     <span class='ocr_line' id='line_1_24' title="bbox 206 2729 1306 2813; baseline -0.002 -23"><span class='ocrx_word' id='word_1_181' title='bbox 206 2730 328 2792; x_wconf 76' lang='lat' dir='ltr'><strong>anima¹</strong></span> <span class='ocrx_word' id='word_1_182' title='bbox 344 2733 410 2793; x_wconf 91' lang='lat' dir='ltr'><strong>sint</strong></span> <span class='ocrx_word' id='word_1_183' title='bbox 427 2733 599 2813; x_wconf 88' lang='lat' dir='ltr'><strong>incapaces</strong></span> <span class='ocrx_word' id='word_1_184' title='bbox 618 2733 786 2808; x_wconf 87' lang='lat' dir='ltr'><strong>merendi;</strong></span> <span class='ocrx_word' id='word_1_185' title='bbox 810 2751 889 2812; x_wconf 90' lang='lat' dir='ltr'><strong>ergo</strong></span> <span class='ocrx_word' id='word_1_186' title='bbox 906 2750 966 2812; x_wconf 90' lang='lat' dir='ltr'><strong>pro</strong></span> <span class='ocrx_word' id='word_1_187' title='bbox 983 2729 1046 2791; x_wconf 92' lang='lat' dir='ltr'><strong>illis</strong></span> <span class='ocrx_word' id='word_1_188' title='bbox 1063 2729 1181 2792; x_wconf 88' lang='lat' dir='ltr'><strong>saltem</strong></span> <span class='ocrx_word' id='word_1_189' title='bbox 1199 2749 1306 2810; x_wconf 81' lang='lat' dir='ltr'><strong>poenae</strong></span> 
     </span>
     <span class='ocr_line' id='line_1_25' title="bbox 207 2830 1305 2917; baseline -0.001 -24"><span class='ocrx_word' id='word_1_190' title='bbox 207 2834 419 2899; x_wconf 90' lang='lat' dir='ltr'><strong>remittuntur</strong></span> <span class='ocrx_word' id='word_1_191' title='bbox 435 2856 478 2896; x_wconf 84' lang='lat' dir='ltr'><strong>ex</strong></span> <span class='ocrx_word' id='word_1_192' title='bbox 495 2856 594 2916; x_wconf 91' lang='lat' dir='ltr'><strong>opere</strong></span> <span class='ocrx_word' id='word_1_193' title='bbox 611 2846 748 2917; x_wconf 87' lang='lat' dir='ltr'><strong>operato</strong></span> <span class='ocrx_word' id='word_1_194' title='bbox 764 2847 798 2898; x_wconf 90' lang='lat' dir='ltr'><strong>et</strong></span> <span class='ocrx_word' id='word_1_195' title='bbox 814 2834 1015 2908; x_wconf 86' lang='lat' dir='ltr'><strong>immediate,</strong></span> <span class='ocrx_word' id='word_1_196' title='bbox 1031 2843 1064 2894; x_wconf 90' lang='lat' dir='ltr'><strong>et</strong></span> <span class='ocrx_word' id='word_1_197' title='bbox 1080 2833 1107 2894; x_wconf 92' lang='lat' dir='ltr'><strong>si</strong></span> <span class='ocrx_word' id='word_1_198' title='bbox 1124 2833 1171 2895; x_wconf 90' lang='lat' dir='ltr'><strong>ita</strong></span> <span class='ocrx_word' id='word_1_199' title='bbox 1186 2843 1245 2905; x_wconf 89' lang='lat' dir='ltr'><strong>est,</strong></span> <span class='ocrx_word' id='word_1_200' title='bbox 1262 2830 1305 2891; x_wconf 95' lang='lat' dir='ltr'><strong>nil</strong></span> 
     </span>
     <span class='ocr_line' id='line_1_26' title="bbox 207 2936 918 3018; baseline 0.001 -21"><span class='ocrx_word' id='word_1_201' title='bbox 207 2936 346 3016; x_wconf 87' lang='lat' dir='ltr'><strong>impedit</strong></span> <span class='ocrx_word' id='word_1_202' title='bbox 363 2939 441 3018; x_wconf 88' lang='lat' dir='ltr'><strong>quin</strong></span> <span class='ocrx_word' id='word_1_203' title='bbox 461 2939 548 3000; x_wconf 92' lang='lat' dir='ltr'><strong>idem</strong></span> <span class='ocrx_word' id='word_1_204' title='bbox 566 2941 607 3000; x_wconf 91' lang='lat' dir='ltr'><strong>de</strong></span> <span class='ocrx_word' id='word_1_205' title='bbox 624 2940 706 3000; x_wconf 90' lang='lat' dir='ltr'><strong>vivis</strong></span> <span class='ocrx_word' id='word_1_206' title='bbox 722 2939 787 3000; x_wconf 92' lang='lat' dir='ltr'><strong>dici</strong></span> <span class='ocrx_word' id='word_1_207' title='bbox 805 2937 918 3018; x_wconf 89' lang='lat' dir='ltr'><strong>possit.</strong></span> 
     </span>
    </p>

    <p class='ocr_par' dir='ltr' id='par_1_4' title="bbox 208 3037 1304 3325">
     <span class='ocr_line' id='line_1_27' title="bbox 252 3037 1304 3121; baseline -0.003 -21"><span class='ocrx_word' id='word_1_208' title='bbox 252 3049 318 3116; x_wconf 90' lang='lat'><strong>171.</strong></span> <span class='ocrx_word' id='word_1_209' title='bbox 365 3039 424 3120; x_wconf 86' lang='lat' dir='ltr'><strong>(C)</strong></span> <span class='ocrx_word' id='word_1_210' title='bbox 446 3041 590 3120; x_wconf 80' lang='lat' dir='ltr'><strong>Effetlas</strong></span> <span class='ocrx_word' id='word_1_211' title='bbox 611 3041 854 3121; x_wconf 82' lang='lat' dir='ltr'><strong>impetratarias</strong></span> <span class='ocrx_word' id='word_1_212' title='bbox 875 3039 1032 3120; x_wconf 78' lang='lat' dir='ltr'><strong>sacrificii</strong></span> <span class='ocrx_word' id='word_1_213' title='bbox 1052 3037 1168 3100; x_wconf 80' lang='lat' dir='ltr'><strong>Missa</strong></span> <span class='ocrx_word' id='word_1_214' title='bbox 1192 3037 1304 3099; x_wconf 86' lang='lat' dir='ltr'><strong>abtine-</strong></span> 
     </span>
     <span class='ocr_line' id='line_1_28' title="bbox 208 3139 1304 3224; baseline 0 -24"><span class='ocrx_word' id='word_1_215' title='bbox 208 3151 263 3201; x_wconf 86' lang='lat' dir='ltr'><strong>tar</strong></span> <span class='ocrx_word' id='word_1_216' title='bbox 282 3143 410 3220; x_wconf 76' lang='lat' dir='ltr'><strong>qaz&#39;rlem</strong></span> <span class='ocrx_word' id='word_1_217' title='bbox 433 3154 581 3223; x_wconf 79' lang='lat' dir='ltr'><strong>erepere</strong></span> <span class='ocrx_word' id='word_1_218' title='bbox 603 3155 737 3224; x_wconf 80' lang='lat' dir='ltr'><strong>operato,</strong></span> <span class='ocrx_word' id='word_1_219' title='bbox 757 3145 816 3205; x_wconf 85' lang='lat' dir='ltr'><strong>sed</strong></span> <span class='ocrx_word' id='word_1_220' title='bbox 829 3153 891 3223; x_wconf 85' lang='lat' dir='ltr'><strong>per</strong></span> <span class='ocrx_word' id='word_1_221' title='bbox 912 3142 1041 3203; x_wconf 85' lang='lat' dir='ltr'><strong>modam</strong></span> <span class='ocrx_word' id='word_1_222' title='bbox 1064 3139 1304 3221; x_wconf 79' lang='lat' dir='ltr'><strong>irrepetratianis,</strong></span> 
     </span>
     <span class='ocr_line' id='line_1_29' title="bbox 208 3245 972 3325; baseline 0.005 -23"><span class='ocrx_word' id='word_1_223' title='bbox 208 3255 390 3307; x_wconf 77' lang='lat' dir='ltr'><strong>narrantem</strong></span> <span class='ocrx_word' id='word_1_224' title='bbox 408 3247 638 3325; x_wconf 86' lang='lat' dir='ltr'><strong>infallibiliter.</strong></span> <span class='ocrx_word' id='word_1_225' title='bbox 687 3248 740 3309; x_wconf 91' lang='lat' dir='ltr'><strong>Ita</strong></span> <span class='ocrx_word' id='word_1_226' title='bbox 754 3245 972 3308; x_wconf 85' lang='lat' dir='ltr'><strong>camrmmiter.</strong></span> 
     </span>
    </p>

    <p class='ocr_par' dir='ltr' id='par_1_5' title="bbox 207 3346 1374 3739">
     <span class='ocr_line' id='line_1_30' title="bbox 207 3346 1303 3430; baseline -0.001 -24"><span class='ocrx_word' id='word_1_227' title='bbox 207 3347 257 3425; x_wconf 85' lang='lat' dir='ltr'><strong>(a)</strong></span> <span class='ocrx_word' id='word_1_228' title='bbox 275 3349 466 3428; x_wconf 87' lang='lat' dir='ltr'><strong>producitur</strong></span> <span class='ocrx_word' id='word_1_229' title='bbox 481 3362 620 3429; x_wconf 78' lang='lat' dir='ltr'><strong>erepere</strong></span> <span class='ocrx_word' id='word_1_230' title='bbox 635 3360 782 3430; x_wconf 81' lang='lat' dir='ltr'><strong>operata:</strong></span> <span class='ocrx_word' id='word_1_231' title='bbox 806 3368 882 3410; x_wconf 92' lang='lat' dir='ltr'><strong>nam</strong></span> <span class='ocrx_word' id='word_1_232' title='bbox 902 3347 933 3408; x_wconf 86' lang='grc' dir='ltr'><em>Τ</em></span> <span class='ocrx_word' id='word_1_233' title='bbox 930 3347 990 3408; x_wconf 87' lang='lat' dir='ltr'><strong>rid.</strong></span> <span class='ocrx_word' id='word_1_234' title='bbox 1004 3346 1150 3409; x_wconf 89' lang='lat' dir='ltr'><strong>declarat</strong></span> <span class='ocrx_word' id='word_1_235' title='bbox 1169 3346 1303 3406; x_wconf 84' lang='lat' dir='ltr'><strong>Missam</strong></span> 
     </span>
     <span class='ocr_line' id='line_1_31' title="bbox 207 3446 1374 3533; baseline -0.002 -21"><span class='ocrx_word' id='word_1_236' title='bbox 207 3451 316 3513; x_wconf 89' lang='lat' dir='ltr'><strong>offerri</strong></span> <span class='ocrx_word' id='word_1_237' title='bbox 333 3473 399 3515; x_wconf 94' lang='lat' dir='ltr'><strong>non</strong></span> <span class='ocrx_word' id='word_1_238' title='bbox 416 3452 524 3515; x_wconf 88' lang='lat' dir='ltr'><strong>solum</strong></span> <span class='ocrx_word' id='word_1_239' title='bbox 538 3453 764 3533; x_wconf 87' lang='lat' dir='ltr'><strong>propeccatis,</strong></span> <span class='ocrx_word' id='word_1_240' title='bbox 778 3452 885 3532; x_wconf 86' lang='lat' dir='ltr'><strong>poenis</strong></span> <span class='ocrx_word' id='word_1_241' title='bbox 898 3461 932 3512; x_wconf 89' lang='lat' dir='ltr'><strong>et</strong></span> <span class='ocrx_word' id='word_1_242' title='bbox 944 3446 1238 3523; x_wconf 72' lang='lat' dir='ltr'><strong>satissadtionibus,</strong></span> <span class='ocrx_word' id='word_1_243' title='bbox 1250 3446 1303 3508; x_wconf 89' lang='lat' dir='ltr'><strong>sed</strong></span> <span class='ocrx_word' id='word_1_244' title='bbox 1373 3497 1374 3510; x_wconf 70' lang='lat'><strong>.</strong></span> 
     </span>
     <span class='ocr_line' id='line_1_32' title="bbox 207 3553 1304 3636; baseline -0.007 -20"><span class='ocrx_word' id='word_1_245' title='bbox 207 3557 307 3617; x_wconf 89' lang='lat' dir='ltr'><strong>etiam</strong></span> <span class='ocrx_word' id='word_1_246' title='bbox 333 3576 392 3636; x_wconf 92' lang='lat' dir='ltr'><strong>pro</strong></span> <span class='ocrx_word' id='word_1_247' title='bbox 417 3557 514 3619; x_wconf 87' lang='lat' dir='ltr'><strong>“aliis</strong></span> <span class='ocrx_word' id='word_1_248' title='bbox 539 3557 791 3619; x_wconf 88' lang='lat' dir='ltr'><strong>necessitatibus</strong></span> <span class='ocrx_word' id='word_1_249' title='bbox 805 3557 828 3618; x_wconf 91' lang='grc'><strong>”.</strong></span> <span class='ocrx_word' id='word_1_250' title='bbox 875 3555 980 3635; x_wconf 87' lang='lat' dir='ltr'><strong>Atqui</strong></span> <span class='ocrx_word' id='word_1_251' title='bbox 1003 3553 1068 3615; x_wconf 85' lang='lat' dir='ltr'><strong>illae</strong></span> <span class='ocrx_word' id='word_1_252' title='bbox 1092 3553 1304 3614; x_wconf 87' lang='lat' dir='ltr'><strong>necessitates</strong></span> 
     </span>
     <span class='ocr_line' id='line_1_33' title="bbox 208 3656 1304 3739; baseline -0.009 -18"><span class='ocrx_word' id='word_1_253' title='bbox 208 3660 287 3722; x_wconf 91' lang='lat' dir='ltr'><strong>nihil</strong></span> <span class='ocrx_word' id='word_1_254' title='bbox 304 3660 395 3722; x_wconf 90' lang='lat' dir='ltr'><strong>aliud</strong></span> <span class='ocrx_word' id='word_1_255' title='bbox 412 3671 489 3723; x_wconf 90' lang='lat' dir='ltr'><strong>sunt</strong></span> <span class='ocrx_word' id='word_1_256' title='bbox 505 3661 564 3722; x_wconf 92' lang='lat' dir='ltr'><strong>nisi</strong></span> <span class='ocrx_word' id='word_1_257' title='bbox 586 3661 674 3722; x_wconf 90' lang='lat' dir='ltr'><strong>bona</strong></span> <span class='ocrx_word' id='word_1_258' title='bbox 698 3659 882 3739; x_wconf 90' lang='lat' dir='ltr'><strong>spiritualia</strong></span> <span class='ocrx_word' id='word_1_259' title='bbox 899 3658 949 3721; x_wconf 88' lang='lat' dir='ltr'><strong>vel</strong></span> <span class='ocrx_word' id='word_1_260' title='bbox 967 3656 1173 3737; x_wconf 89' lang='lat' dir='ltr'><strong>temporalia,</strong></span> <span class='ocrx_word' id='word_1_261' title='bbox 1189 3657 1304 3736; x_wconf 90' lang='lat' dir='ltr'><strong>quibus</strong></span> 
     </span>
    </p>
   </div>
   <div class='ocr_carea' id='block_1_2' title="bbox 208 3758 1372 4357">
    <p class='ocr_par' dir='ltr' id='par_1_6' title="bbox 208 3758 1305 3946">
     <span class='ocr_line' id='line_1_34' title="bbox 208 3758 1305 3844; baseline -0.006 -20"><span class='ocrx_word' id='word_1_262' title='bbox 208 3765 419 3844; x_wconf 87' lang='lat' dir='ltr'><strong>indigemus;</strong></span> <span class='ocrx_word' id='word_1_263' title='bbox 457 3784 536 3844; x_wconf 89' lang='lat' dir='ltr'><strong>ergo</strong></span> <span class='ocrx_word' id='word_1_264' title='bbox 567 3784 610 3825; x_wconf 88' lang='lat' dir='ltr'><strong>ex</strong></span> <span class='ocrx_word' id='word_1_265' title='bbox 642 3783 677 3824; x_wconf 88' lang='lat' dir='ltr'><strong>se</strong></span> <span class='ocrx_word' id='word_1_266' title='bbox 708 3761 904 3824; x_wconf 88' lang='lat' dir='ltr'><strong>sacrificium</strong></span> <span class='ocrx_word' id='word_1_267' title='bbox 937 3761 1051 3823; x_wconf 78' lang='lat' dir='ltr'><strong>Missae</strong></span> <span class='ocrx_word' id='word_1_268' title='bbox 1081 3759 1206 3839; x_wconf 85' lang='lat' dir='ltr'><strong>gratias</strong></span> <span class='ocrx_word' id='word_1_269' title='bbox 1239 3758 1305 3820; x_wconf 89' lang='lat' dir='ltr'><strong>illas</strong></span> 
     </span>
     <span class='ocr_line' id='line_1_35' title="bbox 208 3863 1303 3946; baseline -0.008 -18"><span class='ocrx_word' id='word_1_270' title='bbox 208 3868 343 3930; x_wconf 91' lang='lat' dir='ltr'><strong>obtinet.</strong></span> <span class='ocrx_word' id='word_1_271' title='bbox 393 3869 519 3930; x_wconf 83' lang='lat' dir='ltr'><strong>Revera</strong></span> <span class='ocrx_word' id='word_1_272' title='bbox 537 3867 695 3942; x_wconf 90' lang='lat' dir='ltr'><strong>Christus,</strong></span> <span class='ocrx_word' id='word_1_273' title='bbox 712 3867 854 3946; x_wconf 89' lang='lat' dir='ltr'><strong>seipsum</strong></span> <span class='ocrx_word' id='word_1_274' title='bbox 873 3864 1053 3940; x_wconf 83' lang='lat' dir='ltr'><strong>offerenda,</strong></span> <span class='ocrx_word' id='word_1_275' title='bbox 1063 3872 1158 3942; x_wconf 87' lang='lat' dir='ltr'><strong>rogat</strong></span> <span class='ocrx_word' id='word_1_276' title='bbox 1176 3863 1303 3925; x_wconf 90' lang='lat' dir='ltr'><strong>Patrem</strong></span> 
     </span>
    </p>

    <p class='ocr_par' dir='ltr' id='par_1_7' title="bbox 209 3963 1304 4154">
     <span class='ocr_line' id='line_1_36' title="bbox 209 3963 1304 4051; baseline -0.009 -19"><span class='ocrx_word' id='word_1_277' title='bbox 209 3981 254 4045; x_wconf 89' lang='lat' dir='ltr'><strong>ut,</strong></span> <span class='ocrx_word' id='word_1_278' title='bbox 270 3982 405 4051; x_wconf 88' lang='lat' dir='ltr'><strong>propter</strong></span> <span class='ocrx_word' id='word_1_279' title='bbox 421 3971 538 4032; x_wconf 90' lang='lat' dir='ltr'><strong>merita</strong></span> <span class='ocrx_word' id='word_1_280' title='bbox 555 3991 622 4044; x_wconf 87' lang='lat' dir='ltr'><strong>sua,</strong></span> <span class='ocrx_word' id='word_1_281' title='bbox 639 3970 754 4051; x_wconf 77' lang='lat' dir='ltr'><strong>gratiae</strong></span> <span class='ocrx_word' id='word_1_282' title='bbox 777 3968 872 4030; x_wconf 91' lang='lat' dir='ltr'><strong>nobis</strong></span> <span class='ocrx_word' id='word_1_283' title='bbox 893 3968 1100 4039; x_wconf 91' lang='lat' dir='ltr'><strong>tribuantur;</strong></span> <span class='ocrx_word' id='word_1_284' title='bbox 1123 3984 1224 4045; x_wconf 88' lang='lat' dir='ltr'><strong>porro</strong></span> <span class='ocrx_word' id='word_1_285' title='bbox 1240 3963 1304 4043; x_wconf 89' lang='lat' dir='ltr'><strong>ejus</strong></span> 
     </span>
     <span class='ocr_line' id='line_1_37' title="bbox 210 4072 821 4154; baseline -0.005 -19"><span class='ocrx_word' id='word_1_286' title='bbox 210 4093 322 4154; x_wconf 88' lang='lat' dir='ltr'><strong>preces</strong></span> <span class='ocrx_word' id='word_1_287' title='bbox 339 4092 404 4132; x_wconf 92' lang='lat' dir='ltr'><strong>non</strong></span> <span class='ocrx_word' id='word_1_288' title='bbox 423 4083 561 4152; x_wconf 89' lang='lat' dir='ltr'><strong>possunt</strong></span> <span class='ocrx_word' id='word_1_289' title='bbox 579 4093 643 4135; x_wconf 90' lang='lat' dir='ltr'><strong>non</strong></span> <span class='ocrx_word' id='word_1_290' title='bbox 662 4072 821 4134; x_wconf 90' lang='lat' dir='ltr'><strong>exaudiri.</strong></span> 
     </span>
    </p>

    <p class='ocr_par' dir='ltr' id='par_1_8' title="bbox 209 4168 1303 4254">
     <span class='ocr_line' id='line_1_38' title="bbox 209 4168 1303 4254; baseline -0.01 -15"><span class='ocrx_word' id='word_1_291' title='bbox 209 4175 260 4254; x_wconf 87' lang='lat' dir='ltr'><strong>(b)</strong></span> <span class='ocrx_word' id='word_1_292' title='bbox 277 4195 338 4234; x_wconf 85' lang='lat' dir='ltr'><strong>aaa</strong></span> <span class='ocrx_word' id='word_1_293' title='bbox 354 4184 461 4235; x_wconf 87' lang='lat' dir='ltr'><strong>autem</strong></span> <span class='ocrx_word' id='word_1_294' title='bbox 478 4174 718 4252; x_wconf 81' lang='lat' dir='ltr'><strong>infallibiliter:</strong></span> <span class='ocrx_word' id='word_1_295' title='bbox 742 4195 828 4248; x_wconf 89' lang='lat' dir='ltr'><strong>nam,</strong></span> <span class='ocrx_word' id='word_1_296' title='bbox 845 4173 997 4254; x_wconf 87' lang='lat' dir='ltr'><strong>quamvis</strong></span> <span class='ocrx_word' id='word_1_297' title='bbox 1014 4169 1210 4234; x_wconf 88' lang='lat' dir='ltr'><strong>sacrificium</strong></span> <span class='ocrx_word' id='word_1_298' title='bbox 1229 4168 1303 4232; x_wconf 88' lang='lat' dir='ltr'><strong>Mis·</strong></span> 
     </span>
    </p>

    <p class='ocr_par' dir='ltr' id='par_1_9' title="bbox 210 4271 1372 4357">
     <span class='ocr_line' id='line_1_39' title="bbox 210 4271 1372 4357; baseline 0.001 -21"><span class='ocrx_word' id='word_1_299' title='bbox 210 4299 254 4338; x_wconf 72' lang='lat' dir='ltr'><strong>sa</strong></span> <span class='ocrx_word' id='word_1_300' title='bbox 279 4297 322 4338; x_wconf 87' lang='lat' dir='ltr'><strong>ex</strong></span> <span class='ocrx_word' id='word_1_301' title='bbox 345 4296 379 4336; x_wconf 89' lang='lat' dir='ltr'><strong>se</strong></span> <span class='ocrx_word' id='word_1_302' title='bbox 403 4277 446 4336; x_wconf 89' lang='lat' dir='ltr'><strong>sit</strong></span> <span class='ocrx_word' id='word_1_303' title='bbox 467 4276 585 4336; x_wconf 85' lang='lat' dir='ltr'><strong>efficax</strong></span> <span class='ocrx_word' id='word_1_304' title='bbox 606 4280 646 4338; x_wconf 90' lang='lat' dir='ltr'><strong>ad</strong></span> <span class='ocrx_word' id='word_1_305' title='bbox 669 4279 793 4357; x_wconf 88' lang='lat' dir='ltr'><strong>gratias</strong></span> <span class='ocrx_word' id='word_1_306' title='bbox 814 4276 1023 4350; x_wconf 90' lang='lat' dir='ltr'><strong>obtinendas,</strong></span> <span class='ocrx_word' id='word_1_307' title='bbox 1040 4275 1103 4336; x_wconf 87' lang='lat' dir='ltr'><strong>illae</strong></span> <span class='ocrx_word' id='word_1_308' title='bbox 1126 4273 1245 4354; x_wconf 70' lang='lat' dir='ltr'><strong>gratiae</strong></span> <span class='ocrx_word' id='word_1_309' title='bbox 1267 4271 1304 4332; x_wconf 86' lang='lat' dir='ltr'><strong>de</strong></span> <span class='ocrx_word' id='word_1_310' title='bbox 1371 4273 1372 4337; x_wconf 86' lang='lat' dir='ltr'><strong>l</strong></span> 
     </span>
    </p>
   </div>
   <div class='ocr_carea' id='block_1_3' title="bbox 0 0 1394 4652">
    <p class='ocr_par' dir='ltr' id='par_1_10' title="bbox 0 0 1394 4652">
     <span class='ocr_line' id='line_1_40' title="bbox 0 0 1394 4652; baseline 0 0"><span class='ocrx_word' id='word_1_311' title='bbox 0 0 1394 4652; x_wconf 95' lang='lat' dir='ltr'><strong> </strong></span> 
     </span>
    </p>
   </div>
  </div>
 </body>
</html>
