2770 4652
242 169 309 220 506
442 168 498 217 DE
517 168 816 219 POENITENTIAE
833 168 1138 218 SACRAMENTO.

241 349 405 431 probabili
429 351 637 424 assentimus,
654 352 733 431 quia
755 351 976 414 confessarius
1000 353 1033 413 in
1058 352 1121 414 hoc
1144 372 1217 414 casu
1239 352 1324 413 verba

242 453 462 516 absolutionis
475 475 550 517 vere
566 453 699 535 profert,
712 464 745 517 et
762 456 880 518 eadem
893 457 936 518 ad
953 475 1049 518 aures
1063 457 1251 538 poenitentis
1263 477 1325 517 vere

243 558 446 638 pertingunt,
462 557 604 638 ideoque
620 557 685 620 dici
709 568 822 639 potest
845 559 1066 639 poenitentem
1088 579 1160 620 esse
1181 559 1325 620 sacerdoti

244 662 414 723 moraliter
438 669 646 742 praesentem.
694 661 762 725 Sed
789 663 854 736 alii,
880 683 956 725 cnm
984 661 1172 725 Lelrrakulrl
1197 662 1265 740 (vol.
1292 661 1327 735 ll,

245 784 275 827 n.
294 764 371 845 876)
387 783 461 826 eam
478 784 550 826 esse
567 764 758 840 invalidam,
768 776 826 827 aut
841 765 959 827 saltem
977 765 1114 828 dubiam
1131 765 1327 836 contendunt,

246 868 324 948 quia
344 867 470 947 judicia
491 887 557 929 non
580 868 690 931 solent
706 868 768 930 hoc
785 867 886 929 modo
911 867 995 930 ferri.
1043 868 1110 929 Res
1127 867 1169 930 ad
1188 867 1218 930 S.
1237 866 1327 927 Poeni-

247 971 434 1034 tentiariam
452 971 564 1034 delata
582 971 651 1047 luit,
668 974 725 1034 sed
742 972 913 1053 proposito
927 971 1032 1034 dubio
1047 977 1063 1004 ‘¹
1077 979 1187 1033 utrum
1212 970 1241 1030 in
1264 989 1327 1030 casu

247 1089 408 1138 extremae
440 1076 646 1138 necessitatis
678 1077 748 1138 dari
779 1076 884 1157 possit
916 1074 1082 1138 absolutio
1114 1094 1174 1156 per
1200 1072 1329 1154 telepho

248 1179 339 1241 nium
352 1179 400 1254 ’'i,
424 1179 590 1260 rescripsit
613 1179 668 1241 die
695 1178 790 1259 1Jul.
811 1180 893 1257 1884
919 1177 1029 1239 “nihil
1051 1197 1124 1239 esse
1148 1175 1329 1258 responden-

247 1285 327 1346 dum
341 1283 381 1357 '';
414 1282 503 1362 quod
532 1282 666 1362 quidem
697 1281 855 1362 importat
880 1280 980 1342 talem
1007 1280 1250 1343 absolutionem
1273 1299 1330 1339 esse

248 1383 345 1446 valde
372 1383 522 1457 dubiam,
551 1403 611 1444 nec
638 1383 857 1462 quaestionem
886 1382 995 1444 adhuc
1024 1382 1124 1446 luisse
1151 1382 1331 1445 sufficienter

249 1489 458 1551 elucidatam.

292 1604 341 1669 49.
391 1603 424 1668 5⁰
441 1589 561 1672 Quoad
587 1589 727 1651 sormam
751 1587 997 1668 deprecativam,
1017 1610 1045 1650 v.
1070 1608 1100 1670 g.
1147 1589 1265 1651 “Deus
1287 1587 1332 1648 tibi

251 1694 418 1754 condonet
441 1702 579 1772 peccata
602 1701 668 1765 tua,
693 1690 737 1750 sis
761 1689 942 1766 absolutus,
965 1701 1036 1753 esto
1060 1692 1256 1754 absolutus”
1277 1701 1333 1776 εἰς,

252 1797 322 1858 haec
339 1796 516 1858 statuenda
529 1796 682 1858 videntur
697 1815 703 1856 :

295 1899 355 1980 (A)
373 1899 495 1981 Negari
520 1901 644 1980 nequit,
665 1898 827 1979 quidquid
854 1898 885 1958 in
909 1898 1111 1960 contrarium
1134 1899 1247 1962 dicant
1269 1915 1335 1959 non-

253 2004 333 2065 nulli
351 2003 508 2084 theologi,
524 2021 597 2064 eam
616 2002 681 2064 late
699 2002 730 2062 in
749 2019 809 2062 usu
827 1999 936 2076 tuisse,
953 2001 1020 2063 imo
1037 2003 1142 2064 solam
1160 2003 1297 2084 viguisse
1311 2001 1334 2060 in

255 2107 404 2170 Ecclesia
420 2107 583 2172 Orientali
598 2128 656 2189 per
673 2105 778 2169 multa
796 2105 917 2169 saecula
934 2129 941 2184 ;
965 2105 1041 2168 licet
1056 2107 1145 2168 enim
1164 2117 1273 2169 textus
1290 2105 1335 2168 Pa·

254 2225 337 2274 trum
360 2211 422 2273 hac
438 2210 480 2273 de
497 2231 530 2272 re
547 2211 720 2273 decretorii
744 2228 810 2270 non
833 2209 908 2284 sint,
925 2210 1004 2270 dum
1025 2209 1141 2271 dicunt
1158 2207 1337 2270 orationibus

257 2315 446 2379 Sacerdotis
462 2325 600 2395 peccata
616 2312 750 2388 dimitti,
767 2313 845 2393 quia
866 2331 955 2392 saepe
971 2321 1076 2393 agunt
1091 2313 1134 2373 de
1160 2311 1336 2392 poenitentil

257 2418 398 2499 publica,
416 2437 481 2479 non
506 2417 548 2478 de
572 2426 789 2488 sacramento
808 2425 841 2477 et
865 2415 999 2478 aliunde
1021 2413 1164 2477 sormam
1189 2413 1337 2476 affirmati·

256 2541 332 2583 vam
358 2541 422 2582 non
449 2520 643 2595 excludunt,
661 2539 712 2581 res
736 2529 847 2581 tamen
872 2528 969 2580 extra
992 2518 1131 2580 dubium
1157 2519 1285 2598 ponitur
1304 2535 1336 2576 ex

257 2624 402 2704 antiquis
420 2622 601 2698 ritualibus,
618 2624 650 2684 in
668 2623 787 2702 quibus
805 2623 905 2684 nullae
923 2623 997 2684 aliae
1014 2622 1130 2684 formae
1147 2623 1337 2684 inveniuntur

259 2726 320 2788 nisi
344 2727 590 2807 deprecativae:
621 2726 713 2787 Deus
737 2725 906 2806 indulgeat
929 2726 987 2787 tibi
1012 2725 1125 2786 omnia
1149 2735 1288 2805 peccata,
1303 2743 1336 2782 re·

258 2830 370 2892 mittat
385 2830 470 2891 tibi...
488 2829 629 2890 condona
646 2838 784 2909 peccata
800 2829 884 2890 servi
901 2829 949 2891 tui
964 2837 1025 2891 etc.
1073 2827 1222 2890 Aliunde
1238 2829 1268 2889 id
1287 2824 1335 2887 col·

260 2934 315 3014 ligi
334 2941 445 3013 potest
461 2953 503 2993 ex
523 2929 739 2994 instrutiione
758 2930 929 2993 Clcrrrentr's
954 2931 1043 2994 VIII
1058 2927 1190 3016 (1595),
1208 2931 1261 2993 ubi
1276 2928 1336 2992 dici·

261 3049 339 3098 tur:
380 3036 556 3099 “Utantur
584 3036 690 3098 forma
721 3034 938 3097 absolutionis
969 3035 1001 3095 in
1033 3034 1179 3115 generali
1212 3031 1337 3097 Concilio

263 3140 465 3220 praescripta,
481 3149 515 3201 et
539 3148 665 3219 postea,
681 3139 707 3198 si
731 3136 903 3211 voluerint,
925 3137 1038 3198 dicant
1061 3137 1245 3199 orationem
1268 3135 1337 3197 illam

262 3241 506 3322 deprecativam,
521 3263 619 3320 quam
636 3252 699 3320 pro
706 3239 823 3319 ferrari
838 3239 1026 3319 lasiesmodr'
1039 3239 1246 3301 absolutionis
1259 3239 1339 3301 daea·

264 3353 392 3405 tantam
405 3353 632 3404 consueverunt
643 3344 666 3404 ¹¹.
708 3343 895 3404 Recentiori
910 3353 1020 3404 tamen
1038 3353 1136 3404 aetate
1150 3342 1263 3406 sormae
1275 3343 1339 3404 indi-

265 3449 381 3510 cativae
409 3447 441 3508 in
470 3467 529 3508 usu
559 3446 690 3508 luerunt
718 3447 805 3526 apud
831 3445 973 3520 Graecos,
998 3447 1066 3508 sive
1090 3447 1268 3508 catholicos
1288 3447 1338 3506 sive

264 3550 498 3612 schismaticos
510 3587 552 3594 —
565 3550 602 3610 ln
615 3549 763 3610 Ecclesia
776 3547 907 3623 Latiari,
919 3549 1044 3610 nullum
1058 3550 1234 3629 vestigium
1248 3549 1338 3611 forma

264 3653 453 3714 indicativae
470 3652 636 3712 invenitur
649 3672 752 3732 usque
766 3653 807 3714 ad
822 3652 979 3713 saeculum
997 3653 1059 3727 lX;
1082 3652 1201 3714 abhoc
1215 3663 1338 3734 tempore

268 3753 384 3817 formae
400 3755 590 3816 indicativae
615 3755 776 3835 incipiunt
801 3754 913 3815 sormis
935 3755 1154 3834 deprecativis
1177 3755 1275 3830 addi;
1297 3753 1338 3814 sed

266 3858 318 3918 hic
343 3877 420 3919 usus
445 3877 510 3920 non
538 3859 598 3920 luit
623 3860 809 3920 communis
834 3858 894 3919 nisi
922 3860 1088 3921 mediante
1112 3859 1235 3920 saeculo
1258 3857 1338 3920 Xlll;

268 3977 344 4020 narn
359 3959 453 4020 initio
466 3959 613 4038 ejusdem
629 3961 740 4022 saeculi
754 3961 937 4024 Galr'elmus
947 3962 1147 4025 Parisr'eusr's
1159 3963 1310 4026 scribebat
1320 3973 1339 4020 ¹:

267 4068 282 4093 ‘¹
296 4060 412 4142 Neque
431 4081 520 4122 more
539 4063 689 4142 judicum
709 4065 943 4126 sorensicorum
961 4065 1154 4144 pronuntiat
1171 4065 1339 4128 confessor:

728 4201 808 4208 ——-.-
820 4203 926 4208 ——-.—

415 4303 511 4340 tcram.
529 4288 629 4341 Poenit.
647 4305 670 4340 c.
691 4303 729 4357 19,
746 4307 790 4357 ap.
805 4291 898 4358 I'esclz,
912 4309 938 4345 n.
954 4307 1012 4360 292.
