2752 4648
270 135 325 183 DE
343 134 635 186 SACRAMENTO
653 131 968 185 EUCHARISTIAE.
1107 127 1166 178 371

87 316 283 379 morationem
296 318 310 343 ”
325 341 332 394 ;
354 328 388 380 et
405 318 539 398 insuper
551 315 703 379 fidelibus
715 315 909 398 praeceperit
922 310 1166 377 Eucharistiam

84 420 233 500 recipere:
256 421 358 483 “Nisi
376 419 650 484 manducaveritis
662 421 687 494 ”,
704 429 763 481 etc.

120 525 180 614 (B)
203 531 233 592 Τ
230 531 413 593 reditione:
435 529 485 610 (a)
501 549 545 590 ex
561 528 720 591 Patribus
735 529 845 591 citatis
860 528 916 590 ubi
933 528 975 590 de
990 525 1167 607 praesentitt

81 631 155 694 reali.
198 632 250 712 (b)
275 633 330 695 Ex
359 632 448 694 Trebi
472 630 652 694 definiente
675 634 692 661 “
701 640 830 712 septem
854 651 927 692 esse
949 637 1167 700 sacramenta,

80 731 286 813 Baptismum,
303 733 607 808 Confirmationem,
624 733 870 796 Euclraristiaru
886 733 964 795 etc.'’

116 842 175 929 (C)
193 846 270 909 Rat.
285 868 369 908 court.
385 871 396 906 .·
418 847 499 909 Vita
515 845 694 928 spiritualis
718 847 796 909 vitae
819 845 981 926 corporali
1005 842 1166 906 assimila-

77 955 140 1024 tu1·;
161 949 253 1028 atqui
271 949 304 1010 in
320 949 389 1010 vita
405 949 577 1030 corporali,
594 958 713 1029 praeter
735 949 1076 1030 generationem,un
1099 947 1167 1008 vita

77 1052 253 1130 acquiritur,
268 1060 302 1114 et
324 1061 552 1132 augmentum,
568 1072 636 1132 quo
659 1049 817 1132 perfettio
832 1051 909 1113 vitae
925 1049 1100 1121 obtinetur,
1119 1068 1167 1109 re-

77 1152 203 1231 quiritur
218 1153 425 1228 alimentum,
438 1175 495 1234 per
511 1154 600 1234 quod
613 1154 682 1215 vita
694 1161 906 1216 conservetur
919 1176 926 1232 ;
949 1171 1027 1232 ergo
1044 1151 1167 1232 pariter

77 1254 181 1319 invita
196 1258 369 1339 spirituali,
382 1267 502 1338 praeter
518 1257 729 1338 Baptismum
745 1274 813 1336 quo
828 1263 1040 1335 regeneratur
1055 1253 1166 1327 homo,

76 1367 103 1419 et
123 1359 426 1435 Confirmationem,
449 1365 516 1443 qua
540 1360 721 1434 roboratur,
744 1359 918 1440 requiritur
941 1356 1031 1420 aliud
1059 1375 1165 1418 sacra·

77 1473 223 1535 mentum,
240 1481 307 1542 quo
324 1464 474 1527 nutritur.
519 1461 570 1542 (5.
593 1463 649 1525 Tb.
667 1480 694 1542 3.
711 1481 796 1542 p.,q.
814 1476 864 1540 73,
880 1481 906 1522 a
929 1460 967 1540 1.)
1017 1455 1019 1459 ’

110 1566 156 1645 78.
204 1567 273 1656 (D.)
293 1571 350 1634 Ex
366 1571 429 1634 hoc
446 1571 585 1652 intelligi
602 1574 700 1634 datur
722 1591 780 1632 cur
801 1590 879 1632 sacr.
898 1567 1115 1633 Eucharistiae
1131 1568 1164 1630 in

76 1669 180 1734 ultima
207 1677 304 1736 coena
330 1674 566 1736 convenienter
592 1674 780 1738 institutum
808 1671 929 1735 luerit:
961 1671 1011 1752 (a)
1038 1672 1166 1735 ratione

75 1775 221 1837 conteuti:
245 1777 433 1838 continetur
448 1777 536 1838 enim
555 1777 625 1859 ipse
643 1775 794 1840 Christus
810 1776 842 1838 in
859 1775 922 1838 hoc
938 1784 1165 1848 sacramento:

76 1879 155 1956 atqui
171 1899 354 1960 congruum
370 1887 442 1942 erat
459 1879 626 1943 Christum
644 1879 789 1961 seipsum
808 1877 980 1958 Apostolis
996 1877 1166 1959 reliquisse

75 1979 128 2041 sub
142 1981 372 2044 sacramentali
389 1981 498 2063 specie
515 2001 555 2044 eo
571 1983 707 2065 praecisc
727 1982 863 2045 instanti
879 2002 946 2062 quo
962 1981 1165 2044 discessurus

75 2093 143 2156 erat,
154 2085 238 2146 sicut
254 2085 286 2146 in
304 2084 456 2148 absentia
471 2084 678 2166 imperatoris
695 2085 873 2148 exhibetur
889 2085 1077 2148 veneranda
1093 2083 1164 2163 ejus

18 2205 19 2240 2
75 2183 194 2266 imago;
218 2187 269 2266 (b)
287 2188 414 2249 ratione
429 2186 679 2268 significationis
691 2211 702 2251 :
723 2185 935 2249 'Eucharistia
958 2196 1008 2249 est
1031 2186 1163 2268 signum

18 2273 19 2310 l
75 2288 350 2350 rernemorativum
368 2290 532 2369 passionis
551 2290 698 2365 Domini,
713 2291 785 2353 sine
801 2293 864 2371 qud
881 2310 947 2353 non
965 2299 1164 2372 potestesse

18 2379 20 2454 l
74 2387 171 2465 salus;
194 2410 273 2471 ergo
289 2395 508 2458 conveniebat
529 2395 721 2476 hujusmodi
743 2395 875 2477 signum
900 2393 1031 2455 nonnisi
1056 2393 1163 2455 immi-

75 2501 163 2552 nente
185 2493 340 2573 passione
364 2495 513 2572 institui3
540 2497 589 2578 (c)
612 2499 739 2562 ratione
753 2499 861 2581 fieres:
885 2495 1094 2578 Eucharistia
1114 2505 1164 2558 est

74 2592 182 2673 pignus
205 2595 327 2657 amoris
350 2605 384 2659 et
407 2599 450 2660 ad
476 2598 748 2663 inflammandam
773 2602 944 2663 caritatem
971 2597 1163 2674 ordinatur;

74 2696 153 2774 atqui
169 2717 208 2758 ea
223 2717 298 2779 quae
315 2697 434 2762 ultimo
450 2701 614 2776 dicuntur,
627 2704 776 2765 maxime
792 2703 835 2765 ab
851 2703 965 2764 amicis
982 2702 1163 2762 recedenti-

74 2793 125 2857 bus
137 2801 241 2881 magis
254 2802 424 2864 memoriae
436 2807 715 2868 commendantur
726 2816 759 2867 et
771 2805 980 2866 inflammant
993 2799 1162 2878 affebium;

74 2915 141 2978 ergo
157 2901 366 2966 Eucharistia
383 2907 649 2970 convenientera
663 2908 796 2971 Christo
807 2908 963 2970 instituta
980 2906 1040 2968 luit
1057 2905 1161 2987 pridie

73 3018 160 3078 quam
177 3013 352 3086 pateretur.
398 3006 450 3088 (S.
472 3008 528 3071 Tu.
547 3028 574 3090 3,
591 3031 620 3092 p.
638 3031 667 3092 q.
684 3025 735 3091 73,
751 3029 777 3074 a.
797 3011 838 3091 5.)

264 3179 313 3241 11.
338 3179 393 3237 De
412 3176 551 3242 natura
568 3182 687 3254 hujus
711 3175 971 3240 sacramenti¹.

107 3331 151 3399 79.
201 3333 233 3382 10
250 3322 469 3400 Eucharistia,
485 3337 583 3407 prout
606 3337 859 3396 sacramentum,
875 3325 1003 3388 deliniri
1028 3334 1159 3407 potest:

72 3435 296 3486 sacramentum
311 3425 357 3490 N.
372 3427 419 3502 L,
436 3428 470 3489 in
491 3450 561 3508 que,
576 3428 635 3490 sub
650 3429 807 3509 speciebus
821 3429 1008 3492 consecratis
1016 3429 1117 3508 panis
1132 3440 1162 3492 et

72 3523 140 3600 vini,
154 3537 265 3606 cerpus
279 3537 310 3589 et
322 3529 459 3610 sanguis
476 3529 601 3594 Christi
620 3551 700 3606 vere,
716 3523 849 3593 realiter
861 3541 893 3592 et
904 3531 1163 3593 substantialiter

71 3628 266 3703 continentur,
281 3629 574 3712 adpreduccnduru
584 3634 733 3714 gratiam
748 3647 812 3716 per
829 3634 958 3696 medum
977 3634 1161 3713 spiritualis

71 3727 226 3794 alimonie.
252 3755 253 3760 ¹
267 3733 398 3795 Dicitur
410 3734 460 3814 (a)
472 3736 530 3798 sub
545 3737 699 3816 speciebus
713 3736 937 3799 consecratus...
954 3736 1073 3818 quibus
1090 3758 1159 3801 ver-

72 3827 115 3890 bis
132 3832 315 3896 declaratur
336 3839 476 3898 materr'a
498 3847 628 3912 rerueta,
644 3859 686 3901 sc.
711 3841 816 3921 panis
831 3848 864 3901 et
887 3839 1009 3912 vinum,
1026 3841 1160 3921 insuper

101 4054 108 4076 ¹
122 4051 149 4104 S.
164 4053 189 4106 T
185 4055 256 4108 born.
273 4069 330 4125 3p.
346 4071 373 4125 q.
390 4069 433 4124 73,
449 4073 474 4110 a.
492 4075 523 4122 ²3
537 4059 654 4124 Suarez,
669 4058 736 4127 disp.
751 4075 785 4128 4²
799 4078 806 4123 ς
818 4056 910 4129 Luget,
921 4059 990 4128 disp.
1008 4061 1063 4112 1·ll
1076 4079 1083 4124 3
1098 4060 1161 4112 Bel-

70 4135 208 4204 laruu'nus,
223 4144 240 4196 1.
259 4143 399 4209 1v,c.6;
418 4145 555 4211 Br'lluart,
569 4145 636 4200 diss.
653 4148 692 4214 11,
708 4164 733 4200 a.
754 4163 763 4199 1
787 4145 801 4216 ἓ
816 4163 841 4214 2,
854 4167 878 4202 a.
895 4165 909 4202 2
918 4166 925 4212 ;
944 4150 1090 4210 Rosset,-n.
1108 4146 1159 4214 364

71 4235 119 4291 ης
135 4227 166 4278 rie
177 4227 356 4299 Augustinus,
370 4247 396 4299 p.
414 4232 455 4293 ll,
471 4248 495 4285 a.
514 4247 534 4286 1.
