2808 4664
346 134 404 184 DE
423 134 504 184 DEO
522 87 896 184 REMUNXRATORE.
1103 123 1169 176 74³

69 333 146 376 cum
164 315 355 396 corporibus
366 315 449 392 suis,
464 325 498 378 et
514 313 672 378 reddituri
689 321 766 377 sunt
789 311 830 374 de
855 307 949 373 fatris
966 305 1104 390 propriis
1120 323 1169 367 ra·

69 417 198 479 tionem
212 417 238 480 ”.

112 523 163 588 81.
206 516 270 605 (A)
284 522 455 602 Scrz'ptma
471 542 538 585 non
555 521 661 584 solum
678 519 802 593 asserit,
819 517 876 579 sed
887 513 1041 596 graphice
1055 510 1169 576 descri-

68 622 117 684 bit
128 622 291 702 judicium
309 625 491 688 universale
508 648 515 687 :
538 624 652 688 “Cum
675 631 786 686 autern
803 619 930 683 venerit
947 617 1049 679 Filius
1065 611 1170 676 homi·

68 725 121 787 nis
138 726 171 789 in
188 727 363 807 majestate
378 731 446 802 sua,
462 737 496 790 et
517 747 633 790 ornnes
651 724 773 806 Angeli
790 742 865 785 cum
882 741 931 795 eo,
947 729 1026 782 tunc
1042 715 1171 780 sedebit

67 848 169 909 super
184 829 297 893 sedem
314 830 498 911 majestatis
514 849 590 892 suae.
637 829 683 890 Et
695 825 986 907 congregabuntur
1000 829 1079 885 ante
1094 837 1170 881 eum

65 953 179 993 omnes
187 942 306 1013 gentes,
318 944 352 997 et
364 933 531 1016 separabit
546 953 603 995 eos
619 932 662 994 ab
678 930 828 1004 invicem,
840 929 926 990 sicut
938 934 1051 1008 pastor
1062 941 1171 1002 segre·

66 1044 128 1113 gat
144 1054 222 1096 oves
239 1035 282 1098 ab
297 1035 401 1099 haedis
412 1037 451 1080 ”1
468 1045 547 1099 etc...
592 1033 746 1097 “Omnes
770 1031 858 1094 enim
883 1049 944 1091 nos
968 1021 1170 1090 manifestari

65 1146 203 1217 oportet
219 1147 297 1201 ante
312 1139 456 1202 tribunal
474 1136 606 1210 Christi,
616 1146 653 1199 ut
669 1135 787 1198 reserat
799 1125 1023 1213 unusquisque
1039 1126 1172 1210 propria

65 1241 225 1321 corporis,
242 1251 340 1323 prout
356 1244 468 1323 gessit,
483 1244 553 1305 sive
568 1242 693 1304 bonum
710 1241 778 1302 sive
796 1238 919 1301 malum
933 1236 981 1300 ''2.

114 1339 184 1427 (Β)
201 1343 328 1420 Patres,
344 1345 413 1407 sive
435 1345 560 1419 Latini,
576 1345 644 1406 sive
670 1341 782 1418 Grceci,
799 1341 878 1404 illud
903 1341 1027 1419 dogma
1049 1337 1172 1400 diserte

64 1456 100 1508 et
118 1444 279 1526 explicite
294 1449 417 1510 docent
433 1469 440 1524 ;
464 1467 548 1510 unus
572 1447 727 1509 audiatur
743 1443 975 1526 Augustinuss
989 1463 1000 1504 .·
1022 1445 1037 1473 ‘⁸
1053 1438 1172 1501 Nullus

64 1549 118 1610 vel
152 1559 262 1630 negat,
288 1550 339 1613 vel
371 1550 505 1615 dubitat
535 1572 593 1633 per
619 1551 647 1632 J.
678 1549 845 1615 Christum
872 1547 948 1622 tale,
973 1544 1070 1626 quale
1102 1543 1172 1604 istis

65 1651 129 1716 SS.
151 1651 268 1714 litteris
291 1654 545 1735 praenunciatur,
569 1653 715 1717 futurum
743 1671 814 1714 esse
842 1650 1058 1713 novissimum
1085 1644 1172 1726 judi·

64 1756 166 1830 cium,
179 1756 241 1818 nisi
257 1758 313 1837 qui
330 1757 454 1820 eisdem
472 1756 590 1818 litteris
605 1756 716 1817 nescio
732 1759 797 1835 qua
814 1751 998 1816 incredibili
1015 1747 1172 1812 animosi·

63 1867 137 1920 tate
153 1879 211 1922 seu
228 1860 378 1922 caecitate
395 1880 461 1922 non
479 1861 584 1947 credit
596 1860 620 1922 '’.

108 1959 160 2026 82
210 1958 273 2047 (C)
292 1963 394 2024 Ratio
409 1963 507 2044 hujus
520 1962 635 2042 judicii
651 1958 901 2022 convenientiam
918 1955 1075 2018 exhibet:
1092 1953 1172 2018 illud

63 2065 232 2146 siquidem
264 2065 360 2128 decet
386 2067 475 2147 quod
504 2066 651 2128 divinam
679 2062 933 2146 providentiam,
961 2059 1172 2139 majestatem

64 2167 192 2233 Christi
217 2178 251 2230 et
277 2169 418 2250 gloriam
446 2167 626 2232 eledtorum
656 2165 869 2242 manifestat3
896 2163 989 2245 atqui
1010 2161 1172 2243 judicium

63 2269 252 2332 universale
278 2270 450 2332 evidenter
475 2269 726 2332 manifestabit:
757 2269 807 2350 (a)
832 2267 898 2330 Dei
910 2265 1173 2348 providentiam,-

62 2392 157 2453 saepe
174 2372 206 2433 in
224 2373 379 2453 praesenti
396 2372 465 2435 vita
481 2373 595 2435 divina
611 2371 748 2434 consilia
769 2371 904 2434 scrutari
927 2389 993 2432 non
1015 2367 1174 2443 valemus,

61 2496 130 2550 nec¹
144 2474 327 2556 intelligere
343 2495 401 2537 cur
417 2495 482 2536 non
501 2495 574 2537 raro
591 2475 680 2538 mala
696 2475 801 2550 bonis,
814 2476 903 2538 bona
918 2494 998 2537 vero
1014 2471 1172 2554 improbis

61 2578 242 2653 eveniant;
265 2577 323 2639 sed
348 2578 380 2639 in
405 2579 459 2640 die
481 2576 596 2658 judicii
621 2578 706 2641 ratio
728 2578 846 2641 horum
863 2577 1019 2640 omnibus
1036 2575 1172 2657 patebit,

60 2783 117 2864 (b)
136 2781 261 2848 Clrristi
275 2783 474 2864 majestatem
482 2807 496 2854 ,·
518 2785 681 2865 siquidem
698 2785 731 2846 in
750 2786 857 2866 primo
876 2784 1020 2845 adventu
1038 2801 1171 2864 pauper,

60 2885 209 2961 humilis
221 2885 381 2948 obediens
397 2887 486 2950 visus
502 2898 553 2951 est
568 2909 576 2964 ;
600 2897 678 2950 tunc
691 2897 803 2950 autem
817 2888 849 2949 in
865 2887 1039 2968 majestate
1052 2885 1170 2962 veniet,

56 2990 153 3069 juste
172 2988 380 3069 judicaturus
404 3010 461 3052 eos
484 2992 541 3071 qui
566 2990 688 3070 injuste
704 3010 779 3052 eum
797 2991 1103 3052 condemnaverunt
1118 2989 1168 3050 vel

58 3093 258 3173 rejecerunt,
281 3103 318 3155 ut
343 3094 375 3155 in
405 3094 539 3155 nomine
564 3093 635 3174 ejus
661 3112 758 3155 omne
782 3113 870 3174 genu
898 3089 1050 3154 fledlatur
1072 3091 1168 3153 coele-

58 3195 175 3270 stium,
199 3197 400 3259 terrestrium
428 3205 461 3258 et
487 3195 714 3271 infernorum
745 3195 795 3276 (c)
817 3195 984 3257 elet‘lnrum
1002 3194 1145 3274 gloriam
1157 3217 1168 3255 .·

57 3317 153 3378 saepe
169 3298 257 3360 enim
275 3300 447 3380 pervitam
466 3299 592 3379 injuriis
605 3309 638 3362 et
652 3299 936 3380 persecutionibus
946 3300 1059 3361 vexati
1073 3307 1169 3360 sunt:

57 3411 142 3462 tunc
158 3409 271 3463 autem
289 3402 464 3464 manifeste
486 3413 520 3465 et
543 3403 674 3484 publice
693 3403 798 3484 gloria
816 3400 1071 3476 coronabuntur,
1087 3402 1167 3464 dum

58 3503 157 3584 impii
173 3503 229 3583 qui
246 3524 313 3566 non
331 3504 432 3566 semel
446 3525 489 3567 ex
504 3504 588 3569 finis
599 3506 776 3569 virtutibus
790 3504 913 3568 famam
930 3504 992 3567 sibi
1010 3505 1168 3586 acquisie-

57 3613 146 3681 rant,
170 3606 363 3669 conlusione
386 3617 419 3671 et
447 3609 630 3689 ignominia
658 3610 909 3691 cooperientur3
943 3609 1033 3689 quod
1059 3609 1167 3672 vivide

57 3707 259 3770 describitur
275 3711 363 3790 apud
383 3709 458 3790 sap.
476 3711 516 3786 V,
537 3729 619 3791 1-13.

95 3816 137 3880 83„
178 3832 204 3884 3Ω
215 3816 446 3875 Circumstantioe
450 3818 565 3890 judicii.
603 3819 651 3888 (Α)
657 3819 759 3892 Judex
772 3819 825 3877 erit
836 3818 972 3878 Christus
986 3820 1053 3892 ipse·
1063 3819 1092 3875 in
1107 3820 1162 3877 for-

57 3903 111 3958 ma
128 3903 276 3960 hnmana:
297 3905 364 3962 lieet
381 3907 460 3962 enim
475 3905 620 3977 judicium
634 3906 671 3963 sit
684 3925 701 3962 a
716 3907 789 3976 De0,
807 3917 839 3964 ut
858 3924 875 3963 a
894 3909 983 3964 causat
996 3907 1161 3980 principali,

97 4062 103 4084 ¹
119 4056 207 4110 Matl.
224 4059 315 4126 XXV,
330 4058 418 4125 3r·46.

94 4140 157 4193 2‘II
167 4135 231 4195 Cor.
245 4143 280 4208 V,
296 4157 345 4208 103
365 4144 412 4198 csr.
421 4144 494 4212 Joel,
511 4145 567 4211 ΙΙΙ,
578 4159 612 4210 23
632 4145 719 4214 Apoc.
738 4147 801 4212 XX,
819 4163 856 4200 12.

95 4231 105 4260 ³
121 4224 166 4277 De
182 4223 265 4280 Civit.
283 4226 347 4292 Dei,
361 4228 378 4282 l.
396 4227 459 4295 XX,
473 4245 495 4281 c.
511 4243 552 4294 30.
