2770 4652
244 207 300 259 DE
318 205 613 258 POENITENTIAE
632 201 930 253 sncnnusttw.
1068 199 1135 251 505

84 393 254 466 Attamen,
271 410 374 473 quum
391 387 557 451 sententia
572 396 690 448 tenens
705 383 805 446 verba
821 406 842 445 a
847 383 984 464 peccatis
999 401 1070 443 esse
1086 401 1135 442 es-

45 495 200 568 sentialia,
216 515 281 556 non
298 493 387 556 omni
404 491 637 575 probabilitate
654 497 772 560 careat,
785 487 856 549 baec
873 495 950 548 sunt
965 484 1136 558 addenda;

45 596 107 658 imo
122 597 162 659 ad
181 597 359 659 liceitatem
382 603 478 656 extra
500 613 614 655 casum
639 591 853 664 necessitatis,
871 599 977 653 totam
995 587 1135 649 formam

44 707 136 777 prout
150 718 169 759 a
186 697 320 759 Rr'tuali
335 695 485 768 traditur,
501 713 659 774 usurpare
675 701 814 773 oportet.

81 801 128 881 46
174 812 210 860 2⁰
226 799 338 861 Verba
361 796 487 859 absolvo
511 806 540 857 te
563 815 628 856 non
653 792 861 874 significant:
885 812 948 874 ego
964 802 997 854 te
1012 791 1137 854 declara

42 921 59 961 a
74 901 217 981 peccatis
233 901 433 973 absolutum,
449 899 528 979 quia
551 916 664 977 quum,
681 916 725 957 ex
741 893 847 968 dit‘tis,
865 895 1023 957 Ecclesiae
1041 894 1134 956 mini-

42 1003 95 1063 stri
112 1005 187 1066 vera
204 1011 371 1083 potestate
387 1000 535 1082 polleant
553 997 666 1060 lideles
683 996 886 1072 absolvendi,
902 996 1002 1058 verba
1021 1014 1134 1058 eorum

42 1124 102 1164 non
128 1124 216 1166 mere
239 1105 457 1166 declaratoria
480 1111 565 1175 sunt,
582 1100 639 1162 sed
663 1099 802 1181 efficiunt
824 1099 915 1180 quod
938 1097 1134 1179 significant.

43 1205 159 1268 Sensus
176 1217 288 1269 autem
305 1206 423 1268 horum
440 1206 614 1268 verborum
632 1213 701 1265 est:
718 1223 781 1283 ego
797 1213 830 1265 te
846 1202 939 1264 solvo
951 1223 970 1264 a
983 1211 1135 1283 peccato-

41 1329 107 1372 mm
126 1310 267 1384 vinculo,
283 1330 340 1371 seu
357 1309 417 1372 tibi
434 1310 569 1372 remitto
584 1304 705 1370 delibta
722 1316 789 1380 tua,
805 1304 977 1368 conferens
993 1305 1134 1386 gratiam

41 1413 160 1489 peccati
178 1412 382 1475 remissivam
396 1425 406 1454 ¹
424 1433 431 1487 ;
454 1412 603 1492 proinde,
613 1410 713 1490 juxta
729 1409 930 1472 sententiam
946 1427 1046 1489 quam
1061 1427 1133 1488 pro-

41 1512 229 1575 babiliorem
250 1513 446 1593 judicamus,
462 1513 580 1576 direlle
599 1510 805 1593 significatur
828 1512 953 1592 peccati
978 1510 1134 1585 remissio,

40 1615 188 1679 indirelle
203 1617 310 1696 gratia
331 1614 552 1691 sanitificans,
568 1635 668 1697 quum
694 1615 726 1677 in
752 1616 906 1696 praesenti
930 1615 1046 1679 ordine
1067 1633 1133 1676 non

41 1715 223 1776 remittatur
238 1717 347 1796 gravis
363 1714 490 1777 oflensa
509 1716 571 1779 nisi
595 1735 652 1796 per
668 1714 866 1778 infusionem
890 1715 1014 1796 gratiae.
1069 1713 1134 1775 Hic

40 1825 85 1876 est
100 1818 189 1878 enim
199 1818 354 1897 proprius
369 1837 485 1880 sensus
501 1817 652 1880 vocabuli
668 1817 796 1880 absolvo
814 1818 996 1879 secundum
1019 1815 1134 1879 huma·

40 1937 113 1980 num
131 1939 238 1994 usum,
254 1920 310 2001 qui
328 1921 428 1983 etiam
446 1921 477 1982 in
494 1921 709 1983 sacramentis
726 1922 919 1983 retinendus
935 1931 993 1982 est.

75 2031 125 2100 47.
173 2033 208 2099 3⁰
231 2021 388 2084 Invalida
409 2033 457 2084 est
477 2023 635 2086 absolutio
658 2037 721 2104 per
740 2024 868 2085 litteras
893 2023 1020 2085 absenti
1047 2023 1134 2085 data.

40 2121 169 2184 Etenim
194 2123 300 2186 forma
324 2145 460 2187 sacram.
479 2125 689 2189 Poenitentiae
712 2127 813 2188 debet
837 2125 943 2188 verbis
964 2126 1135 2207 exprimi:

38 2229 52 2254 ‘¹
62 2224 165 2289 forma
188 2226 287 2306 hujus
310 2230 518 2303 sacramenti,
542 2229 589 2292 ait
612 2228 760 2302 Floreat,
783 2237 861 2290 sunt
884 2227 981 2290 verba
1003 2227 1135 2290 absolu·

38 2327 140 2404 tionis,
155 2348 229 2409 quae
243 2329 406 2394 Sacerdos
411 2333 563 2411 prry‘ert”
574 2355 588 2404 ,·
611 2331 703 2412 atqui
719 2332 821 2394 verba
832 2329 960 2394 absolvo
972 2341 1002 2391 te
1012 2351 1134 2411 suppo·

39 2441 116 2492 nunt
132 2430 321 2511 subjeb'tum
339 2453 411 2495 esse
427 2453 593 2514 praesens:
618 2454 712 2496 secus
728 2434 928 2495 sententiam
943 2433 1056 2496 audire
1069 2453 1134 2495 non

39 2545 155 2610 posset.
211 2535 301 2597 Hinc
327 2535 471 2599 Clemens
499 2536 593 2612 Vlll,
618 2557 651 2599 re
675 2545 804 2598 mature
827 2539 999 2617 perpensa,
1021 2535 1135 2598 “banc

39 2635 303 2716 propositionem,
313 2659 356 2700 sc.
368 2639 464 2701 licere
469 2639 668 2720 perlitteras
677 2659 733 2700 seu
752 2639 992 2700 internuntium
1007 2637 1134 2700 confes·

39 2739 118 2800 sario
134 2739 265 2803 absenti
282 2753 420 2821 peccata
436 2743 719 2805 sacramentaliter
735 2741 894 2818 confiteri,
910 2751 944 2803 et
960 2742 1003 2802 ab
1015 2742 1133 2804 eodem

39 2838 170 2903 absente
186 2841 430 2906 absolutionem
446 2844 612 2918 obtinere,
628 2845 670 2906 ad
689 2845 798 2906 minus
820 2845 866 2907 uti
889 2843 1016 2918 falsam,
1033 2853 1134 2906 teme·

39 2945 151 3006 rariam
176 2956 209 3007 et
232 2947 464 3008 scandalosam
480 2948 654 3009 damnavit
665 2948 680 2971 '’
695 2969 701 3022 ;
728 2946 964 3027 prohibuitque
980 2947 1081 3008 etiam
1099 2954 1134 3006 ut

38 3052 192 3128 tanquam
206 3049 384 3129 probabilis
398 3049 639 3125 defenderetur,
649 3059 683 3112 et
699 3050 741 3111 ad
756 3050 887 3130 praxim
902 3048 1134 3130 quovismodo

39 3149 252 3213 adduceretur
266 3173 273 3228 ;
300 3173 344 3212 ex
361 3171 428 3232 quo
443 3163 576 3215 constat
592 3152 782 3231 hujusmodi
799 3152 1045 3216 absolutionem
1062 3171 1134 3214 esse

39 3269 97 3313 non
115 3255 225 3318 solum
244 3255 403 3330 illicitam,
420 3256 477 3318 sed
495 3256 597 3318 etiam
620 3256 800 3318 invalidam
816 3277 823 3333 ;
849 3276 944 3317 secus
961 3256 1049 3318 enim
1066 3273 1132 3316 non

39 3357 195 3430 potuisset
213 3357 369 3420 Pontifex
388 3357 459 3437 ejus
475 3377 573 3418 usum
596 3357 627 3418 in
651 3377 729 3418 casu
750 3367 910 3419 extrema:
927 3356 1133 3419 necessitatis

39 3457 216 3532 prohibere.

76 3563 122 3642 48.
169 3574 206 3637 40
223 3562 334 3624 Dubia
350 3571 396 3624 est
410 3561 565 3623 absolutio
580 3573 633 3641 ope
649 3561 819 3641 telephanii
832 3562 920 3623 data.
967 3560 1130 3622 Nonnulli

41 3660 194 3738 videlicet,
211 3683 285 3727 cum
303 3664 446 3726 Berardi
468 3663 605 3748 (l'raxis
627 3663 775 3727 Confess.
794 3685 823 3728 n.
845 3660 942 3747 1132)
962 3683 1036 3726 eam
1058 3684 1151 3726 cen-¹

40 3775 107 3826 sent
123 3784 195 3827 esse
212 3765 366 3841 validam,
378 3776 412 3829 et
427 3767 617 3847 speculative
630 3767 798 3848 loquendo
816 3768 891 3829 huic
909 3767 1084 3830 sententiae
1098 3777 1134 3830 ut

72 3959 78 3981 ¹
91 3954 173 4018 Juxta
185 3955 303 4017 Staures,
315 3969 362 4021 ego
375 3959 400 4006 te
412 3953 524 4006 absolvo
538 3952 678 4020 significat
692 3973 697 4006 :
719 3957 736 3980 “
747 3971 800 4021 ego
814 3953 864 4006 tibi
878 3954 999 4020 gratiam
1012 3950 1133 4006 sanllifr·

40 4049 145 4092 cantem
158 4040 271 4094 confero
286 4039 459 4093 remissivam
479 4041 585 4109 peccati
598 4042 619 4105 ”,
634 4041 686 4093 hoc
705 4051 799 4093 autem
814 4057 869 4092 non
883 4040 975 4107 placet
989 4039 1134 4093 Cardinali

40 4121 69 4172 de
81 4125 165 4194 Lnga,
174 4125 221 4195 qui
236 4123 311 4180 reite
325 4125 523 4180 animadvertit
536 4128 622 4180 verba
634 4126 816 4180 absolutionis
829 4144 865 4178 ex
872 4143 901 4180 se
911 4143 966 4180 non
977 4125 1134 4195 significare

41 4208 139 4265 directe
158 4213 257 4282 gratiae
279 4214 471 4278 collationem,
493 4213 620 4282 quamvis
641 4231 703 4267 eam
726 4216 882 4283 producant
904 4232 939 4269 ex
960 4213 1134 4268 institutione

43 4295 146 4352 Christi.
