2770 4646
252 170 312 223 216
695 171 834 222 CAPUT
852 173 905 221 IV.

295 347 362 436 (B)
389 351 556 413 Peccatori
580 352 706 428 occulto,
723 353 849 434 publice
873 354 1012 434 petenti,
1036 355 1226 436 regulariter
1246 357 1328 418 dene·
1364 278 1365 354 i

250 455 320 535 gari
337 474 402 516 non
421 454 545 516 debent
560 465 776 518 sacramenta.
829 455 971 519 Constat
994 456 1045 537 (a)
1064 458 1199 538 exenmlo
1216 457 1328 528 Chn'sri

249 558 305 638 qui
315 559 448 639 Judam,
460 568 577 640 utpote
589 558 756 621 occultum
770 569 990 640 peccatorem,
1003 579 1023 620 a
1034 560 1264 624 communione
1275 583 1328 624 non

250 662 390 724 removit
405 683 410 736 ;
434 660 485 742 (b)
494 660 599 742 praxi
613 661 766 736 Ecclesia,
781 663 813 722 in
829 662 953 724 Rituali
966 662 1161 743 consignata
1174 676 1183 706 ¹
1198 685 1206 740 ;
1227 663 1328 745 (clrnt.
1365 684 1366 700 ¹

250 763 365 835 tlteol.;
395 763 475 826 illud
501 765 589 826 enim
614 764 824 827 tolerandum
846 774 896 826 est
919 765 1008 846 quod
1033 765 1201 846 publicum
1223 766 1327 828 bonum
1365 749 1366 758 ἵ

252 853 376 947 exigit;
400 868 491 947 atqui
509 867 678 948 publicum
695 867 819 930 bonum
836 869 943 949 exigit
960 887 1002 931 ne
1018 869 1139 930 occulti
1159 881 1328 951 peccatores

251 969 464 1032 diffamentur
485 981 519 1032 et
540 991 582 1032 ne
601 971 646 1052 pii
667 971 727 1032 viri
751 992 771 1033 a
794 971 1009 1033 sacramentis
1030 981 1222 1052 arceantur;
1249 994 1328 1054 porro

250 1075 398 1137 nonnulli
418 1075 574 1138 accedere
590 1076 756 1151 timerent,
772 1076 798 1138 si
823 1076 945 1137 scirent
960 1074 1032 1148 sibi,
1047 1075 1093 1137 ob
1108 1075 1221 1138 inanes
1237 1097 1326 1139 runo

250 1197 300 1239 res
317 1176 464 1258 falsaque
480 1177 681 1252 testimonia,
698 1187 755 1240 aut
776 1177 957 1240 sacerdotis
981 1177 1152 1252 malitiam,
1167 1163 1328 1260 aliquando
1366 1153 1367 1220 l

249 1290 457 1342 sacramenta
471 1280 628 1361 denegari
645 1300 750 1361 posse.

294 1384 471 1466 Excipitur
493 1395 606 1447 tamen
630 1405 710 1448 sacr.
728 1383 872 1458 Ordinis,
895 1404 914 1446 a
937 1404 1012 1466 quo,
1028 1383 1072 1446 ob
1095 1383 1261 1466 publicum
1282 1388 1328 1449 bo·

249 1506 337 1562 num,
355 1487 518 1568 indignus,
534 1487 634 1550 etiam
659 1487 817 1562 occultus,
837 1487 908 1549 sine
931 1487 1035 1548 dubio
1058 1487 1260 1568 repellendus
1281 1499 1328 1563 est,
1367 1500 1368 1576 l

249 1599 285 1652 ut
297 1592 394 1653 docet
406 1590 440 1653 S.
451 1589 639 1672 Alphonsns
651 1590 696 1671 (n.
709 1591 762 1670 52)
774 1599 849 1672 post
861 1590 896 1653 S.
908 1589 938 1652 Τ
935 1589 1064 1652 tomam
1076 1590 1249 1672 (supplem.
1259 1612 1285 1672 q.
1297 1593 1328 1669 36
1367 1621 1368 1652 r

248 1693 370 1769 a.4ad
389 1694 430 1773 3).

293 1835 359 1899 109.
409 1819 598 1887 Corollaria.
644 1821 704 1904 (Α)
721 1822 757 1885 Si
777 1822 851 1903 quis
875 1830 1030 1903 peccator
1045 1831 1187 1884 mortem
1204 1823 1330 1885 minetur

248 1923 410 1986 sacerdoti
431 1923 520 2004 juste
544 1933 751 1986 sacramenta
769 1924 968 2005 denegandi,
985 1924 1194 1986 communius
1209 1924 1330 1987 docetur

247 2048 322 2090 curn
349 2027 383 2090 S.
399 2026 560 2107 Alpleonso
575 2026 620 2106 (n.
636 2024 696 2112 49)
723 2048 788 2090 non
814 2028 910 2090 licere
928 2037 1173 2090 sacramentum
1199 2026 1329 2090 conferre

248 2133 290 2196 ad
307 2141 449 2194 mortem
466 2131 636 2192 vitandam
652 2151 658 2204 ;
682 2151 760 2192 nam
784 2132 868 2194 ratio
892 2139 1143 2212 propterquam
1161 2151 1329 2193 sacramen·

248 2241 318 2294 tum
343 2231 475 2293 occulto
499 2231 664 2311 peccatori
688 2231 864 2292 ministrari
886 2240 1005 2312 potest,
1028 2252 1071 2294 sc.
1089 2232 1213 2295 bonurn
1236 2231 1329 2314 publi·

247 2356 322 2397 cum
354 2336 632 2416 promovendum,
664 2333 714 2395 vel
746 2333 940 2397 scandalum
971 2334 1160 2410 vitandum,
1190 2335 1240 2397 hic
1273 2354 1326 2396 non

247 2439 372 2514 existit,
389 2438 529 2519 ideoque
553 2457 618 2499 non
644 2437 719 2499 licet
744 2438 785 2500 ad
810 2437 895 2500 hanc
919 2438 1185 2519 profanationem
1210 2457 1327 2500 concur·
1369 2433 1370 2442 ’

247 2563 324 2605 rere.
378 2542 477 2603 Pauci
502 2551 611 2604 tamen
636 2541 784 2622 theologi
801 2541 1003 2604 contrarium
1021 2551 1146 2617 tenent,
1162 2541 1327 2605 dummodo

247 2656 490 2709 sacramentum
509 2666 574 2708 non
593 2655 726 2727 petatur
742 2646 773 2706 in
791 2646 904 2708 odium
923 2643 998 2707 fidei
1015 2644 1066 2707 vel
1085 2645 1249 2726 religionis
1264 2664 1327 2706 con·

246 2759 420 2830 temptum.

291 2849 358 2939 (Β)
379 2853 455 2914 Huc
472 2852 571 2914 etiarn
593 2851 759 2932 pertinent
780 2870 818 2912 ea
838 2871 913 2931 quae
933 2849 1174 2913 simulationem
1195 2859 1228 2913 et
1246 2847 1326 2911 dissi·

247 2955 454 3018 mellationem
478 2961 758 3016 sacramentorum
784 2952 970 3034 respiciunt,
987 2971 1090 3033 quum
1115 2951 1149 3014 id
1174 2971 1260 3033 saepe
1281 2949 1327 3011 fiat

246 3057 288 3119 ad
313 3058 494 3119 cavendam
520 3057 691 3136 indignam
715 3057 969 3137 susceptionem.
1016 3054 1066 3137 (a)
1084 3056 1272 3120 Simulotur
1287 3073 1327 3114 sa·

246 3168 452 3222 eramentum
469 3159 604 3238 quando
621 3159 652 3220 in
669 3159 739 3238 cjus
759 3159 1047 3221 administratione
1063 3168 1121 3220 aut
1137 3154 1327 3220 confectione

245 3263 387 3326 scienter
402 3261 568 3322 omittitur
584 3281 659 3340 pars
675 3261 869 3337 essentialis,
881 3262 932 3324 uel
946 3261 1075 3324 interna
1088 3261 1230 3324 intentio
1240 3261 1327 3327 deest,
1341 3255 1347 3260 ’

245 3366 291 3429 ita
304 3374 340 3428 ut
353 3371 596 3426 sacramentum
611 3364 792 3426 invalidum
807 3364 971 3426 reddatur.
1008 3364 1165 3444 Jamvero
1177 3379 1327 3444 nunquam

245 3470 320 3532 licet
336 3476 581 3531 sacramentum
598 3467 754 3530 simulare
777 3469 845 3529 sive
865 3467 1046 3530 formaliter
1064 3489 1140 3531 cum
1160 3467 1327 3531 intentione

244 3572 440 3653 decipiendi,
462 3570 531 3632 sive
555 3570 776 3644 materialiter,
796 3569 839 3631 ob
864 3580 990 3633 metum
1015 3570 1148 3633 aliudve
1173 3570 1326 3634 motivum,

243 3695 271 3736 v.
285 3695 313 3754 g.
325 3695 366 3736 ne
383 3682 626 3736 sacramentum
645 3673 782 3753 indigno
798 3672 1005 3748 conferatur;
1026 3691 1103 3734 nam
1121 3673 1275 3735 damnata
1287 3675 1327 3728 est

244 3779 286 3839 ab
306 3777 488 3838 Innocentio
509 3775 571 3837 XI
590 3774 662 3836 haec
685 3775 894 3856 propositio:
917 3779 933 3806 ‘¹
946 3774 1078 3855 Urgens
1102 3784 1212 3838 metus
1235 3769 1327 3856 gravis

244 3889 294 3942 est
314 3899 413 3941 causa
434 3879 631 3942 sacramenti
651 3879 973 3941 administrationem
993 3878 1173 3960 simulandi
1186 3879 1209 3940 ”.
1250 3872 1326 3938 Talis

278 4084 286 4116 ¹
297 4085 313 4112 ‘¹
324 4085 458 4138 Occultos
471 4103 538 4138 vero
550 4095 720 4153 peccatores,
731 4086 753 4138 si
767 4088 875 4140 occulte
889 4095 995 4155 petant,
1004 4096 1032 4140 et
1045 4103 1102 4139 non
1116 4101 1166 4140 eos
1179 4083 1328 4140 emendatos

243 4171 398 4238 agnoverit,
414 4173 544 4238 repellam
563 4187 619 4224 non
634 4183 728 4227 autem
741 4173 764 4226 si
778 4171 890 4241 publice
901 4184 1006 4242 petant,
1014 4183 1042 4227 et
1052 4173 1113 4228 sine
1124 4173 1259 4228 scandalo
1268 4171 1328 4238 ipsos

242 4257 384 4327 praeterire
398 4267 517 4325 nequeat
529 4259 548 4309 ''.
587 4257 722 4324 (Ritnale,
736 4260 776 4313 rit.
794 4261 844 4322 lV,
860 4277 886 4314 n.
901 4259 942 4329 q.)
