2758 4652
229 185 296 235 602
657 186 714 234 DE
732 186 910 236 ORDINE.

231 363 381 425 Ecclesia
403 365 492 444 quod
518 364 676 445 implicite
701 365 845 430 habebat
873 369 906 429 in
930 387 999 430 uuo
1026 369 1152 440 ordine,
1174 368 1328 450 explicite

231 465 368 528 tradidit
385 465 418 527 in
435 465 575 527 diversis
587 479 597 510 ¹
611 467 634 528 '’.

276 589 322 658 17.
371 593 405 659 30
419 579 476 660 (A)
495 580 633 662 Septem
657 582 879 644 communiter
902 592 1120 646 numerantur
1142 583 1276 646 ordines
1298 585 1329 644 in

235 685 382 748 Ecclesia
410 686 522 762 latina,
550 707 592 750 sc.
621 687 853 762 sacerdotium,
880 686 970 766 quod
1001 683 1234 767 complectitur
1263 695 1331 747 tum

159 809 162 816 ’
233 787 499 869 presbyteratum
513 799 584 852 turn
599 791 837 871 episcopatum,
847 789 1054 852 diaconatus.
1067 786 1333 858 subdiaconatus,

232 901 265 953 ct
282 901 424 972 quatuor
441 893 585 954 minores
601 893 744 954 ordines,

278 995 313 1057 S.
336 995 475 1058 Thomas
490 997 588 1077 hujus
605 995 776 1059 divisionis
796 994 958 1057 rationem
976 991 1022 1054 sic
1038 990 1211 1073 explicat:
1237 991 1333 1054 Ordi-

234 1097 284 1159 nis
315 1108 560 1161 sacramentum
592 1099 634 1161 ad
667 1097 913 1160 Eucharistiam
944 1096 1111 1177 praecipue
1141 1093 1333 1166 ordinatur:

234 1202 326 1281 atqui
354 1211 482 1283 septem
510 1211 587 1264 sunt
619 1202 786 1282 praecipua
813 1199 924 1262 officia
949 1199 1035 1260 circa
1063 1197 1334 1259 Eucharistiam:

234 1303 284 1384 (a)
303 1302 460 1366 Sacerdos
473 1303 714 1366 Eucharistiam
730 1312 900 1365 consecrat
914 1323 921 1378 ;
945 1300 992 1382 (b)
1006 1301 1173 1364 Draconus
1184 1319 1260 1362 eam
1274 1301 1335 1362 dis-

234 1417 373 1487 pensat;
396 1407 445 1488 (c)
459 1407 681 1470 Subdroconus
702 1407 874 1469 materiam
896 1403 1094 1467 sacramenti
1115 1411 1283 1484 praeparat
1305 1403 1335 1464 in

179 1497 181 1504 ’
235 1508 322 1569 vasis
338 1509 461 1584 sacris;
484 1508 536 1589 (d)
552 1508 729 1589 Acolytlrus
744 1509 897 1570 eamdem
920 1516 1088 1589 praeparat
1109 1507 1248 1567 invasis
1273 1525 1334 1568 non

236 1611 335 1673 sacris
349 1633 356 1688 ;
371 1612 426 1698 ,(ε)
438 1612 613 1675 Exorcista
624 1611 777 1694 purificat
790 1612 863 1673 ilios
875 1611 931 1691 qui
944 1608 1155 1672 daemonibus
1167 1609 1284 1670 vexati
1297 1608 1337 1670 ab

238 1714 456 1778 Eucharistiae
474 1717 663 1797 receptione
685 1716 931 1798 impediuntur;
955 1710 1000 1793 (s)
1016 1711 1132 1774 Letior
1144 1711 1244 1773 docet
1267 1711 1337 1773 ilios

236 1817 291 1898 qui
305 1817 347 1878 ad
361 1817 580 1881 Eucharistiae
593 1821 818 1901 receptionem
832 1835 904 1878 sese
916 1823 1107 1896 praeparant
1121 1835 1129 1891 ;
1155 1810 1216 1899 (g)
1231 1813 1339 1876 Ostio-

237 1919 342 1983 riusa
358 1931 446 1984 coetu
471 1920 619 1985 fidelium
644 1932 734 1985 arcet
758 1923 830 1984 illos
851 1919 908 2000 qui
926 1918 1171 1981 Eucharistiam
1196 1919 1340 2000 recipere

236 2033 313 2085 sunt
330 2023 465 2103 indigni.

281 2124 327 2189 18.
374 2127 435 2206 (B)
452 2128 578 2190 Omnes
595 2127 641 2189 illi
658 2127 790 2189 ordines
807 2128 919 2208 aliquo
935 2147 1034 2189 sensu
1051 2135 1129 2188 sunt
1146 2127 1240 2202 sacri,
1257 2128 1335 2208 quia

235 2251 325 2292 sucro
341 2230 408 2291 ritu
425 2230 639 2293 conseruntur
651 2241 685 2292 et
701 2230 744 2292 ad
760 2250 889 2292 sacrum
906 2228 1126 2291 ministerium
1145 2228 1340 2306 reseruntur:

237 2343 384 2395 attamen
402 2334 558 2396 intereos
575 2344 641 2397 tres
654 2334 810 2396 dicuntur
816 2334 950 2414 proprie
965 2341 996 2394 ot
1009 2331 1175 2412 specoirn'm
1190 2335 1288 2408 som',
1300 2355 1338 2397 sc.

236 2437 469 2512 sacerdotium,
485 2437 691 2510 diaconatus,
707 2447 740 2498 et
761 2437 1022 2499 subdiaconatus
1032 2447 1054 2506 ²,
1071 2445 1144 2497 turn
1161 2437 1240 2516 quia
1256 2439 1339 2498 circa

237 2559 306 2600 rem
319 2527 447 2600 sacram
458 2550 639 2616 versantur,
650 2540 718 2603 duo
731 2539 855 2620 priores
867 2540 953 2600 circa
965 2557 1086 2619 corpus
1097 2547 1131 2598 et
1143 2540 1337 2620 sanguinent

239 2639 371 2717 Christi,
384 2642 547 2722 posterior
564 2652 676 2705 autem
694 2643 779 2706 circa
796 2664 875 2706 vasa
891 2652 1093 2717 consecrata,
1108 2651 1180 2705 tum
1193 2645 1274 2724 quia
1286 2665 1338 2708 an·

237 2763 360 2806 nexum
384 2745 509 2808 habent
532 2747 746 2808 continentiae
768 2758 893 2822 votum,
918 2765 985 2827 quo
1012 2742 1118 2807 saneti
1146 2744 1337 2810 cfficiuntur.

242 2846 345 2910 Iidem
366 2857 526 2911 vocantur
541 2850 643 2912 etiam
661 2850 806 2931 tonsores,
823 2849 901 2930 quia
922 2849 1088 2929 dignitate
1109 2857 1144 2910 et
1165 2846 1338 2912 sanetitate

238 2953 320 3014 alios
336 2952 512 3014 excedunt.
558 2951 609 3031 (S.
631 2951 686 3014 Tle.
700 2973 729 3034 q.
745 2968 795 3033 37,
808 2972 834 3014 a.
850 2953 891 3032 2).

283 3085 329 3149 19.
376 3067 432 3146 (C)
460 3067 553 3128 Licet
577 3067 687 3147 plures
715 3068 848 3130 ordines
872 3067 1034 3130 rationem
1058 3067 1208 3130 habeant
1235 3089 1337 3130 sacra·

240 3170 352 3245 menti,
367 3189 430 3231 non
448 3178 525 3231 sunt
542 3179 654 3231 tamen
679 3170 773 3250 plura
790 3179 1006 3245 sacramenta,
1022 3169 1081 3231 sed
1105 3189 1208 3232 unum
1234 3173 1338 3252 specie

238 3283 493 3348 sacramentum,
503 3274 581 3353 quia
597 3292 713 3335 omnes
731 3274 774 3336 ad
792 3293 894 3336 unum
912 3274 1135 3354 eumdemque
1152 3273 1253 3336 finem
1272 3284 1336 3336 ten-

239 3378 331 3452 dunt,
348 3385 384 3437 ut
408 3395 506 3456 supra
529 3386 700 3437 ostensum
725 3385 783 3438 est.
832 3375 922 3439 Hinc
944 3376 1063 3439 merito
1081 3377 1116 3440 S.
1140 3377 1283 3439 Thomas
1297 3378 1337 3438 ait

239 3480 343 3561 (Sup,
353 3500 382 3560 q.
397 3495 446 3558 37,
458 3499 484 3540 a.
502 3495 524 3540 1.
538 3479 581 3540 ad
596 3478 630 3558 2)
644 3502 651 3541 :
675 3485 690 3510 “
704 3479 833 3542 Divisio
846 3480 971 3541 ordinis
987 3499 1053 3542 non
1071 3488 1123 3542 est
1138 3481 1243 3542 totius
1260 3481 1336 3542 inte-

239 3585 337 3662 gralis
356 3585 387 3644 in
405 3602 481 3644 suas
498 3593 617 3663 partes,
631 3601 737 3663 neque
754 3583 856 3644 totius
873 3581 1075 3657 universalis,
1088 3582 1147 3644 sed
1165 3583 1268 3645 totius
1285 3603 1336 3664 po-

239 3689 408 3750 testativi:
431 3686 525 3766 cujus
542 3685 612 3748 haec
627 3695 677 3747 est
694 3695 812 3747 natura
824 3685 913 3765 quod
930 3694 1038 3748 toturn
1055 3686 1336 3752 secundumcom-

241 3851 274 3858 --
345 3849 879 3858 ——--.-—--—.-—-------
950 3850 1113 3855 ——-——-
1134 3849 1333 3856 *—

275 3943 394 4012 ¹Suppl.
411 3959 437 4010 q.
452 3957 494 4011 37,
511 3959 535 3994 a.
554 3957 569 3993 2
583 3941 619 3993 ad
634 3955 661 4006 ²3
681 3939 729 3993 csr.
744 3940 777 3994 L.
793 3940 893 4006 Br'llot,
908 3958 935 4010 p.
952 3941 1011 3994 260.

276 4029 494 4080 'Subdiaconus
516 4027 628 4080 nonnisi
648 4044 707 4080 soc.
724 4027 790 4079 XII
807 4026 879 4080 inter
899 4028 1020 4096 majores
1042 4027 1167 4082 Ordines
1188 4027 1337 4081 recensitus

242 4113 300 4178 suit,
315 4113 365 4164 sed
382 4113 440 4180 jam
459 4130 504 4166 an.
522 4114 573 4181 589
586 4114 725 4166 adnexum
745 4112 844 4166 habuit
864 4115 1046 4168 continentiae
1059 4123 1157 4166 votum
1170 4113 1199 4166 in
1214 4115 1337 4166 Ecclesia

245 4197 344 4250 Latina
356 4197 517 4263 (Boromus,
531 4199 575 4250 Ad
589 4200 617 4251 h.
633 4215 709 4266 ann,
727 4215 752 4252 n.
769 4198 834 4265 48);
855 4199 882 4252 in
898 4199 1029 4254 Ecclesia
1045 4198 1139 4266 graeca
1152 4197 1239 4252 etiam
1258 4197 1338 4250 hodie

243 4284 314 4336 inter
327 4284 449 4336 minores
463 4295 627 4338 recensetur.
