2738 4646
236 159 308 211 284
436 159 681 212 TRACTATUS
699 160 755 210 DE
774 159 1148 211 Constantianorum.

282 338 332 404 16.
383 341 480 421 30De
492 341 560 421 ejus
573 341 690 424 officiis.
736 341 788 422 (a)
806 340 993 424 Episcopus
1009 349 1143 404 tenetur
1158 338 1325 401 ministrare

236 454 487 506 sacramentum
504 442 774 507 Confirmationis
791 443 933 506 subditis
953 443 1030 518 suis,
1046 461 1085 506 ac
1107 441 1239 524 proinde
1252 459 1325 522 prae-

237 545 340 627 cipua
356 545 429 608 loca
443 565 512 608 suae
528 546 681 610 dioecesis
698 546 870 609 circumire
884 568 891 624 ;
914 545 1046 609 differre
1065 546 1168 627 longo
1186 542 1326 624 temporis

238 649 360 732 spatio,
385 669 443 730 per
465 646 542 712 octo
564 649 615 711 vel
638 649 756 712 decem
780 669 900 724 annos,
922 658 1010 712 esset
1038 658 1211 731 peccatum
1234 664 1326 728 grave.

238 752 292 834 (b)
311 751 341 814 N
345 771 389 814 on
406 760 537 815 tenetur
552 753 614 815 sub
630 753 721 834 gravi
738 751 836 815 alicui
859 762 987 833 aegroto
1010 753 1139 834 petenti
1160 751 1329 814 ministrare

240 853 539 919 Confirmationem
564 856 596 916 in
621 855 825 935 particulari,
848 857 1001 939 quamvis
1029 857 1111 920 illud
1141 854 1329 918 laudabiliter

240 957 309 1030 fiat,
333 957 360 1019 si
384 957 540 1039 possibile
563 959 613 1020 sit.
659 957 708 1038 (c)
732 958 920 1042 Episcopus
942 959 1145 1023 confirmans
1170 960 1203 1022 in
1224 955 1331 1020 dioccsi

240 1081 304 1123 non
319 1058 381 1122 suci
397 1059 504 1122 valide
520 1060 656 1141 quidem
672 1060 753 1140 agit,
769 1061 827 1124 sed
852 1071 969 1144 peccat
992 1063 1146 1143 graviter,
1163 1072 1198 1124 et
1214 1057 1329 1122 incurrit

241 1163 494 1244 suspensionem
516 1183 535 1226 a
555 1162 814 1226 Pontificalibus.
860 1164 896 1229 Si
920 1173 1032 1228 autem
1058 1166 1090 1227 in
1114 1164 1246 1246 propria
1262 1163 1329 1225 dioe·

241 1266 307 1329 cesi
333 1264 507 1329 confirmat
530 1274 718 1342 extraneos,
735 1267 815 1330 illud
834 1287 944 1349 perse
960 1277 1010 1331 est
1028 1267 1191 1340 illicitum,
1206 1267 1261 1328 sed
1277 1261 1330 1326 lici-

241 1379 314 1433 tum
326 1367 362 1431 fit
373 1389 416 1430 ex
430 1377 634 1450 praesumpto
646 1389 810 1432 consensu
824 1371 948 1451 proprii
963 1371 1133 1451 Episcopi.
1169 1369 1219 1450 (d)
1233 1367 1330 1432 Sacer-

242 1471 305 1534 dos
331 1469 503 1550 delegatus
529 1468 729 1534 confirmans
753 1482 852 1536 extra
876 1473 998 1535 limites
1021 1471 1242 1553 delegationis
1267 1487 1331 1536 sue.

244 1591 310 1634 non
340 1571 446 1635 solum
475 1572 587 1636 illicite
614 1574 672 1636 sed
699 1575 800 1637 etiam
829 1574 974 1638 invalide
1003 1585 1130 1656 ageret,
1159 1593 1258 1656 quum
1283 1589 1331 1652 po·

244 1684 347 1739 testas
378 1673 406 1735 ei
439 1673 559 1738 collata
589 1677 631 1740 ad
660 1677 918 1740 determinatum
949 1678 1151 1742 territorium
1181 1675 1330 1739 limitetur.

243 1776 294 1860 (e)
326 1773 544 1841 Confirmatio
575 1779 715 1842 conferri
747 1790 858 1862 potest
889 1781 1039 1864 qualibet
1071 1780 1134 1856 die,
1163 1799 1258 1843 mane
1285 1787 1331 1837 aut

243 1901 389 1963 vespere,
417 1883 610 1964 regulariter
635 1894 748 1948 tamen
774 1886 807 1948 in
833 1886 980 1963 ecclesia,
1003 1885 1065 1948 nisi
1092 1884 1182 1947 adsit
1206 1883 1330 1945 rationa-

244 1981 320 2046 bilis
336 2002 444 2046 causa.

548 2130 635 2209 Art.
660 2131 710 2208 V.
740 2131 804 2208 De
830 2128 1007 2232 subjcdlo
1022 2145 1045 2211 ¹.

290 2324 336 2392 17.
388 2321 419 2370 10
438 2307 608 2386 Quodnam
623 2308 695 2370 sit?
742 2304 807 2393 (A)
827 2307 948 2372 Omnis
964 2319 998 2372 et
1014 2309 1104 2373 solus
1120 2309 1223 2374 homo
1238 2305 1329 2388 bapti·

246 2421 339 2474 zetus
355 2411 463 2474 valide
478 2409 664 2473 confirmari
685 2421 816 2492 potest;
840 2411 918 2474 hinc
941 2412 1094 2488 infantes,
1110 2413 1163 2475 vel
1189 2421 1330 2495 perpetuo

245 2523 395 2577 amentes
412 2513 519 2577 valide
535 2513 721 2576 confirmari
738 2524 894 2595 possunt;
916 2513 992 2577 licet
1007 2517 1096 2576 enim
1115 2515 1224 2578 nullos
1235 2515 1329 2577 hostes
1358 2544 1359 2578 l

245 2615 431 2698 spirituales
449 2616 694 2696 impugnandos
711 2616 865 2692 habeant,
883 2626 996 2679 tamen
1014 2618 1113 2679 robur
1128 2617 1292 2700 spirituale
1305 2622 1330 2676 et

246 2725 461 2800 augmentum
477 2719 591 2798 gratiae
608 2719 757 2799 accipere
773 2727 921 2799 possunt.

288 2818 349 2902 (B)
366 2811 432 2903 Qui
450 2822 630 2901 prudenter
645 2821 778 2883 dubitat
794 2830 904 2883 utrum
922 2821 1032 2884 valide
1049 2821 1262 2886 confirmatus
1277 2819 1330 2882 iue-
1357 2771 1358 2861 l

246 2925 296 2996 rit,
307 2934 417 3006 potest
435 2925 552 2986 iterum
570 2924 631 2985 sub
647 2924 839 2986 conditione
855 2923 1054 2999 confirmari,
1066 2927 1124 2988 sed
1142 2927 1185 2988 ad
1203 2925 1262 2988 hoc
1276 2941 1329 2984 non

246 3037 385 3102 tenetur,
396 3047 498 3108 quum
516 3038 635 3109 agatur
650 3029 693 3092 de
709 3037 917 3090 sacramento
934 3029 977 3090 ad
994 3027 1136 3092 salutem
1153 3029 1249 3092 valde
1264 3024 1330 3092 utili,

246 3130 304 3192 sed
323 3150 387 3190 non
405 3131 597 3192 necessario.

293 3229 339 3295 18.
387 3243 422 3292 20
438 3231 676 3312 Dispositiones.
724 3227 789 3316 (A)
811 3233 873 3294 Pro
897 3232 1081 3297 infantibus
1104 3245 1137 3298 et
1160 3233 1329 3298 amentibus
1355 3265 1356 3298 ;

248 3334 338 3399 nulla
361 3333 533 3413 requiritur
556 3334 738 3416 dispositio
785 3335 862 3411 Sed,
876 3335 977 3416 juxta
999 3336 1197 3400 hodiernam
1219 3335 1330 3418 praxim

249 3436 418 3510 Ecclesiae,
434 3437 626 3518 regulariter
641 3437 790 3500 illicitum
809 3449 859 3500 est
875 3439 1072 3504 confirmare
1088 3440 1239 3515 infantes,
1254 3448 1328 3502 ante·

247 3559 347 3621 quam
372 3557 467 3600 usum
491 3541 626 3602 rationis
649 3541 825 3621 attingant,
843 3542 905 3603 nisi
929 3543 996 3605 sint
1013 3543 1171 3618 morituri,
1188 3553 1244 3606 aut
1258 3539 1329 3604 adsit
1354 3531 1355 3538 '

248 3641 396 3724 legitima
416 3642 628 3718 consuetude,
646 3651 683 3704 ut
699 3643 732 3704 in
752 3641 919 3724 Hispania
941 3654 975 3708 et
997 3643 1178 3727 hispanicis
1201 3642 1327 3707 coloniis.

249 3767 275 3808 v.
288 3765 318 3826 g.
332 3745 364 3806 in
381 3743 514 3806 dioecesi
530 3746 564 3808 S.
577 3746 690 3818 Fidei,·
706 3747 797 3826 quod
814 3747 949 3826 quidem
965 3749 1130 3812 sancitum
1147 3758 1197 3812 est
1214 3757 1327 3830 propter
1353 3759 1354 3780 ³

249 3848 407 3927 majorem
439 3849 653 3912 reverentiam
685 3852 893 3926 sacramenti,
918 3862 952 3914 et
978 3862 1015 3915 ut
1042 3872 1118 3915 cum
1143 3849 1326 3916 uberioribus

249 3947 408 4014 frudiibus
424 3950 628 4032 reciperetur.

284 4161 292 4195 ¹
303 4163 333 4216 S.
350 4163 443 4216 Thom.
453 4180 468 4232 3
479 4179 504 4233 p.
516 4181 543 4233 q.
557 4178 599 4232 79,
610 4183 633 4220 a.
646 4165 662 4220 8
674 4187 680 4230 ;
701 4168 817 4232 Soorea,
828 4167 898 4239 disp.
910 4169 1032 4232 XXXV;
1045 4169 1078 4222 de
1090 4169 1294 4239 Augustiana.
1304 4175 1323 4222 4;

258 4251 280 4303 ῗ.
296 4250 469 4320 Alphonsus‚
482 4269 509 4305 n.
528 4255 576 4322 176
589 4271 628 4323 sq.
634 4271 642 4324 ;
661 4256 847 4323 Marc‚1499;
866 4257 981 4312 Lelrmk.
997 4274 1023 4312 n.
1042 4272 1087 4310 ror
1105 4273 1145 4327 sq.
