2776 4644
423 167 756 218 paor-Eooussun.
1100 167 1142 218 27

93 356 139 420 19.
190 341 257 429 (D)
274 345 442 410 Cornelius
447 349 636 431 jansenius,
654 349 842 432 Episcopus
856 349 1028 432 Yprensis,
1046 351 1077 412 in
1106 350 1141 412 li-

48 446 100 506 bro
117 447 168 508 cui
187 448 301 511 titulus
317 449 536 531 Augustinus,
557 461 634 534 post
654 451 726 532 ejus
751 463 891 516 mortem
912 451 1004 516 edito
1018 453 1142 532 (1640),

47 548 180 611 Lutheri
204 561 237 614 et
255 552 325 614 Baii
351 574 485 630 errores,
502 555 603 617 modo
628 565 739 618 tamen
762 555 937 628 subtiliori,
954 556 1141 632 renovavit3

45 653 174 714 eosdem
193 653 310 716 Abbas
329 655 568 737 San-Cyranns
583 667 616 720 et
636 655 825 734 Quesnellns
842 659 874 720 in
893 656 1003 721 Gallia
1020 676 1141 739 propu-

45 766 216 832 gnarunt1.

45 857 89 933 (a)
106 860 308 941 Principium
327 862 577 928 fundamentale
592 873 643 928 est
661 864 869 927 voluntatem
887 883 953 926 non
977 883 1049 926 esse
1065 883 1141 928 vere

43 959 186 1036 liberam,
212 965 270 1028 sed
295 966 481 1028 necessario
505 967 589 1030 trahi
614 987 634 1029 a
657 963 880 1030 deleStatione
903 965 1050 1028 sensibili
1082 987 1139 1029 seu

43 1067 318 1145 concupiscentia,
334 1069 385 1130 vel
402 1090 422 1131 a
438 1069 661 1134 delcetatione
677 1070 805 1132 eoelesti
823 1090 880 1131 seu
897 1070 1005 1150 gratia
1017 1081 1038 1130 ².

43 1160 87 1240 lb)
106 1163 198 1226 Hinc
214 1166 315 1228 etiam
331 1168 412 1247 justi
427 1185 504 1230 ‘non
530 1181 670 1251 possunt
687 1173 871 1254 adimplere
888 1174 1001 1236 omnia
1018 1191 1139 1254 praece-

42 1270 102 1338 pta,
119 1262 199 1341 quia
215 1263 397 1346 aliquando
414 1266 493 1347 ipsis
509 1267 622 1330 deficit
644 1270 754 1350 gratia
777 1270 897 1333 efficax
918 1295 923 1332 :
959 1272 1066 1352 gratia
1082 1291 1139 1332 au·

42 1371 112 1434 tem,
130 1383 208 1444 quae
224 1366 390 1429 sufficiens
407 1378 552 1446 vocatur,
569 1371 611 1432 de
629 1369 725 1446 tatto,
741 1374 897 1435 omnibus
917 1373 1054 1436 attentis
1078 1373 1139 1434 cir-

42 1469 259 1543 cumstantiis,
277 1489 343 1531 non
361 1471 489 1535 sufficit.

44 1561 93 1648 (c)
109 1567 165 1631 Ad
178 1573 333 1634 meritum
345 1583 402 1635 aut
412 1575 611 1638 demeritum
625 1595 691 1637 non
706 1579 880 1659 requiritur
892 1579 1026 1642 libertas
1040 1579 1139 1642 inter·

42 1688 88 1738 na,
104 1671 163 1733 sed
181 1671 303 1737 sufficit
322 1675 455 1738 libertas
471 1678 618 1740 exterior
635 1698 691 1740 seu
710 1680 904 1754 immunitas
921 1703 940 1744 a
956 1680 1138 1751 coadtione,

43 1769 88 1850 ((1)
108 1773 261 1839 Christus
284 1799 349 1840 non
374 1790 424 1842 est
448 1791 596 1843 mortuus
614 1801 674 1862 pro
694 1783 858 1860 omnibus,
875 1786 932 1848 sed
950 1784 1056 1848 solum
1079 1805 1139 1866 pro

42 1871 84 1946 its,
100 1878 222 1956 quibus
239 1882 346 1961 gratia
363 1883 481 1946 efficax
498 1884 603 1947 datur.

75 2609 128 2664 ¹Cf.
139 2612 305 2680 Montagne,
317 2626 361 2678 op.
372 2609 419 2664 cit.
432 2610 499 2664 diss.
511 2611 563 2675 Xl,
572 2627 597 2678 p.
608 2611 659 2676 389
668 2627 722 2679 sq.;
740 2611 844 2680 Anog,
855 2628 901 2680 op.
913 2612 958 2665 cit.
973 2609 987 2680 ξ
1001 2613 1060 2680 365.
1083 2613 1138 2665 Hae

45 2709 100 2750 sunt
112 2697 239 2766 Jansenii
254 2695 459 2766 propositiones
472 2697 508 2749 ab
520 2698 683 2750 Innocentio
692 2697 876 2751 Xdamnatae
890 2717 895 2751 :
928 2713 949 2752 t.
963 2698 1068 2767 Aliqua
1081 2697 1137 2751 Dei

44 2795 179 2854 praecepta
188 2781 351 2837 hominibus
361 2782 444 2851 justis
454 2783 615 2837 volentibus
625 2793 652 2837 et
660 2783 838 2850 conantibus,
847 2785 1003 2838 secundum
1017 2801 1138 2854 praesen-

45 2879 82 2922 tes
93 2887 162 2940 quas
175 2871 282 2924 habent
292 2867 374 2932 vires,
385 2878 450 2922 sunt
464 2868 669 2938 impossibilia:
689 2870 768 2924 deest
781 2886 893 2939 quoque
907 2870 961 2924 illis
974 2870 1074 2939 gratia,
1083 2872 1138 2940 qud

45 2955 181 3021 possibilia
194 2957 272 3009 fiant.

77 3057 98 3096 2.
114 3041 242 3098 lnteriori
256 3042 355 3110 gratiae
369 3041 397 3095 in
411 3051 486 3096 statu
500 3051 608 3096 naturae
621 3044 709 3112 lapsae
723 3059 868 3114 nunquam
883 3043 1029 3098 resistitur.

76 3148 98 3198 3.
111 3131 155 3184 Ad
168 3130 334 3184 merendum
347 3141 375 3184 et
389 3129 593 3183 demerendum
606 3129 634 3183 in
653 3141 726 3186 statu
741 3141 850 3186 naturae
863 3132 959 3199 lapsae,
977 3149 1032 3185 non
1047 3131 1137 3200 requi-

46 3216 106 3270 ritur
118 3219 145 3272 in
159 3218 274 3272 homine
287 3217 401 3270 libertas
415 3233 433 3269 a
445 3215 621 3284 necessitate,
639 3218 688 3271 sed
703 3217 804 3272 sufficit
817 3217 932 3272 libertas
946 3235 963 3272 a
976 3217 1132 3272 coattione.

76 3319 98 3368 4.
113 3299 330 3370 semipelagiani
343 3299 530 3354 admittebant
545 3300 743 3369 praevenientis
751 3301 850 3370 gratiae
864 3300 1003 3355 interioris
1017 3300 1137 3356 necessi·

46 3395 125 3440 tatem
137 3389 174 3441 ad
184 3387 310 3456 singulos
320 3385 410 3448 attus,
422 3385 508 3439 etiarn
522 3385 559 3438 ad
578 3383 688 3437 initium
702 3383 780 3448 fidei;
808 3395 835 3438 et
849 3383 876 3437 in
891 3385 944 3438 hoc
957 3395 1037 3438 erant
1050 3385 1137 3438 haere-

47 3471 97 3540 tici,
112 3475 185 3544 quod
199 3475 302 3528 vellent
314 3489 378 3527 earn
391 3471 511 3541 gratiam
524 3472 609 3524 talem
623 3486 694 3536 esse,
703 3470 748 3524 cui
761 3481 857 3540 posset
871 3472 995 3525 humana
1008 3472 1138 3524 voluntas

48 3559 177 3623 resistere,
193 3561 236 3616 vel
249 3561 456 3629 obtemperare.

81 3661 101 3712 5.
112 3647 367 3718 Semipelagianum
374 3658 417 3701 est
427 3645 530 3710 dicere,
540 3643 684 3700 Christum
693 3661 743 3714 pro
754 3644 885 3698 omnibus
895 3643 1056 3697 hominibus
1065 3661 1138 3697 mor-

49 3744 118 3787 tuum
130 3753 191 3789 esse
199 3745 247 3788 aut
257 3732 425 3802 sanguinem
434 3731 548 3786 fudisse.
588 3730 644 3794 (Cf.
657 3732 797 3802 Denzing.
807 3732 860 3798 966
870 3747 923 3800 sq.‚
935 3742 962 3784 et
972 3731 1066 3800 quoad
1076 3748 1138 3800 pro·

51 3820 189 3884 positiones
203 3819 348 3889 Quesnelli
359 3837 386 3872 n,
402 3819 469 3872 1216
483 3819 537 3888 sq.)

80 3903 215 3958 'Calestr's
226 3902 386 3970 delectatio,
397 3902 476 3972 juxta
489 3900 664 3970 Jansenium,
672 3911 716 3956 est
727 3900 948 3970 supernaturalis
961 3911 989 3954 et
1002 3901 1137 3954 indelibe-

53 4001 117 4044 ratus
128 3992 193 4046 boni
206 4005 233 4046 et
247 3991 315 4046 retii
327 4007 414 4056 amor,
427 3988 474 4059 qui
488 3988 598 4058 proprie
612 3988 640 4041 in
660 3987 796 4056 superiori
810 3997 889 4056 parte
901 3987 1006 4040 animae
1020 3988 1134 4055 residet,

54 4077 94 4130 sed
105 4080 269 4151 quandoque
281 4088 391 4148 partem
404 4075 568 4131 sensibilem
581 4075 667 4130 etiam
680 4074 782 4140 afficit;
801 4077 944 4129 terrestris
956 4086 1051 4129 autem
1062 4075 1136 4129 dele-

53 4161 128 4219 (latio
142 4178 184 4222 est
203 4165 377 4220 inordinatus
396 4181 429 4218 ac
443 4163 643 4217 indeliberatus
657 4173 793 4216 creaturae
807 4179 895 4228 amor,
909 4160 956 4231 qui
971 4162 1135 4230 plerumque

54 4252 180 4306 sensibilis
192 4264 243 4322 est,
259 4251 429 4323 quandoque
443 4255 538 4304 tamen
552 4247 757 4302 intelletlualis.
