2738 4646
246 155 311 210 296
574 159 630 209 DE
649 159 699 209 SS.
721 160 1015 212 Eucuanrs'rra.

622 453 625 484 :
683 390 885 454 'canonas

283 521 356 580 Can.
375 541 396 578 r.
437 521 467 579 Si
481 521 547 595 quis
561 523 674 590 dixerit,
690 541 725 582 ex
740 523 796 581 Dei
815 533 966 595 praecepto
979 524 1025 581 vel
1038 523 1212 581 necessitate
1223 522 1309 579 salutis

243 625 348 666 omnes
360 618 391 666 et
403 608 536 682 singulos
547 609 658 670 Christi
671 601 777 668 fideles
787 610 1085 684 utramquespeciem
1095 608 1262 684 sanctissimi
1271 607 1312 664 Eu-

243 693 387 752 charistiae
400 697 574 754 sacramenti
589 714 705 755 sumere
718 696 848 762 debere3
867 699 904 784 h.
921 697 948 756 S.

282 782 355 839 Can.
372 801 396 839 a.
436 783 466 840 si
480 781 546 854 quis
559 783 672 852 dixerit,
688 783 827 842 Sanctam
842 784 1008 842 Ecclesiam
1022 783 1208 842 Catholicam
1220 800 1272 840 non
1282 783 1313 852 ju·

150 931 152 936 ,
242 869 293 926 stis
306 869 403 927 causis
413 879 443 928 et
455 868 619 926 rationibus
632 868 793 927 adductam
808 871 906 938 fuisse,
917 883 948 928 ut
962 871 1061 937 laicos,
1072 879 1163 942 atque
1175 870 1255 927 etiarn
1265 867 1314 926 Cle·

242 954 318 1012 ricos
332 973 392 1013 non
406 955 608 1022 conficientes,
623 957 679 1014 sub
696 959 780 1028 panis
798 957 1010 1026 tantummodo
1027 957 1127 1029 specie
1141 955 1314 1014 communica·

242 1053 315 1110 rent,
330 1043 598 1101 autineoerrasse
611 1062 619 1113 ;
638 1044 675 1099 Α.
691 1042 719 1100 S.

281 1128 354 1186 Can.
365 1145 391 1202 3.
430 1128 460 1186 Si
473 1130 541 1200 quis
553 1131 712 1202 negaverit,
725 1140 820 1189 totum
834 1139 865 1190 et
878 1131 1024 1204 integrum
1039 1132 1192 1192 Christum
1204 1131 1315 1190 omniun

240 1215 399 1286 gratiarum
417 1217 530 1274 iontem
544 1227 573 1275 et
585 1217 748 1286 auctorem,
761 1217 819 1276 sub
832 1221 891 1276 una
905 1219 989 1290 panis
1003 1220 1104 1291 specie
1117 1220 1204 1288 sumi,
1215 1218 1283 1291 quia,
1294 1231 1315 1272 ιι

241 1303 363 1375 quidam
383 1303 457 1361 salso
474 1315 617 1372 asserunt,
633 1321 693 1362 non
707 1304 874 1364 secundum
894 1306 986 1378 ipsius
1000 1306 1109 1365 Christi
1124 1307 1314 1364 institutionem

241 1391 297 1450 sub
311 1391 437 1462 utraque
450 1391 550 1464 specie
563 1403 715 1459 sumatur;
735 1393 769 1449 A.
785 1392 813 1450 S.

196 1552 198 1558 ‚
280 1480 353 1537 Can.
368 1499 394 1550 4.
434 1479 465 1537 Si
477 1480 544 1551 quis
557 1481 672 1546 dixerit,
688 1481 826 1553 parvulis,
841 1491 1003 1552 antequam
1020 1482 1059 1540 ad
1076 1500 1172 1541 annos
1190 1481 1315 1541 discretio·

242 1565 287 1623 nis
315 1565 512 1638 pervenerint,
539 1568 736 1626 necessariam
762 1585 827 1627 esse
853 1568 1048 1626 Eucharistiae
1075 1569 1316 1632 communiooeor;

241 1654 277 1709 A.
294 1653 323 1712 S.

267 1826 419 1908 Cone.
451 1824 740 1905 Tridentini
770 1823 980 1904 decreta
1010 1830 1062 1905 et
1089 1829 1297 1904 canones

491 1943 553 2023 de
581 1940 840 2024 sacrificio
870 1943 1045 2022 Missae
1062 1956 1086 2022 ¹.

657 2101 762 2181 (sas.
778 2101 921 2180 rari).

336 2256 495 2339 CAP.‚l.
513 2257 569 2315 De
590 2257 836 2316 lnstltutione
858 2255 1094 2316 sacrosancti
1115 2257 1243 2315 Missae

695 2353 889 2412 sacrllloll.

276 2478 427 2551 Quoniam
447 2477 503 2535 sub
522 2477 611 2550 priori
626 2477 831 2543 Testamento,
848 2486 921 2535 teste
936 2477 1084 2549 Apostolo
1103 2479 1317 2552 Paulos-propter

242 2564 364 2622 Levitici
377 2564 534 2622 sacerdotii
548 2563 782 2622 imbecillitatem
792 2563 1012 2623 consummatio
1026 2582 1086 2623 non
1100 2577 1182 2636 erat,
1201 2561 1317 2639 oportuit

243 2652 310 2710 Deo
323 2652 410 2708 Patre
423 2651 690 2710 misericordiarum
704 2652 744 2709 ita
757 2652 923 2720 ordinante,
934 2653 1119 2711 sacerdotem
1133 2652 1222 2711 alium
1234 2667 1317 2710 secun·

240 2737 313 2796 dum
332 2737 469 2798 ordinem
489 2738 715 2796 Melchisedech
735 2757 867 2810 surgere,
892 2739 1058 2796 Dominum
1082 2749 1216 2798 nostrum
1235 2740 1317 2814 lesan

240 2824 401 2895 Christum,
410 2825 461 2898 qui
476 2836 576 2898 posset
589 2842 693 2882 omnes
704 2835 854 2897 quotquot
868 2825 1073 2883 sanctificandi
1088 2837 1196 2894 essent,
1204 2841 1318 2884 consun-

241 2930 328 2983 mare,
346 2923 375 2970 et
393 2913 433 2970 ad
452 2911 616 2984 perlectum
631 2911 789 2970 adducere.
832 2912 861 2968 Is
877 2913 965 2983 igitur
983 2912 1063 2970 Deus
1076 2924 1105 2970 et
1121 2914 1264 2970 Dominus
1281 2927 1318 2966 oo·

240 3010 306 3068 ster,
322 2999 377 3057 etsi
391 3000 483 3057 semel
497 2999 628 3070 seipsum
644 2999 672 3055 in
686 3000 735 3056 ara
747 2999 852 3066 crucis,
869 3009 963 3056 morte
977 2999 1190 3071 intercedente,
1208 3001 1268 3057 Deo
1280 2999 1319 3054 Pr·

241 3089 276 3145 tri
290 3088 442 3146 oblaturus
455 3097 524 3156 erat,
539 3099 570 3144 ut
583 3098 722 3145 aeternam
737 3087 796 3144 illic
809 3088 1046 3158 redemptionem
1060 3101 1248 3159 operaretur:
1265 3085 1319 3158 quit
1351 3145 1352 3174 1

241 3187 340 3232 tamen
359 3191 411 3247 per
430 3185 556 3230 mortem
577 3175 777 3232 sacerdotium
797 3175 860 3245 ejus
879 3174 1128 3245 exstinguendum
1150 3194 1210 3232 non
1229 3171 1319 3232 eratin
1351 3175 1352 3267 l

240 3263 326 3320 coeni
339 3261 508 3326 novissima,
526 3263 585 3332 quai
599 3262 687 3320 nocte
701 3261 879 3331 tradebatur,
898 3273 929 3320 ut
947 3261 1064 3320 dileciae
1078 3280 1198 3334 sponsae
1210 3280 1266 3320 suae
1278 3261 1320 3316 Ec·

239 3351 337 3410 clesiae
347 3349 472 3419 visibile,
482 3350 558 3406 sicut
572 3348 727 3407 hominum
740 3361 842 3406 natura
853 3349 950 3420 exigit,
962 3349 1142 3420 relinqueret
1155 3349 1319 3408 sacrificiunt.

240 3456 301 3510 quo
314 3447 469 3495 cruentum
490 3436 562 3494 illud
582 3437 673 3493 semel
694 3437 723 3492 in
741 3454 828 3493 cruce
848 3437 1050 3507 peragendum
1072 3447 1318 3510 repraesentaretur.

240 3527 364 3597 ejusque
384 3523 527 3582 memoria
548 3523 576 3578 in
597 3522 686 3580 linem
706 3540 802 3594 usque
822 3523 922 3580 saeculi
942 3535 1136 3594 permaneret,
1153 3539 1242 3596 atque
1259 3521 1319 3578 illius
1350 3591 1351 3602 ἵ

240 3612 373 3670 salutaris
386 3611 477 3669 virtus
492 3611 738 3668 inremissionem
753 3627 865 3676 eorum,
882 3628 949 3681 quae
967 3627 984 3667 a
1004 3609 1091 3667 nobis
1104 3611 1239 3682 quotidie
1256 3625 1319 3666 conr·

240 3700 403 3770 mittuntur,
421 3708 611 3770 peccatorum
629 3697 847 3769 applicaretur;
870 3697 1062 3755 Sacerdotem
1080 3698 1243 3756 secundum
1259 3691 1320 3754 ordi·

241 3804 307 3843 nem
320 3784 544 3843 Melchisedech
558 3802 591 3841 se
603 3783 632 3840 in
647 3794 790 3841 aeternum
805 3784 1000 3841 constitutum
1014 3783 1178 3854 declarans,
1190 3799 1287 3856 corpus
1298 3789 1319 3834 et

240 3873 415 3942 sanquinem
428 3891 515 3929 suurn
529 3872 586 3930 sub
599 3871 755 3943 speciebus
771 3871 854 3944 panis
867 3883 895 3929 et
911 3871 969 3927 vini
985 3871 1051 3928 Deo
1068 3873 1144 3930 Patri
1159 3872 1278 3934 obtulit;
1293 3883 1318 3922 tc

239 3959 296 4016 sub
314 3960 487 4017 earumdem
508 3977 604 4016 rerum
624 3959 767 4030 symbolis
787 3958 947 4030 Apostolis‚
964 3976 1040 4030 quos
1060 3969 1132 4017 tunc
1151 3960 1219 4017 novi
1238 3959 1319 4013 'lesta-

240 4045 331 4103 rnenti
346 4046 514 4102 sacerdotes
525 4044 736 4113 constituebat,
748 4057 778 4102 ut
792 4055 953 4112 sumerent,
963 4042 1097 4110 tradidit;
1117 4057 1147 4103 et
1160 4047 1273 4104 eisdem.
1282 4057 1317 4097 eo·
1349 4075 1350 4110 ι

238 4150 365 4204 rumque
379 4132 408 4187 in
422 4132 589 4188 sacerdotio
603 4131 831 4200 successoribus,
847 4143 879 4188 ut
892 4132 1040 4201 offerrent,
1055 4133 1199 4205 praecepit
1212 4149 1259 4204 per
1270 4129 1316 4184 hat

238 4219 1313 4243 -ῌ-ῄ--ῌ-..ᾑ-,μ

1345 4359 1349 4604 l

273 4275 282 4307 ¹
296 4271 350 4326 Cir.
366 4271 392 4324 Α
399 4311 402 4322 .
421 4271 448 4323 T
444 4269 548 4333 lrer'ner,
564 4288 608 4337 op.
625 4271 670 4325 cit.
688 4273 741 4324 vol.
761 4273 798 4340 ll,
811 4289 836 4340 p.
853 4273 885 4341 58
900 4289 942 4341 sq.
