2738 4646
303 175 360 225 DE
379 175 587 227 sumsero
606 177 820 226 BAP'I'ISMI.
1045 178 1110 230 269

26 353 218 416 ostenderint
241 374 279 416 ac
301 356 379 418 vitae
401 357 581 437 periculum
604 357 784 431 immineat,
800 355 931 418 etiamsi
955 373 1020 416 non
1045 355 1111 416 sint

27 466 184 536 compotes
202 459 331 534 mentis,
347 461 554 542 baptizentur
566 461 582 485 ''
601 459 713 540 (Cone.
730 459 815 520 Balt.
835 459 879 534 ΙΙ,
896 458 981 537 230).

59 565 104 630 52Ἰ
152 572 188 620 2⁰
210 559 263 623 Ad
287 562 411 624 licitam
433 573 465 624 et
476 563 684 642 sruliuosam
708 562 906 624 sacramenti
931 560 1110 641 susceptio-

28 676 91 719 nem
115 663 324 742 requiruntur
349 665 503 746 insuper:
527 665 578 746 (a)
594 665 833 757 reiiafides:,“
847 663 910 744 Qui
927 663 1111 736 crediderit,

26 771 52 818 et
66 759 251 842 baptIzatus
269 766 373 841 luerit,
383 768 494 832 salvus
510 768 571 830 erit
581 768 620 812 ”¹
638 790 644 844 ;
660 766 724 831 “Si
742 767 847 828 credis
863 787 907 828 ex
921 765 1112 839 totocorde,

28 861 90 924 licet
101 865 116 888 ’'
126 877 163 942 2;
186 865 237 948 (b)
249 869 375 932 attn‘tio
389 871 647 951 supernaturalis
662 871 704 932 de
721 871 865 952 peccatis
882 867 1076 932 mortalibus
1092 887 1112 928 a

28 965 166 1044 subjecto
181 973 388 1036 commissis:
413 974 540 1040 nullum
566 975 654 1036 enim
672 981 845 1055 peccatum
863 971 986 1033 remitti
1003 979 1113 1051 potest

27 1069 93 1145 quin
111 1070 326 1138 retractetur:
350 1081 366 1108 ‘⁶
381 1071 614 1140 Poenltentiam
639 1078 734 1158 agite,
751 1087 784 1140 et
807 1076 993 1157 baptizetur
1014 1095 1112 1137 unus·

28 1173 155 1254 quisque
171 1189 315 1241 vestrum
329 1181 344 1205 ”
357 1191 378 1242 3.
425 1181 501 1243 Non
519 1183 695 1262 requiritur
711 1192 821 1244 autem
839 1182 966 1243 attritio
980 1183 1022 1243 de
1038 1199 1113 1260 pee-

29 1285 92 1337 cato
114 1280 274 1360 originali,
291 1285 368 1364 quia
384 1303 482 1347 nemo
501 1282 678 1348 retradiare
701 1294 812 1366 potest
835 1294 1003 1364 peccatum
1023 1282 1111 1363 quod

30 1396 83 1438 non
100 1385 273 1447 commisit.
321 1387 390 1449 Nec
406 1389 562 1467 praemitti
585 1388 684 1450 debet
707 1387 870 1449 consessio
893 1395 1112 1448 sacramenta·

32 1479 69 1552 lis,
83 1503 183 1562 quum
200 1497 337 1568 peccata
353 1500 429 1552 ante
447 1477 656 1572 Baptismum
676 1490 853 1552 commissa
870 1508 928 1569 per
943 1508 1022 1551 sacr.
1041 1489 1113 1550 Poe-

32 1584 166 1649 uitentiae
183 1609 249 1652 non
267 1594 483 1656 remittantur.
509 1601 513 1612 '

68 1687 118 1750 Ad
146 1694 277 1771 praxim
305 1695 394 1774 quod
423 1697 551 1770 attinet,
579 1696 650 1757 haec
678 1696 918 1759 attendantur:
949 1695 1014 1759 “Si
1041 1695 1115 1776 quis

33 1789 151 1853 adultus
168 1796 210 1856 sit
226 1795 454 1878 baptizandus,
470 1799 569 1860 debet
585 1799 683 1879 prius,
700 1800 880 1860 secundum
898 1796 1114 1879 apostolicam

34 1894 176 1971 regulam,
193 1899 224 1958 in
249 1899 427 1962 christiana
448 1899 521 1976 fide,
538 1911 571 1963 et
595 1921 653 1983 per
676 1901 803 1982 aliquot
826 1902 945 1963 diesin
962 1899 1115 1981 operibus

34 1995 152 2072 pietatis
175 2003 332 2078 exerceri,
356 2003 493 2086 ejusque
514 2004 674 2066 ¹voluntas
702 2013 734 2064 et
760 2005 966 2085 propositum
995 2003 1115 2082 saepius

34 2100 245 2178 exploraret
264 2106 394 2167 nonnisi
418 2107 524 2168 sciens
547 2115 581 2168 et
602 2106 725 2182 volens,
747 2106 914 2188 probeque
938 2101 1116 2167 instrutius

35 2197 188 2281 baptizari.
237 2208 299 2270 Pro
315 2208 412 2288 hujus
428 2211 638 2272 veneratione
654 2210 860 2284 sacramenti,
876 2218 944 2271 tam
967 2208 1116 2268 sacerdo·

36 2310 89 2367 lem
100 2310 155 2389 qui
168 2311 301 2374 adultos
313 2313 506 2393 baptizabit,
517 2332 617 2393 quam
632 2313 720 2394 ipsos
733 2312 865 2374 adultos
877 2311 933 2391 qui
947 2311 1017 2371 sani
1031 2319 1116 2384 sunt,

36 2413 165 2474 convenit
178 2434 250 2476 esse
265 2414 395 2496 jejunos
407 2417 431 2478 '’.
472 2413 624 2500 (Rituale
638 2416 732 2478 Rom.
751 2417 798 2478 tit.
818 2415 862 2490 ΙΙ,
879 2435 905 2476 c.
923 2431 950 2493 3,
966 2434 997 2476 n.
1018 2431 1042 2488 1,
1060 2413 1101 2492 8).

180 2598 266 2674 Art.
292 2598 363 2676 IV.
392 2600 454 2676 De
483 2601 691 2676 iteratione
721 2599 953 2698 Baptismir.

70 2785 112 2852 53,
161 2787 193 2834 10
208 2774 386 2856 Principia.
433 2775 482 2855 (a)
501 2776 691 2856 Baptismus
715 2795 780 2836 non
805 2774 905 2836 debet
929 2775 1037 2836 iterari
1055 2775 1116 2836 nisi

38 2871 109 2936 adsit
122 2875 256 2938 dubium
265 2879 410 2958 prudens
425 2880 467 2940 de
484 2878 570 2939 illius
586 2877 779 2940 validitate:
802 2877 857 2956 qui
882 2896 975 2938 secus
996 2887 1116 2956 ageret,

38 2978 161 3049 graviter
177 2990 337 3059 peccaret,
351 2991 384 3042 et
400 2983 426 3042 si
443 2981 626 3061 baptizaret
642 2980 839 3056 solemniter
849 2988 882 3040 et
899 2978 1024 3060 absque
1041 2999 1117 3039 con-

39 3075 154 3159 ditione,
177 3083 452 3164 irregularitatem
482 3085 666 3145 incurreret.
712 3078 763 3162 (b)
792 3063 981 3163 Baptismus
1009 3081 1117 3143 iterari

40 3178 120 3246 debet
135 3187 273 3266 quoties,
290 3199 366 3268 post
381 3187 522 3268 diligens
539 3206 691 3260 examen,
703 3185 841 3246 dubium
858 3186 900 3247 de
916 3183 986 3263 ejus
1002 3184 1117 3246 validi·

40 3289 91 3346 tate
106 3300 261 3370 superest.

74 3403 102 3448 20
127 3392 262 3472 Regrrloe
283 3392 506 3473 particulares.
555 3387 620 3476 (A)
656 3390 805 3451 Infantes
835 3389 968 3469 depositi
995 3390 1118 3452 debent

41 3487 179 3571 baptizari
197 3497 259 3558 sub
275 3496 474 3571 conditione,
490 3491 618 3557 etiamsi
644 3493 852 3556 inveniantur
869 3513 944 3554 cum
961 3492 1117 3556 schedula

42 3603 200 3662 attestante
225 3601 314 3680 ipsos
338 3601 524 3681 baptizatos
542 3597 649 3674 luisse,
666 3597 726 3657 uisi
745 3607 855 3657 tamen
873 3594 1025 3655 schedula
1042 3596 1117 3656 sub-

43 3701 181 3765 scribatur
197 3725 215 3766 a
231 3708 372 3785 persona
389 3708 476 3779 nota
492 3723 566 3783 quae
584 3700 775 3781 interrogari
793 3700 904 3780 possit.

77 3799 134 3888 (B)
153 3806 301 3870 Infantes
316 3807 474 3888 baptr'aati
494 3807 583 3868 domi
603 3805 644 3868 ab
666 3804 834 3877 obstetrice,
850 3801 901 3864 vel
925 3801 989 3863 alia
1012 3803 1118 3882 perita

45 3914 170 3986 persona,
186 3931 251 3972 non
269 3920 346 3973 sunt
363 3909 598 3992 rebaptizandi,
616 3909 686 3982 nisi,
704 3928 737 3968 re
753 3906 929 3986 diligenter
947 3911 1117 3985 perpensa,

47 4027 460 4046 *ffi—
730 4035 759 4041 ..-

71 4103 171 4159 ¹llarc.
187 4107 265 4171 XVI,
283 4109 321 4158 16.
338 4105 468 4158 ..affl
486 4104 566 4171 VIII,
585 4106 624 4170 36.
639 4135 673 4142 -
686 4108 695 4138 ³
708 4102 770 4154 Ari.
790 4101 828 4163 ΙΙ,
845 4102 886 4166 38.

73 4183 298 4262 ⁴S.Alplronsus,
321 4211 347 4246 n.
373 4205 506 4260 134·137;
532 4193 670 4258 Korrirrgs,
696 4189 761 4254 1263
783 4205 836 4257 sq.;
862 4188 953 4250 Marc,
978 4189 1044 4255 1476
1064 4204 1116 4255 sq.;

49 4273 154 4346 leutici,
167 4283 201 4336 de
216 4283 363 4351 Baptismo
376 4297 401 4332 n.
420 4278 550 4344 118·119;
571 4279 685 4341 babent,
703 4293 728 4330 n.
746 4275 805 4329 662.
