2770 4652
594 162 666 216 ,ΠΕ
684 164 972 216 POENITEN'HA.

246 282 602 292 ..—.-—-----—

239 344 367 401 nitentes
385 361 402 400 a
421 341 575 414 quibusvis
594 343 724 414 peccatis
741 354 770 401 et
787 344 918 402 censuris
930 344 1085 402 absolvere
1099 354 1238 416 possunt:
1255 357 1317 402 extra

238 448 329 502 quem
343 431 496 488 articulum
509 429 692 500 Sacerdotes
709 449 778 488 cunr
792 430 866 488 nihil
879 431 989 503 possint
1003 430 1032 487 in
1046 429 1166 489 casibus
1178 433 1314 500 reservatis

241 518 271 576 id
285 536 378 576 unum
391 519 606 590 poenitentibus
620 519 797 590 persuadere
810 521 949 590 nitantur,
962 530 993 578 ut
1002 520 1042 577 ad
1053 519 1221 591 Superiores
1230 531 1256 578 et
1265 520 1317 590 legi·
1368 539 1369 550 ¹

240 608 329 665 timos
340 608 456 679 judices
469 626 523 681 pro
537 607 683 668 beneficio
696 608 891 666 absolutionis
903 607 1057 666 accedant.

285 758 390 819 CAP.
411 759 446 818 8.
470 758 525 817 De
546 759 823 818 satisfactionis
846 759 1077 817 necessitate
1100 764 1139 817 et
1160 759 1288 818 fructu.

280 898 410 955 Demum
423 896 524 968 quoad
538 895 778 964 satisfaetionem,
792 915 860 968 quae
872 913 907 954 ex
919 897 1059 955 omnibus
1075 899 1256 957 Poenitentiae
1273 917 1320 970 par·

242 985 330 1056 tibus,
344 986 600 1058 quemadmodum
613 1002 631 1041 a
646 983 781 1042 Patribus
796 984 902 1042 nostris
912 982 1083 1042 Christiano
1093 986 1206 1058 populo
1216 985 1264 1042 fuit
1273 1004 1321 1058 per-

244 1083 335 1143 petuo
348 1083 480 1144 tempore
493 1071 722 1142 commendata;
741 1071 781 1128 ita
793 1090 853 1129 una
866 1072 992 1128 maxime
1005 1073 1106 1129 nostra
1119 1083 1212 1142 aetate,
1225 1091 1322 1130 summo
1369 1125 1370 1146 ,

245 1161 361 1232 pietatis
381 1171 523 1234 praetextu
542 1159 732 1231 impugnatur
750 1159 789 1217 ab
808 1160 851 1227 iis,
868 1159 919 1231 qui
936 1159 1067 1231 specienr
1089 1161 1322 1232 pietatishabent,
1369 1175 1370 1178 ’

245 1249 380 1306 virtutem
393 1260 492 1306 autem
506 1247 570 1319 ejus
582 1246 788 1319 abnegarunt:
807 1245 909 1305 sancta
928 1247 1066 1318 Synodus
1086 1249 1222 1320 declarat,
1237 1249 1323 1307 falsum

242 1336 368 1393 omnino
381 1354 454 1406 esse,
468 1345 496 1393 et
509 1353 527 1392 a
539 1334 630 1391 verbo
645 1335 701 1394 Dei
715 1334 844 1392 alienum
864 1335 982 1406 culpam
1002 1353 1019 1392 a
1040 1335 1173 1393 Domino
1193 1355 1325 1408 nunquan

244 1423 361 1490 remitti,
375 1423 447 1494 qnin
461 1421 596 1478 universa
609 1421 695 1479 etiam
709 1439 798 1493 poena
816 1421 1012 1479 condonetur.
1052 1421 1211 1494 Perspicua
1223 1425 1326 1480 enimet
1370 1409 1371 1472 l

246 1509 368 1567 illustria
381 1510 410 1566 in
424 1509 513 1566 sacris
528 1508 644 1566 Litteris
663 1509 799 1581 exempla
816 1509 1010 1581 reperiuntur,
1026 1507 1146 1580 quibus,
1158 1521 1260 1581 praeter
1271 1510 1327 1566 dirr-
1370 1503 1371 1506 ’

246 1613 315 1652 nam
330 1597 527 1666 traditionem,
545 1595 593 1652 hic
610 1614 689 1654 error
701 1613 792 1668 quam
810 1595 1048 1652 manifestissime
1068 1596 1231 1653 revincitur.
1266 1597 1328 1652 Sane

245 1695 276 1740 et
288 1682 397 1740 divinae
408 1683 527 1754 justitiae
547 1683 620 1740 ratio
639 1683 755 1753 exigere
774 1683 898 1752 videtur,
911 1692 944 1741 ut
962 1683 1046 1741 aliter
1063 1682 1102 1741 ab
1121 1700 1159 1741 eo
1178 1685 1206 1740 in
1225 1686 1329 1756 gratian
1370 1691 1371 1696 ’

246 1773 434 1844 recipiantur,
450 1773 583 1844 quiante
598 1773 784 1844 Baptismum
804 1787 856 1843 per
872 1770 1067 1841 ignorantiam
1082 1769 1275 1842 deliquerint;
1291 1772 1330 1827 ali-

247 1875 291 1921 ter
312 1880 390 1932 vero,
416 1862 466 1934 qui
489 1860 580 1919 semel
606 1878 623 1917 a
648 1860 761 1932 peccati
787 1868 816 1917 et
838 1859 983 1916 daemonis
1008 1860 1148 1918 servitute
1173 1860 1330 1926 liberatica

247 1961 373 2023 accepto
386 1950 513 2021 Spiritus
525 1949 619 2006 sancti
633 1948 725 2016 done,
736 1948 864 2005 scienter
883 1946 1027 2018 ternplum
1044 1947 1099 2004 Dei
1114 1947 1230 2016 violare,
1242 1957 1269 2004 et
1281 1945 1331 2018 Spi·
1371 1979 1372 1986 .

249 2041 336 2096 ritum
350 2039 486 2095 sanetum
500 2037 674 2094 contristare
687 2053 747 2092 non
762 2035 991 2092 formidaverint.
1027 2035 1065 2092 Et
1078 2035 1208 2093 divinam
1221 2037 1330 2094 clemen·

250 2127 320 2182 tiam
335 2124 431 2191 decet,
444 2141 482 2181 ne
495 2123 535 2179 ita
549 2122 636 2179 nobis
648 2122 763 2194 absque
776 2122 835 2179 ullai
849 2122 1049 2180 satisfactione
1061 2134 1185 2195 peccata
1201 2123 1331 2180 dimittan-

250 2225 305 2280 tur,
319 2223 350 2269 ut
369 2211 527 2269 occasione
544 2211 675 2282 accepta,
692 2221 815 2282 peccata
830 2210 939 2268 leviora
957 2221 1102 2282 putantes,
1119 2212 1198 2269 velut
1212 2211 1297 2282 injurii
1309 2219 1332 2266 et
1371 2201 1372 2280 l

251 2300 457 2358 contumeliosi
480 2299 599 2370 Spiritui
619 2297 731 2370 sancto,
754 2299 784 2356 in
806 2299 938 2370 graviora
957 2297 1098 2368 labamus,
1122 2299 1332 2358 thesaurizantes

252 2388 338 2447 nobis
352 2389 425 2444 iram
439 2389 468 2444 in
482 2388 531 2446 die
544 2388 602 2446 irae.

289 2473 393 2532 Procul
408 2474 502 2532 dubio
514 2474 593 2532 eninr
607 2493 787 2547 magnopere
800 2493 817 2532 a
832 2487 955 2547 peccato
968 2486 1113 2545 revocant,
1127 2485 1157 2533 et
1167 2475 1246 2546 quasi
1257 2475 1333 2531 fraeno

234 2588 237 2594 ·
253 2563 384 2634 quodam
400 2573 538 2619 coercent
557 2562 603 2619 bae
619 2561 822 2620 satisfactorias
842 2581 947 2634 poenae,
963 2563 1169 2635 cautioresque
1186 2573 1214 2620 et
1230 2561 1332 2632 vigilan-

253 2651 343 2706 tiores
357 2648 386 2704 in
401 2649 529 2706 futurum
545 2650 724 2719 poenitentes
742 2649 893 2707 efficiunt:
914 2649 1070 2706 medentur
1083 2666 1203 2720 qnoque
1216 2657 1334 2721 peccato

253 2753 318 2793 rum
331 2735 471 2807 reliquiis,
487 2747 515 2793 et
530 2737 649 2793 vitiosos
662 2736 791 2805 habitus,
803 2736 879 2794 male
893 2735 1021 2794 vivendo
1034 2745 1228 2808 comparatos,
1237 2743 1333 2792 contra·

254 2825 303 2881 riis
320 2824 459 2882 virtutum
478 2823 646 2882 aclionibus
665 2825 781 2882 tollunt.
822 2824 929 2894 Neque
946 2840 1015 2881 vero
1033 2823 1162 2880 securior
1180 2823 1237 2879 ulla
1255 2823 1296 2878 via
1312 2821 1333 2875 in

257 2913 389 2970 Ecclesia
403 2912 457 2970 llei
468 2930 600 2984 unquam
615 2913 778 2970 existimata
792 2911 847 2969 fuit
858 2910 897 2968 ad
910 2910 1105 2968 amovendam
1120 2910 1311 2967 imminentem
1323 2923 1335 2961 a

258 2999 391 3058 Domino
411 3017 539 3070 rroerrnm,
562 3017 652 3070 qnam
676 3011 708 3056 ut
731 2999 794 3055 haec
816 2998 999 3069 paenitentiae
1020 3013 1111 3067 opera
1131 2995 1262 3053 homines
1280 3011 1335 3050 cum

256 3105 326 3144 vero
338 3086 428 3143 animi
442 3086 545 3144 dolore
559 3086 754 3157 frequentent.
795 3085 919 3142 Accedit
937 3084 977 3142 ad
995 3083 1065 3152 lraec,
1082 3083 1173 3154 quod,
1189 3082 1258 3140 dum
1270 3083 1335 3137 satis·

258 3173 394 3232 faciendo
406 3175 532 3244 patimur
546 3192 599 3246 pro
614 3175 752 3246 peccatis,
765 3173 885 3232 Christo
894 3173 974 3245 lesu,
983 3171 1034 3243 qui
1046 3188 1100 3242 pro
1110 3168 1335 3242 peccatisnostris

257 3261 407 3331 satisfecit,
422 3279 457 3318 ex
470 3279 531 3332 quo
544 3263 641 3320 onmis
654 3273 754 3319 nostra
767 3260 940 3318 sufficientia
953 3269 1006 3328 est,
1022 3259 1189 3316 conformes
1202 3257 1332 3320 efficimur,

257 3349 451 3408 certissimam
465 3365 586 3420 quoque
600 3349 670 3407 inde
683 3349 797 3406 arrlrarn
811 3348 964 3418 habentes,
976 3347 1058 3418 quod
1071 3345 1095 3403 si
1108 3345 1303 3418 compatimur,
1314 3349 1333 3398 ct

258 3435 556 3508 conglorificabimur.

295 3525 401 3596 Neque
415 3541 484 3582 vero
499 3524 537 3582 ita
551 3534 649 3581 nostra
663 3534 706 3582 est
720 3524 880 3582 satisfactio
895 3524 969 3592 haec,
981 3539 1070 3594 quam
1091 3539 1144 3594 pro
1163 3520 1284 3593 peccatis
1297 3531 1334 3574 nu

257 3613 323 3669 stris
333 3611 518 3676 exsolvimus,
532 3622 562 3668 ut
577 3629 636 3667 non
651 3613 688 3669 sit
702 3629 753 3682 per
767 3611 919 3670 Christum
933 3611 1034 3684 Jesnm
1048 3630 1055 3666 ε
1076 3626 1144 3665 nam
1158 3609 1208 3681 qui
1222 3627 1254 3664 er
1266 3605 1334 3662 nobis

259 3715 401 3772 tanquam
415 3719 450 3757 ex
464 3698 550 3756 nobis
564 3699 636 3756 nihil
650 3717 818 3770 possumus
828 3717 864 3756 eo
877 3707 1056 3770 cooperante
1069 3697 1118 3768 qui
1134 3715 1188 3754 nos
1201 3695 1331 3758 confortat,

258 3790 360 3846 omnia
374 3807 552 3861 possumus:
573 3787 611 3844 lta
626 3806 686 3845 non
701 3789 790 3846 babet
805 3787 896 3846 homo
915 3787 994 3845 unde
1013 3785 1169 3856 glorietur:
1190 3784 1241 3842 sed
1258 3779 1334 3839 carnis

260 3877 396 3948 gloriatio
415 3889 514 3932 nostra
534 3877 563 3932 in
584 3875 704 3934 Christo
722 3887 775 3940 est,
795 3875 824 3931 in
844 3893 904 3946 quo
922 3875 1055 3944 vivimus,
1075 3873 1104 3929 in
1123 3889 1184 3944 quo
1203 3883 1333 3928 meremur.

260 3965 291 4019 in
314 3981 375 4033 quo
397 3962 592 4019 satisfacimus
613 3963 754 4020 facientes
777 3962 888 4020 sirletus
909 3961 1016 4032 dignos
1037 3955 1333 4032 poenitentiaque

262 4051 312 4104 illo
326 4049 385 4102 rim
399 4048 518 4118 babent,
534 4049 572 4105 ab
587 4050 637 4107 illo
650 4051 812 4108 offeruntur
828 4049 913 4112 Patri,
929 4059 958 4105 et
975 4065 1026 4120 per
1043 4046 1125 4103 illum
1137 4053 1334 4117 acceptanturs

266 4133 359 4189 Patre

301 4219 419 4275 Debent
434 4236 505 4274 eruo
521 4218 694 4278 Sacerdotes
710 4221 842 4283 Domini.
858 4229 1003 4290 quantum
1021 4217 1139 4290 spiritus
1156 4225 1185 4274 et
1203 4209 1337 4288 prudentia

307 4304 448 4370 ‘recesseris
467 4322 519 4374 pro
532 4305 672 4373 qrralitate
685 4309 841 4364 criminum
856 4319 884 4364 et
899 4306 1106 4377 poenitentium
1123 4303 1266 4364 facultate,
1280 4297 1336 4353 saln-
