2758 4652
235 196 303 250 606
662 199 719 248 DE
738 199 914 250 ORDINE.

234 380 399 460 siquidem
416 393 495 442 sunt
511 381 784 444 administratorii
801 383 948 464 spiritus,
962 383 993 442 in
1012 381 1325 443 ministeriummissi
1343 435 1346 440 .

235 483 278 544 ad
295 484 409 546 divina
426 485 587 548 mandata
598 487 824 566 exsequenda,
837 487 917 549 dum
932 484 1131 548 Sacerdotes
1148 486 1209 564 ipsi
1224 483 1327 564 Ange-

236 586 343 650 lorum
363 589 448 670 Regi
466 591 641 671 imperant‚
657 609 802 670 eumque
818 610 837 652 e
853 589 939 652 coelo
956 590 988 651 in
1006 600 1127 652 terram
1146 588 1287 661 trahunt,
1300 599 1327 648 et

236 710 448 773 quocumque
463 693 590 768 volunt,
605 693 742 756 ducunt.
790 693 838 773 lc)
853 694 920 776 lpsi
938 693 1069 774 Virgini
1086 693 1333 773 aequiparantur,

236 813 340 876 quum
368 797 517 878 quotidie
544 815 643 878 super
666 797 771 860 altare
797 797 984 876 producant
1010 815 1110 876 quem
1136 783 1224 875 Ipsa'
1237 795 1333 856 semel

237 906 367 960 tantum
390 900 514 980 genuit,
535 899 635 979 juxta
661 898 695 962 S.
712 894 992 980 Augustinumw
1014 899 1131 960 “Vere
1153 899 1335 959 veneranda

238 1000 459 1065 Sacerdotum
480 1002 638 1084 dignitas
654 1003 686 1063 in
709 991 850 1082 quorum
875 1000 1028 1064 manibus
1046 1001 1111 1063 Dei
1130 1001 1235 1062 Filius
1250 1000 1335 1064 velut

237 1104 270 1166 in
298 1115 393 1168 utero
416 1106 566 1187 Virginis
592 1108 784 1169 incarnatur
794 1107 829 1168 ”l
876 1106 928 1188 (d)
953 1106 1033 1170 Uno
1059 1105 1162 1167 verbo
1187 1105 1336 1168 Sacerdos

237 1209 321 1271 tuter
345 1209 503 1285 Christus,
527 1211 574 1272 ait
599 1209 857 1284 &Bernartius
913 1209 1097 1290 Siquidem,
1119 1227 1234 1289 quum,
1258 1217 1338 1269 teste

239 1312 342 1374 Paulo
353 1323 375 1387 ²,
392 1313 424 1373 in
444 1312 485 1374 N.
500 1313 590 1393 Lege
606 1313 724 1375 unicus
741 1313 784 1375 sit
801 1311 976 1386 Sacerdos
989 1311 1141 1375 Christus
1157 1311 1265 1391 Jesus,
1277 1311 1338 1390 qui,

238 1416 383 1496 eoquod
402 1425 537 1478 maneat
560 1417 592 1477 in
618 1425 787 1489 aeternum,
803 1415 1043 1496 sempiternum
1066 1413 1168 1502 habet
1182 1414 1338 1475 sacerdo

238 1520 332 1591 tium,
356 1538 456 1580 nemo
484 1527 596 1600 potest
623 1517 692 1580 fieri
718 1518 891 1592 Sacerdos,
915 1518 977 1580 nisi
1005 1518 1118 1598 aliquo
1141 1518 1244 1580 modo
1267 1537 1339 1578 curn

240 1621 372 1684 Christo
395 1622 483 1683 idem
505 1621 571 1685 liat.
618 1622 718 1704 Quod
736 1641 779 1684 ex
796 1622 869 1702 ejus
887 1620 1078 1682 muneribus
1101 1619 1237 1682 aliunde
1253 1619 1340 1681 colli·

239 1725 328 1805 gitur
344 1749 351 1804 ;
375 1744 452 1786 nam
466 1724 546 1787 dum
561 1734 741 1799 consecrat,
755 1725 825 1806 ipse
838 1724 991 1787 Christus
1006 1732 1057 1785 est
1073 1723 1130 1803 qui
1147 1736 1320 1785 consecrat
1336 1749 1342 1784 :

240 1826 303 1888 hoc
327 1835 377 1888 est
400 1847 521 1907 corpus
545 1848 677 1900 marram
710 1829 790 1890 dum
815 1827 973 1908 baptizat,
997 1825 1151 1889 Christus
1174 1826 1343 1907 baptizat:

240 1931 321 1992 dum
344 1941 482 2011 peccata
504 1931 652 2006 remittit,
670 1930 822 1994 Christus
838 1917 1002 2008 absoliiit;
1024 1929 1106 1990 dum
1123 1929 1264 1991 verbum
1283 1929 1343 1990 Dei

241 2035 428 2106 annuntiat,
445 2034 597 2097 Christus
621 2054 680 2116 per
696 2055 733 2096 os
749 2033 821 2114 ejus
846 2033 1017 2114 loquitur:
1039 2031 1135 2114 “Qui
1158 2053 1219 2094 vos
1243 2034 1345 2102 audit,

242 2157 295 2198 mc
322 2138 416 2199 audit
427 2137 451 2199 ”,
498 2136 662 2200 Sacerdos
690 2137 792 2219 igitur
814 2136 983 2199 Christum
1012 2136 1138 2210 induat,
1163 2147 1198 2199 et
1224 2147 1346 2202 mente.

241 2239 343 2301 verbo
374 2250 407 2302 et
438 2260 538 2321 opere
561 2240 707 2321 seipsum
726 2239 849 2302 Christi
881 2239 1083 2301 imitatorem
1115 2237 1289 2310 exhibeat,
1312 2253 1346 2300 ut

242 2361 317 2404 cum
337 2343 441 2405 Paulo
464 2341 618 2404 fidelibus
634 2343 744 2404 dicere
761 2342 869 2404 valeat
887 2365 894 2404 :
917 2346 934 2373 “
949 2341 1140 2404 Imitatores
1158 2341 1222 2403 mei
1238 2351 1347 2403 estole

243 2443 328 2506 sicut
344 2453 377 2507 et
394 2465 457 2526 ego
471 2444 593 2507 Christi
605 2445 621 2470 '’
631 2455 654 2506 3.
1138 2457 1140 2462 ’

449 2581 483 2629 2⁰
499 2569 550 2630 De
559 2567 675 2649 gratia
684 2579 747 2648 per
761 2567 996 2631 ordinationem
1012 2565 1135 2630 collatd.

287 2683 335 2750 26.
393 2682 517 2759 Gratia,
544 2704 619 2765 quae
646 2705 706 2766 per
732 2693 977 2747 sacramentum
1006 2683 1144 2747 Ordinis
1171 2684 1350 2754 confertur,

244 2796 296 2849 est
327 2787 488 2867 imprimis
513 2787 629 2867 gratia
658 2785 850 2860 habitualis,
879 2806 945 2848 non
973 2785 1108 2866 quidem
1141 2785 1266 2867 prima,
1294 2787 1348 2847 sed

244 2889 391 2963 secunda,
408 2899 441 2951 et
457 2889 590 2969 quidem
607 2889 785 2964 abundans,
801 2908 877 2950 cum
898 2887 973 2968 jure
996 2889 1038 2950 ad
1058 2889 1194 2968 gratias
1209 2889 1351 2951 allraealaes

247 3011 307 3054 suo
339 3001 488 3072 tempore
519 2993 760 3068 concedendas
791 2993 833 3054 ad
866 3011 1003 3053 munera
1033 2991 1264 3054 ecclesiastica
1295 2993 1350 3053 n'le

246 3094 409 3156 obeunda.

247 3196 298 3278 (a)
315 3197 455 3260 Constat
472 3218 515 3260 ex
531 3198 641 3261 verbis
659 3198 691 3262 S.
711 3197 804 3260 Pauli
819 3199 888 3278 jam
907 3197 1062 3262 citatistz
1086 3197 1304 3262 “Admoneo
1319 3209 1351 3260 te

247 3309 284 3361 ut
300 3301 475 3363 resuscites
486 3301 635 3381 gratiam
652 3301 726 3376 Dei,
742 3321 818 3383 quae
838 3308 889 3362 est
911 3301 942 3362 in
965 3309 999 3362 te
1019 3320 1078 3382 per
1099 3300 1352 3383 impositionem

249 3423 408 3466 manuum
427 3424 571 3467 mearum
584 3406 621 3482 ”3
644 3404 730 3466 hanc
747 3415 858 3468 autern
880 3405 1022 3485 gratiam
1039 3425 1112 3467 esse
1128 3417 1352 3486 augmentum

249 3507 365 3587 gratiae
378 3506 559 3569 habitualis
571 3528 614 3568 ex
628 3527 723 3570 versu
737 3507 888 3587 sequenti
902 3517 1004 3588 patet,
1014 3507 1071 3569 ubi
1084 3505 1228 3570 dicitur:
1254 3513 1273 3539 “
1282 3508 1354 3570 Non

249 3611 337 3673 enim
354 3611 446 3673 dedit
463 3612 559 3673 nobis
578 3611 670 3674 Deus
687 3611 839 3692 spiritum
858 3610 986 3674 timoris
997 3609 1022 3686 ”,
1038 3609 1058 3673 i.
1071 3629 1097 3672 e.
1115 3610 1276 3690 spiritum
1295 3633 1356 3672 ser-

285 3795 293 3826 r
309 3778 416 3832 Concio
432 3797 442 3832 1
459 3780 486 3832 in
502 3781 546 3832 Ps.
562 3793 604 3848 37.

285 3867 392 3920 'Heba
410 3866 477 3933 Vll,
492 3881 584 3935 23·25;
604 3868 640 3932 X,
657 3880 744 3930 1244.

286 3945 326 4002 ³1
341 3954 401 4006 Cor.
419 3955 469 4020 lV,
486 3957 525 4008 16.
565 3955 680 4009 Patrum
700 3965 791 4007 tentus
804 3953 841 4007 de
855 3953 920 4006 cleri
934 3951 1072 4021 dignitate
1084 3951 1198 4021 collegit
1217 3953 1356 4006 Troasin.

254 4037 358 4090 Forma
377 4040 459 4102 Cleri,
481 4059 508 4108 p.
534 4042 555 4104 l,
577 4059 638 4110 cap.
663 4043 684 4094 l.
726 4041 767 4094 Ci.
786 4041 939 4108 ittamn'ng,
954 4039 1017 4093 The
1037 4039 1154 4092 Eternal
1175 4037 1356 4093 Priesthood.

254 4122 297 4174 ch.
315 4137 375 4191 1·3;
396 4127 477 4179 Card.
494 4129 620 4193 Galbam,
634 4129 696 4182 The
710 4127 906 4181 Ambassador
919 4127 951 4180 ol
955 4127 1065 4192 Christ,
1082 4127 1158 4196 1896,
1174 4127 1219 4180 ch.
1241 4141 1253 4180 ι
1270 4147 1279 4190 ;
1299 4142 1359 4195 quie

255 4223 340 4275 opera
353 4211 452 4276 gallice
465 4215 576 4268 reddita
589 4225 661 4268 sunt.

290 4296 348 4346 4ΙΙ
364 4297 431 4349 Tim.
449 4300 506 4364 1,6.
