2780 4646
249 131 291 181 88
705 129 844 181 CAPUT
857 119 886 178 Ἰ.

251 244 279 253 ι-

247 310 364 387 iavere‚
376 330 478 392 quum
495 310 625 374 Paulus
645 311 680 384 V,
693 312 772 374 dum
790 311 889 374 tinem
908 311 1093 392 imponeret
1109 308 1342 392 Congregatio·
1374 285 1375 328 ³

247 414 342 476 nibus
369 415 411 477 de
437 413 593 488 Auxiliis‚
617 413 705 478 redte
731 415 880 477 dixerit:
911 419 928 446 ‘⁶
950 413 1088 494 Jesuitae
1113 413 1302 495 discrepant
1326 431 1342 470 a

248 515 443 596 Pelagianis,
465 518 521 600 qui
546 517 677 580 initium
701 515 818 578 salutis
842 525 1023 598 posuerunt
1047 513 1115 577 fieri
1138 535 1158 576 a
1183 514 1286 588 nobis,
1302 512 1340 573 ilii
1374 547 1375 562 κ

245 639 324 680 vero
336 629 451 682 tenent
464 621 601 681 omnino
614 620 812 682 contrarium
823 618 848 680 ''.
888 617 1008 681 Nullus
1024 619 1147 700 pariter
1162 615 1338 681 dotirinam

246 721 472 784 themisticam
486 732 646 802 tanquam
660 721 789 785 Calvini
805 722 969 784 erroribus
985 719 1118 783 affinem
1135 721 1339 788 condemnet

246 842 335 896 nam,
351 833 388 885 ut
411 823 458 886 ait
482 824 570 886 idem
589 823 755 900 Pontifex,
771 823 965 886 “sententia
988 824 1124 885 Patrum
1151 822 1338 884 Praedicato-

246 945 317 987 rum
334 925 511 1006 plurimum
528 925 638 988 differt
650 945 670 987 a
683 925 823 990 Calvino
837 947 843 1002 ;
866 926 983 988 dicunt
999 926 1087 988 enim
1103 925 1338 995 Praedicatores,

246 1031 388 1109 gratiam
413 1049 478 1090 non
503 1031 682 1104 destruere,
699 1031 756 1092 sed
775 1029 931 1112 perficere
955 1029 1093 1092 liberum
1118 1029 1296 1102 arbitrium,
1310 1035 1337 1088 et

217 1165 219 1168 ·
246 1151 319 1193 eam
337 1132 404 1194 vim
421 1131 552 1207 habere,
563 1140 599 1194 ut
616 1131 717 1196 homo
734 1144 890 1214 operetur
902 1131 1003 1213 juxta
1020 1133 1156 1196 modum
1174 1152 1279 1206 suum,
1290 1132 1337 1192 ie.

245 1232 347 1296 libere
360 1234 385 1296 ''.
1374 1217 1375 1226 ἵ

288 1337 347 1398 Ad
364 1338 496 1418 praxim
514 1338 602 1417 quod
623 1337 753 1410 attinet,
768 1338 904 1417 quando
928 1337 1053 1400 bonum
1077 1356 1261 1418 operamur,
1275 1334 1335 1416 glo·

246 1439 320 1500 riari
338 1459 404 1500 non
424 1459 610 1521 possumus,
626 1441 683 1502 sed
707 1441 830 1520 gratias
853 1439 928 1501 Deo
948 1439 1085 1502 reddere
1106 1439 1274 1510 debemus,
1288 1435 1334 1517 qni

246 1541 314 1602 sive
331 1541 476 1603 mediate
492 1541 561 1603 sive
577 1541 770 1604 immediate
787 1541 948 1622 quidquid
966 1542 998 1602 in
1017 1541 1112 1603 nobis
1128 1541 1206 1603 boni
1223 1550 1271 1602 est
1286 1539 1335 1598 suri

246 1644 353 1724 gratia
376 1653 533 1724 operatus
560 1655 619 1715 est,
644 1653 679 1706 ut
704 1655 817 1724 aperte
842 1643 941 1708 docet
969 1643 1002 1708 S.
1031 1644 1176 1720 Paulus;
1206 1642 1335 1712 aliunde,

246 1766 349 1828 quum
376 1747 482 1826 gratia
510 1747 628 1809 efficax
656 1747 737 1808 nihil
763 1757 850 1827 agat,
870 1748 902 1809 in
928 1748 1023 1809 nobis
1046 1748 1117 1809 sine
1141 1748 1244 1820 nobis,
1267 1744 1334 1806 totis

246 1848 371 1910 viribus
396 1850 516 1910 nostris
540 1849 568 1910 ei
594 1851 760 1930 cooperari
786 1861 945 1925 tenemur,
962 1851 1057 1931 quasi
1080 1858 1187 1913 totum
1211 1871 1229 1911 a
1251 1847 1335 1910 nobis

247 1951 423 2032 penderet;
439 1952 546 2032 gratia
562 1953 650 2013 enim
667 1951 857 2014 hominibus
874 1953 972 2016 bonae
984 1953 1165 2016 voluntatis
1179 1969 1333 2032 nunquam

246 2053 348 2118 deest.

1374 3741 1375 3776 i

1374 3931 1375 3970 i
