2752 4648
253 175 318 228 ³68
707 172 847 223 CAPUT
864 171 889 220 1.

258 278 1333 304 ..--—-—————-—-———-—----·

253 374 329 436 spes
340 355 443 416 vitam
456 363 616 415 aeternam
629 352 827 434 assequendi
844 350 991 414 maxime
1003 357 1143 430 augetur
1154 367 1210 430 per
1220 361 1331 408 sacram

254 457 534 530 communionem,
544 475 619 536 quae
631 465 683 517 est
694 454 796 518 veluti
813 453 982 517 inchoatio
994 451 1080 514 illius
1093 447 1243 532 perlettae
1254 449 1332 510 unio-

254 561 305 622 nis
321 567 396 623 c'um
411 560 494 634 Deo,
507 578 582 640 quae
598 578 659 620 nos
675 577 805 621 summe
820 559 937 620 beatos
952 553 1065 632 efficit;
1089 556 1167 616 item
1184 553 1285 616 media
1298 549 1332 611 ad

255 663 395 726 salutem
419 663 637 725 obtinendam
662 661 790 724 facilius
813 657 1060 742 exspectantur,
1083 659 1161 720 dum
1188 653 1333 718 credimus

257 765 437 842 Christum,
452 767 569 847 gratiae
585 765 722 840 sontem,
738 784 811 827 esse
827 765 860 826 in
878 764 990 826 medio
1006 764 1120 838 nostri,
1134 773 1278 845 paratum
1299 757 1331 818 ad

255 871 379 952 gratias
394 871 490 933 nobis
514 870 728 951 largiendum,
744 878 777 931 et
801 887 870 944 nos,
886 878 1002 931 contra
1017 887 1135 931 omnes
1158 865 1266 928 salutis
1286 862 1331 922 ho-

256 980 332 1046 stes,
347 969 524 1033 efficaciter
540 973 772 1054 protegendos,
789 973 834 1036 ita
851 983 887 1035 ut
903 974 1022 1052 cuique
1038 971 1147 1034 dicere
1167 969 1257 1031 liceat
1270 983 1331 1027 cum

258 1073 386 1136 Paulo:
424 1073 575 1137 “Omnia
606 1095 742 1156 possum
774 1075 806 1137 in
838 1094 879 1137 eo
909 1075 966 1155 qui
997 1093 1051 1135 me
1081 1068 1332 1135 conlortat'¹¹...

257 1175 457 1238 “Adeamus
472 1195 551 1257 ergo
567 1197 642 1240 cum
660 1177 779 1240 fiducia
801 1179 842 1239 ad
861 1178 1019 1240 thronum
1038 1172 1164 1257 gratiae,
1179 1185 1214 1236 ut
1228 1169 1333 1236 miseri·

257 1277 403 1341 cordiam
420 1284 705 1360 consequamu'r,et
721 1281 863 1361 gratiam
881 1280 1089 1343 inveniamus
1106 1278 1139 1339 in
1156 1275 1274 1340 auxilio
1287 1291 1333 1351 op·

258 1392 403 1462 portuno
412 1382 428 1408 '’
439 1393 460 1444 ².
514 1382 549 1446 Si
573 1383 661 1445 enim
685 1383 848 1446 bonorum
866 1382 1075 1464 Angelorum
1098 1381 1245 1444 custodit
1265 1377 1333 1438 vires

259 1485 468 1559 assumimus,
483 1495 609 1565 quanto
627 1487 734 1566 magis
749 1486 927 1567 praesentia
944 1485 1066 1549 Christi
1083 1485 1277 1555 roboramur,
1290 1477 1333 1558 qui

260 1589 418 1650 mundum
433 1609 472 1651 ac
488 1589 658 1652 daemones
674 1590 779 1653 vicit?

301 1700 351 1768 73·
397 1691 455 1772 (C)
485 1691 616 1757 Caritas
641 1703 805 1774 augetur:
841 1693 893 1776 (a)
917 1693 1012 1777 Erga
1038 1693 1214 1758 Christum.
1260 1683 1333 1752 Nihil

260 1794 348 1856 enim
374 1795 481 1876 magis
505 1796 547 1858 ad
573 1815 720 1858 amorem
745 1796 873 1859 inducit
899 1817 1000 1878 quam
1027 1796 1192 1860 exhibitio
1216 1791 1334 1860 amoris;

259 1897 351 1978 atqui
377 1897 473 1978 Jesus
500 1899 533 1961 in
563 1899 781 1976 Eucharistia,
805 1901 992 1963 maximum
1020 1919 1098 1983 erga
1113 1895 1186 1963 ¹nos
1211 1910 1334 1962 amorem

261 2000 408 2076 exhibet,
432 2000 531 2082 juxta
555 2001 635 2066 illud
654 2025 660 2065 :
694 2001 806 2065 “Cum
830 2003 1006 2066 dilexisset
1028 2023 1106 2066 suos
1132 2003 1188 2084 qui
1210 2008 1293 2065 erant
1311 1996 1334 2054 in

262 2103 397 2179 mundo,
413 2104 445 2165 in
468 2103 567 2167 tinem
590 2105 710 2168 dilexit
730 2106 859 2184 eos’'·³;
885 2107 1060 2188 siquidem,
1077 2107 1155 2170 licct
1174 2107 1336 2168 innumeras

261 2206 458 2287 praevideret
473 2205 609 2286 injurias
622 2207 683 2269 sibi
702 2209 733 2269 in
751 2207 815 2270 hoc
827 2207 1037 2272 sacramento
1049 2209 1244 2284 inserendas,
1252 2199 1336 2268 voluit
1365 2235 1366 2301 l

261 2309 435 2374 nobiscum
453 2329 656 2391 permanere,
676 2311 844 2374 “Deliciae
865 2332 950 2375 meae
971 2332 1043 2375 esse
1064 2333 1140 2376 cum
1163 2305 1235 2374 filiis
1251 2305 1336 2372 homi·

262 2433 342 2476 num
354 2413 369 2438 ’'
379 2427 402 2489 4,
417 2415 658 2495 pretiosissimo
673 2433 810 2496 corpore
825 2428 858 2478 et
875 2416 1037 2496 sanguine
1052 2435 1113 2480 suo
1129 2435 1190 2478 nos
1206 2411 1313 2476 nutrire
1321 2403 1336 2476 5,

263 2516 359 2578 uobis
386 2517 503 2579 intima
529 2517 687 2580 societate
713 2518 808 2592 uniri,
832 2529 864 2580 et
888 2519 1075 2600 spirituales
1099 2519 1232 2582 divitias
1254 2509 1335 2578 veluti

264 2619 396 2702 profuse
412 2620 570 2701 impertiri
584 2642 591 2696 ;
619 2640 729 2684 nonne
750 2642 808 2702 per
824 2631 875 2684 tot
891 2623 1013 2685 amoris
1029 2623 1170 2704 pignora
1186 2621 1227 2684 ad
1242 2617 1335 2680 carita-

265 2734 333 2787 tem
345 2727 586 2805 provocamur?
606 2725 689 2789 “Sic
703 2745 763 2787 nos
776 2738 947 2790 amantem
960 2723 1034 2809 quis
1045 2745 1113 2789 non
1127 2727 1300 2788 redamaret
1309 2715 1336 2774 ”3
1363 2759 1364 2825 l

265 2829 315 2908 (b)
327 2826 421 2909 Erga
429 2828 634 2907 proximum·
659 2827 789 2891 sovetur
799 2830 923 2909 pariter
934 2829 1055 2892 caritas
1067 2847 1146 2909 erga
1159 2827 1336 2909 proximum:

265 2950 352 3005 nam,
373 2951 431 3012 per
453 2931 707 3005 Eucharistiam,
722 2931 873 3011 ejusdem
897 2931 1078 3012 spiritualis
1101 2949 1224 2992 mensae
1244 2937 1336 2988 omnes

266 3033 443 3114 participes
472 3032 639 3110 efficimur,
667 3035 784 3096 eodem
817 3035 891 3098 cibo
921 3036 1093 3109 nutrimur,
1118 3044 1152 3096 et
1183 3034 1213 3094 in
1242 3029 1336 3092 eodem
1362 3059 1363 3087 i

267 3135 408 3210 Christo,
424 3146 586 3217 tanquam
604 3137 637 3199 in
653 3137 822 3200 communi
839 3148 963 3212 centr0,
980 3135 1099 3200 intimo
1121 3155 1210 3198 nexu
1226 3131 1338 3210 conjun-

266 3240 386 3322 gimur;
409 3241 501 3320 atqui
519 3241 599 3302 nihil
618 3241 724 3321 magis
736 3242 909 3303 caritatem
924 3252 1075 3304 mutuam
1089 3240 1180 3302 fovet
1191 3255 1283 3320 quam
1298 3229 1338 3292 illit

266 3343 444 3425 spiritualis
460 3343 549 3418 uni0,
557 3343 657 3423 juxta
674 3344 753 3406 illud
769 3343 800 3407 S.
813 3344 926 3406 Pauli:
952 3344 1150 3427 “Quoniam
1164 3334 1337 3420 unuspauis.
1361 3333 1362 3348 ¹

267 3449 368 3510 unum
386 3467 504 3528 corpus
522 3448 615 3510 multi
633 3468 756 3523 sumus,
772 3467 888 3510 omnes
905 3449 961 3529 qui
977 3447 1020 3509 de
1035 3467 1102 3510 uno
1124 3467 1209 3528 pane
1231 3435 1337 3525 partici-

267 3552 410 3634 pamus'¹
421 3551 442 3613 ⁶.
494 3551 583 3612 Hinc
600 3552 752 3614 Christus
768 3554 914 3633 seipsum
931 3551 1025 3612 dedit
1045 3549 1108 3614 sub
1123 3548 1287 3630 speciebus
1300 3557 1337 3601 ea·

268 3676 337 3718 rum
355 3674 462 3718 rerum
475 3673 550 3734 quae
562 3675 606 3716 ex
620 3654 733 3718 multis
748 3658 860 3738 granis
873 3656 1064 3718 coalescunt
1077 3664 1114 3716 ut
1126 3649 1338 3734 significaretur

268 3759 345 3820 unio
361 3756 508 3820 fidelium
525 3778 568 3818 ex
587 3758 698 3820 multis
714 3780 771 3820 cor
787 3780 889 3822 unum
907 3757 1164 3821 efformantium.

269 3873 314 3880 ...
347 3873 752 3882 “ww—,Q—
777 3857 1330 3884 *fflffl--fl-a
1359 3865 1360 3873 ,

303 3913 309 3942 ¹
320 3912 425 3984 Philip.
437 3912 487 3982 lV,
498 3913 685 3982 13.-²Hebr.
699 3918 749 3980 lV,
764 3919 837 3970 16.--
849 3934 859 3965 ³
861 3919 927 3993 soa.
941 3919 1026 3985 Xlll,
1041 3935 1099 3970 1.—
1108 3927 1118 3956 ⁴
1127 3919 1213 3971 Prov.
1224 3910 1295 3973 Vlll,
1305 3915 1334 3971 ³¹·

302 3995 401 4051 ὁΗίῐιε
422 4017 496 4066 stupe
515 4001 553 4054 ait
569 4002 781 4070 chrysostomus
799 4021 923 4058 amorem
946 4005 1052 4058 Christi
1070 4022 1138 4072 erga
1156 4003 1275 4057 homines
1289 3993 1335 4062 ΡῙυἱ

269 4100 353 4151 quam
366 4094 523 4137 maternum
537 4103 599 4140 esse
616 4105 621 4140 :
641 4100 746 4144 matres
760 4091 836 4144 enim
848 4091 989 4145 interdum
1008 4091 1079 4145 filios
1098 4109 1163 4145 suos
1176 4089 1234 4144 aliis
1249 4079 1334 4140 tradusst
1358 4117 1359 4135 r

270 4169 394 4305 ‘lffndssr
404 4167 531 4303 Cipristus
544 4185 638 4228 autem
652 4193 722 4245 quos
737 4177 918 4246 spiritualiter
927 4179 1023 4246 genuit
1038 4195 1090 4232 suo
1103 4177 1236 4247 sanguine
1248 4165 1323 4226 nutrit?

306 4261 308 4265 ’
326 4255 342 4306 I
377 4268 416 4304 or.
460 4291 466 4314 ,
485 4267 522 4322 ¹7·
