2808 4664
214 175 280 229 722
490 179 547 228 DE
566 177 650 230 Deo
669 179 1041 232 enumeramus.

214 360 380 426 benedieti
391 362 487 438 '’,etc.
531 363 597 446 Qui
615 365 715 445 igitur
729 366 762 427 in
779 365 844 428 fine
860 363 975 429 mundi
991 367 1105 429 vivent
1121 387 1141 428 a
1156 368 1225 429 suis
1241 366 1320 428 levi-

213 465 275 528 bus
291 466 428 529 maculis
443 469 511 530 cito
526 469 758 550 purgabuntur
770 470 887 532 mediis
900 469 974 532 Deo
986 470 1082 533 notis
1129 469 1194 550 (Cf.
1207 470 1243 534 S.
1262 469 1294 532 T
1290 469 1320 532 lr.

149 620 154 630 .
215 571 375 647 in4dist.
390 586 443 650 47,
458 593 488 654 q.
506 589 534 648 2,
551 593 577 634 a.
596 590 623 652 3,
639 594 668 655 q.
685 575 819 637 elaad
839 575 880 655 5).

256 689 306 753 49.
334 667 541 740 'corollaria
589 673 655 762 (A)
690 677 831 740 Animas
869 679 901 740 in
939 679 1132 760 purgatorio
1160 680 1319 742 detentas
1400 711 1401 716 κ

212 778 327 860 juvare
342 789 394 842 est
408 800 493 861 opus
510 780 578 843 Deo
587 791 736 863 gratum,
751 802 852 864 quum
877 783 947 864 ipse
967 783 1094 845 sincere
1116 803 1173 845 eas
1195 783 1228 844 in
1253 803 1321 844 coe·

216 882 284 946 lum
323 884 488 967 suscipere
524 895 674 968 exoptet,
706 887 769 949 illis
805 887 980 949 animabus
1008 887 1103 950 valde
1120 887 1323 969 secandum,

216 1007 317 1068 quum
342 987 471 1050 ardenti
497 989 662 1052 desiderio
691 989 800 1053 Deurn
827 991 960 1053 videndi
985 1000 1019 1054 et
1043 991 1237 1072 possidendi
1264 989 1320 1054 fla-

216 1103 322 1174 grent,
337 1101 370 1155 et
387 1093 476 1155 nobis
492 1093 641 1175 perutile,
657 1113 758 1174 quum
782 1095 903 1155 anima:
925 1095 1064 1156 anobis
1088 1094 1237 1157 liberatae
1261 1115 1322 1176 pro
1400 1093 1401 1130 l

218 1196 313 1258 nobis
336 1197 499 1260 ferventer
521 1199 588 1260 sint
610 1197 836 1278 deprecaturae
864 1197 977 1258 statim
1000 1218 1040 1259 ac
1062 1197 1185 1260 coeluru
1213 1198 1322 1279 ingre-

218 1301 358 1376 dientur,
375 1302 451 1370 imo.
464 1301 564 1382 juxta
580 1302 742 1383 quosdam
760 1299 943 1381 theologos,
957 1301 1038 1363 dum
1058 1299 1166 1364 adhuc
1189 1302 1221 1363 in
1246 1321 1324 1383 pur-

218 1407 348 1485 gatorio
374 1406 564 1469 detinentur
575 1418 594 1467 ¹.
639 1405 752 1486 Juvari
778 1415 888 1468 autem
913 1416 1073 1494 possunt:
1100 1406 1150 1486 (a)
1173 1404 1324 1469 fidelium

220 1510 427 1586 orationibus,
443 1521 476 1573 et
499 1510 561 1574 hoc
585 1507 708 1590 duplici
733 1510 842 1585 modo,
857 1518 1022 1590 quatenus
1044 1519 1121 1572 sunt
1144 1530 1229 1591 opus
1254 1531 1326 1592 poe-

219 1614 294 1676 nalc
310 1624 344 1676 et
360 1614 571 1690 laboriosum,
588 1614 793 1695 proindeque
808 1611 1086 1690 satisfadlorium
1109 1623 1142 1677 et
1157 1623 1327 1695 quatenus

221 1717 365 1780 valorem
384 1719 646 1800 impetratorium
663 1716 796 1790 habent,
812 1717 952 1779 orationi
969 1718 1153 1799 proprium;
1169 1717 1223 1798 (b)
1238 1717 1327 1780 obla-

221 1821 305 1883 tione
324 1821 479 1904 sacrificii
498 1821 621 1894 Missa,
636 1821 666 1882 vi
689 1817 783 1899 cujus
805 1819 883 1900 ipsis
899 1819 1110 1901 applicantur
1123 1817 1328 1882 satissadlio·

222 1944 279 1988 nes
299 1923 431 2001 Christi,
447 1936 483 1988 ut
506 1923 632 1988 dietum
656 1933 707 1985 est
730 1922 772 1984 de
796 1922 935 1985 Euclrar.
958 1923 1003 2003 (n.
1025 1923 1119 2003 167);
1146 1923 1195 2003 (c)
1211 1923 1328 1985 valore

220 2030 439 2110 satisfactoria
469 2049 606 2113 operum
635 2037 832 2102 nostrorum,
855 2037 1019 2107 quatenus
1050 2025 1196 2108 poenalia
1226 2037 1330 2104 sunt;

223 2135 387 2216 siquidem
405 2135 497 2197 valor
513 2132 699 2196 meritorius
722 2139 773 2193 est
795 2131 929 2210 quidem
947 2131 990 2191 ita
1009 2129 1104 2191 uobis
1114 2131 1277 2211 proprius
1294 2139 1331 2192 ut

223 2239 356 2300 alienari
376 2257 441 2300 non
459 2239 564 2321 possit
580 2236 699 2298 saltem
716 2233 825 2315 quoad
844 2234 1045 2316 praecipuum
1066 2230 1245 2307 elicitum
1270 2236 1329 2296 sed

224 2338 315 2401 valor
338 2335 586 2416 satissat‘torius
602 2349 719 2423 utpote
742 2338 864 2402 solutio
885 2338 998 2412 debiti,
1016 2337 1088 2399 aliis
1111 2337 1274 2419 applicari
1298 2349 1331 2399 et

224 2443 380 2524 prodesse
404 2453 562 2524 potest²;
588 2445 641 2526 (d)
663 2442 883 2526 indulgentiis,
905 2441 1025 2522 quibus
1048 2441 1094 2502 eis
1117 2440 1332 2522 applicantur

225 2544 466 2610 satissafflones
491 2548 613 2611 Christi
636 2559 670 2610 et
693 2543 901 2620 Samiorum,
916 2554 952 2606 ut
973 2545 1003 2605 in
1027 2543 1080 2606 Tr.
1096 2545 1136 2606 de
1150 2543 1333 2619 Paeniteat,

226 2668 256 2713 n.
277 2667 330 2711 111
352 2649 544 2714 declaratur.

269 2761 317 2828 50.
367 2749 432 2838 (Β)
454 2755 542 2817 Hinc
560 2753 698 2834 intelligi
721 2753 820 2815 datur
843 2751 875 2813 in
900 2770 966 2832 quo
989 2750 1053 2812 sita
1068 2749 1111 2812 sit
1129 2749 1331 2812 Sanctorum

226 2859 424 2931 conrmrrnio:
447 2869 497 2922 est
513 2859 677 2940 siquidem
694 2855 860 2920 connexio
882 2865 916 2916 et
936 2853 1147 2935 participatio
1163 2853 1330 2916 bonorum

229 2962 313 3023 inter
337 2964 484 3025 membra
510 2963 676 3025 Ecclesia„
723 2961 775 3023 De
800 2960 861 3021 hac
880 2957 950 3039 jam
970 2956 1007 3020 S.
1024 2957 1154 3019 Paulas
1175 2958 1335 3020 dixerat:

228 3071 244 3094 ‘⁴
257 3065 355 3127 Multi
373 3087 475 3129 uuum
492 3088 612 3149 corpus
630 3085 745 3128 sumus
769 3065 800 3126 in
826 3061 967 3136 Christ0,
982 3061 1102 3141 singuli
1119 3069 1230 3123 autern
1249 3063 1337 3124 alter

229 3164 363 3227 alterius
396 3167 550 3230 membra
571 3169 618 3245 ³';
652 3169 729 3231 hinc
755 3168 854 3230 etiarn
882 3166 914 3227 in
938 3163 1089 3243 Snrrrbolo
1111 3161 1335 3227 “sandlorum

264 3349 272 3379 ¹
289 3356 347 3409 lllae
360 3356 462 3409 animae
477 3368 541 3410 suut
555 3373 627 3410 carae
644 3359 706 3411 Deo
719 3368 746 3411 et
760 3357 890 3426 quamvis
903 3355 940 3408 ab
953 3354 1000 3406 illo
1013 3371 1063 3423 pro
1083 3365 1149 3408 tunc
1162 3354 1335 3422 affligantur,

230 3459 285 3496 non
300 3453 393 3496 tamen
407 3455 436 3524 ut
450 3444 487 3496 ab
501 3444 623 3510 inimico,
636 3445 686 3498 sed
705 3455 735 3499 ut
754 3462 771 3498 a
789 3444 862 3513 justo
873 3441 967 3512 judice
982 3453 1009 3496 et
1023 3451 1139 3512 parente
1152 3441 1274 3511 optimo,
1288 3445 1337 3513 qui

231 3547 279 3583 eas
298 3531 395 3585 beatas
415 3532 524 3586 efficere
543 3533 650 3602 cupit...
691 3535 766 3602 Ergo
784 3549 841 3586 non
861 3541 997 3601 repugnat
1016 3531 1054 3584 illi
1074 3529 1168 3594 statui,
1184 3542 1214 3584 ut
1234 3547 1253 3584 a
1273 3533 1339 3585 Deo

232 3619 337 3687 aliquid
352 3629 447 3687 petant
462 3637 512 3689 pro
525 3621 656 3674 iratribus
674 3632 702 3675 et
720 3620 818 3675 amicis
832 3618 1057 3674 benetattoribus
1071 3617 1128 3672 suis
1140 3615 1164 3672 ”.
1202 3616 1339 3682 (Suara,

234 3707 277 3758 De
291 3717 359 3760 orat.
376 3707 423 3760 lib.
443 3708 464 3770 Ι,
482 3725 503 3760 c.
524 3723 562 3772 rr,
577 3725 603 3761 n.
624 3709 675 3778 15.)

266 3792 276 3821 ²
292 3791 366 3845 Hinc
379 3794 441 3862 pius
455 3805 482 3847 et
496 3792 647 3849 laudabilis
666 3805 708 3849 est
727 3793 807 3848 ailus
821 3811 904 3865 quern
917 3795 1057 3848 heroicum
1070 3802 1182 3859 vocant,
1196 3810 1255 3863 quo
1269 3812 1339 3848 non-

233 3879 309 3940 nulli,
322 3880 497 3947 approbante
512 3881 648 3948 Ecclesia,
658 3883 753 3936 omnia
766 3883 841 3936 bona
853 3899 938 3950 opera
951 3899 1002 3935 sua
1015 3899 1065 3950 pro
1074 3880 1224 3934 animabus
1237 3899 1339 3950 purga-

234 3966 294 4018 torii
307 3965 442 4029 offerunt3
457 3968 529 4036 quod
539 3969 652 4036 quidem
661 3970 697 4024 de
707 3969 998 4040 valoresatissation'o
1012 3967 1127 4035 intelligi
1142 3967 1234 4021 debet.
1278 3969 1340 4022 Nec

235 4053 389 4105 timendum
403 4065 507 4107 esteos
521 4058 698 4124 perlongum
717 4069 828 4126 tempus
848 4057 875 4110 in
897 4055 1056 4126 purgatorio
1072 4071 1272 4118 remansuros;
1292 4061 1337 4126 qui

235 4137 308 4168 “²⁸¹
320 4138 465 4191 mitatem
480 4157 545 4208 erga
559 4142 705 4198 deiundlos
720 4154 851 4199 exercent
865 4145 891 4196 in
905 4141 1124 4197 misericordiam
1137 4141 1192 4196 Dei
1204 4143 1269 4211 jure
1285 4159 1338 4197 me·
1400 4155 1401 4158 ’

395 4225 494 4280 Ἰῆιὶοτε
509 4239 633 4296 possunt.

419 4312 454 4373 Ἰ.
471 4325 491 4372 r.
