2758 4652
234 149 305 201 550
442 149 499 198 DE
512 149 617 198 POEN
624 149 813 198 lTENTIAE
836 150 1134 202 SACRAMENTO.

234 354 310 416 quae
336 344 414 398 sunt
440 334 604 415 episcopis
631 333 772 415 propria,
788 335 830 396 ad
852 343 1054 415 potestatem
1069 337 1248 414 ordinandi,
1260 359 1321 425 non

235 447 347 500 autem
364 439 406 500 ad
423 447 624 518 potestatem
642 437 829 500 remittendi
846 448 983 519 peccata
998 451 1189 521 provocant.

271 552 327 604 104
366 537 529 594 Solvuntur
539 537 729 609 dffcultatos.
763 538 803 608 (a)
817 537 847 596 S.
866 537 1039 609 Cyprianus,
1053 539 1092 598 de
1106 541 1194 611 lapsis
1205 541 1327 600 scribens

236 622 288 693 qui
308 623 336 680 in
356 624 490 694 periculo
509 625 612 681 mortis
631 634 724 688 erant,
744 623 818 681 dicit
834 642 888 682 eos
906 626 1117 696 exomologesim
1138 629 1229 688 lacere
1246 649 1327 702 posse

236 708 317 782 apud
337 710 551 782 presbyterum,
573 721 634 778 aut,
652 711 676 768 si
696 710 849 783 presbyter
866 711 953 783 desit,
973 713 1055 784 apud
1074 715 1253 773 draconum-¹
1272 719 1327 775 “Si

238 797 431 856 incommodo
453 796 554 869 aliquo
574 808 604 856 et
627 797 805 856 infirmitatis
827 799 961 871 periculo
979 803 1117 872 occupati
1138 801 1250 872 suerint,
1271 823 1329 862 non

237 881 408 954 exspectata
426 885 582 955 praesentiit
601 885 709 954 nostri,
731 885 813 956 apud
833 884 1038 958 presbyterum
1056 889 1217 959 quemdam
1235 909 1329 963 quem-

237 987 368 1042 cumque
382 981 568 1042 praesentem,
583 971 638 1040 vel,
654 971 678 1028 si
695 971 846 1043 presbyter
864 984 996 1044 repertus
1015 991 1075 1031 non
1095 977 1183 1036 luerit
1195 988 1224 1036 et
1236 997 1331 1051 urgere

239 1057 332 1115 exitus
345 1057 477 1130 coeperit,
489 1058 571 1130 apud
590 1058 739 1115 diocorum
759 1077 881 1130 quoque
898 1061 1109 1131 exomologesim
1126 1064 1220 1124 iacere
1237 1067 1330 1124 delicti

238 1145 283 1205 sui
297 1145 422 1219 possint,
433 1157 465 1204 ut
475 1163 565 1204 manu
579 1146 665 1205 eisin
679 1149 886 1220 poenitentiam
900 1147 1040 1220 impositi
1051 1151 1173 1210 veniant
1185 1153 1222 1210 ad
1237 1153 1332 1212 Domi·

239 1250 311 1290 uum
325 1249 393 1290 cum
408 1249 490 1306 pace,
507 1251 598 1303 quam
617 1234 679 1293 dari
701 1246 842 1308 martyres
861 1236 964 1294 litteris
976 1236 1015 1294 ad
1029 1255 1083 1294 nos
1097 1238 1182 1297 saitis
1194 1241 1333 1300 desidera-

238 1331 343 1376 verunt
354 1319 378 1374 ’'.
419 1319 562 1378 Praeterea
576 1321 670 1380 Conc.
688 1320 860 1379 triburense
872 1325 948 1396 (895)
961 1322 1000 1381 de
1013 1324 1126 1383 iuribus
1139 1339 1168 1385 et
1182 1328 1336 1388 latronibus

239 1405 280 1463 ita
299 1405 433 1464 decernit
453 1409 527 1466 (can.
544 1409 610 1479 31):
630 1409 688 1466 “Si
706 1409 925 1480 comprehensi,
940 1421 992 1467 aut
1004 1411 1159 1478 vulnerati,
1174 1415 1338 1487 presbytero

240 1493 286 1550 vel
305 1493 424 1549 diacono
443 1493 570 1551 confessi
593 1494 710 1565 luerint,
731 1496 974 1554 communionem
998 1497 1040 1554 eis
1062 1516 1123 1557 non
1147 1504 1337 1572 negamus”².

241 1580 321 1651 Ergo
333 1581 497 1651 antiquitus
510 1582 614 1640 saltem
627 1583 746 1641 diaconi
760 1583 963 1642 confessiones
972 1583 1077 1642 audire
1087 1595 1116 1642 et
1126 1583 1339 1644 absolutionem

242 1666 386 1738 impertiri
400 1676 545 1738 poterant.
986 1713 989 1718 a
1004 1729 1017 1753 ι,
1155 1669 1158 1674 ’

276 1755 362 1826 Rosp.
403 1753 500 1812 Primis
514 1755 588 1812 lacie
600 1772 646 1812 res
659 1756 698 1812 ita
717 1772 748 1814 se
769 1755 877 1812 habere
896 1754 1012 1834 videtur
1021 1775 1032 1835 5
1049 1755 1111 1824 sed,
1128 1755 1270 1828 inspec‘iis
1284 1777 1342 1814 om-

185 1837 189 1845 '
242 1839 331 1898 nibus
343 1839 579 1910 circumstantiis,
590 1858 650 1898 non
661 1839 757 1911 agitur
770 1840 819 1897 hic
832 1840 870 1897 de
882 1816 1091 1897 sacromoolioli
1101 1843 1343 1902 consessione-vel

242 1927 440 1986 absolutione.
479 1929 507 1986 S.
524 1928 691 2000 Cyprianus
709 1929 840 2000 loquitur
859 1927 897 1986 de
916 1929 1117 2000 exomologesi
1138 1943 1286 2000 quatenus
1305 1947 1345 1990 est

243 2033 311 2088 pars
324 2015 507 2088 poenitentiae
521 2015 657 2088 publicae,
671 2033 764 2087 quum
779 2015 904 2086 quaestio
918 2015 955 2072 sit
967 2015 1006 2072 de
1018 2016 1118 2087 lapsis,
1129 2016 1180 2088 qui
1194 2021 1347 2090 apostasiae

243 2103 285 2161 rei
298 2113 399 2175 erant3
418 2103 464 2160 his
478 2104 653 2175 poenitentia
673 2101 793 2175 publica
812 2112 883 2159 tunc
903 2102 1045 2174 temporis
1058 2105 1179 2160 nonnisi
1191 2123 1269 2177 aegre
1281 2125 1347 2164 con-

244 2190 414 2259 cedebatur,
428 2201 457 2249 et
475 2191 595 2264 quidem
616 2191 655 2248 ab
674 2190 837 2262 episcopo:
856 2207 949 2261 quum
970 2201 1069 2246 tarnen
1090 2201 1232 2263 martyres
1251 2207 1347 2265 postu·

244 2279 355 2335 luissent
374 2289 405 2336 ut
425 2277 514 2350 lapsis
531 2277 753 2346 concederetur,
767 2289 796 2334 et
809 2285 925 2347 urgeret
944 2285 1014 2334 aetas
1032 2275 1160 2334 assiduis
1179 2278 1349 2337 infirmitati·
1372 2265 1373 2301 l

246 2365 301 2422 bus
315 2363 460 2434 infestata,
473 2363 642 2436 Episcopus
656 2363 799 2436 permittit
813 2363 999 2436 presbyteris,
1010 2373 1049 2428 et,
1060 2363 1083 2420 si
1097 2363 1204 2433 desint,
1218 2365 1349 2424 diaconis

246 2452 453 2524 poenitentiam
481 2451 604 2510 infirmis
629 2454 791 2524 imponere,
815 2468 868 2522 per
892 2450 1113 2522 impositionem
1136 2469 1291 2519 manuum,
1313 2469 1349 2522 ut,

246 2537 423 2608 poenitentiir
434 2539 567 2609 accepti,
584 2537 715 2595 morituri
729 2537 844 2609 possint
858 2535 1101 2594 communionem
1115 2539 1259 2611 accipere,
1272 2551 1302 2597 et
1315 2543 1349 2597 ita
1371 2531 1372 2570 ³

248 2626 286 2683 ad
303 2626 465 2682 Dominum
479 2625 622 2683 accedere
635 2643 703 2683 cum
714 2643 804 2697 pace;
824 2641 903 2697 saepe
914 2625 993 2682 enirn
1003 2623 1132 2689 diaconi,
1144 2623 1349 2686 deficientibus

248 2709 460 2780 sacerdotibus,
478 2712 617 2769 viaticum
631 2710 838 2770 ministrabant
857 2709 1043 2769 moribundis
1056 2712 1106 2782 qui
1120 2711 1189 2769 adiu
1203 2716 1349 2772 contritio

249 2799 294 2857 nis
308 2799 446 2872 perfectae
459 2801 608 2869 iustificari
623 2800 746 2858 fuerant.
787 2797 1013 2870 Exomologesis
1030 2807 1139 2868 autem,
1152 2816 1222 2870 quae
1235 2801 1349 2872 imposi-
1370 2853 1371 2880 ἦ

249 2889 360 2944 tionem
374 2886 559 2958 poenitentiae
573 2886 768 2958 praecedebat,
786 2895 816 2943 et
835 2903 902 2957 quae
921 2884 950 2942 in
970 2884 1028 2942 hoc
1046 2901 1117 2940 casu
1131 2894 1194 2943 erat
1207 2888 1349 2945 confessio

249 2973 363 3044 peccati
384 2972 550 3044 apostasiae,
571 2971 743 3043 exigebatur
761 2984 904 3044 tanquam
924 2989 991 3044 pars
1010 2971 1196 3044 poenitentiae
1216 2975 1347 3046 publica,

251 3077 311 3116 non
325 3070 423 3136 autem
439 3059 604 3117 necessario
618 3059 656 3116 ad
670 3059 865 3118 obtinendam
885 3057 1113 3116 absolutionem.
1130 3092 1163 3100 —
1179 3060 1273 3132 Quod
1287 3081 1349 3120 con·

253 3145 384 3202 firmatur
402 3163 517 3202 canone
537 3164 569 3216 3²
590 3145 623 3203 C.
646 3145 828 3202 Illr'leritonr'
846 3146 944 3216 (3oo):
969 3144 1087 3216 “Apud
1106 3143 1311 3219 presbyterum
1331 3167 1349 3204 si

253 3231 320 3303 quis
333 3231 411 3304 gravi
426 3231 510 3304 lapsu
530 3232 558 3288 in
579 3231 693 3288 ruinam
713 3233 816 3289 mortis
828 3231 972 3300 inciderit,
985 3231 1095 3303 placuit
1108 3249 1197 3302 agere
1210 3235 1349 3305 preniten-

253 3320 323 3376 tiam
339 3336 399 3376 non
413 3318 532 3389 debere,
545 3319 598 3377 sed
607 3318 707 3391 potius
717 3319 798 3391 apud
812 3319 985 3391 episcopum
998 3337 1006 3388 ;
1024 3329 1149 3388 cogente
1164 3329 1265 3379 tamen
1280 3323 1350 3378 inlir·

254 3407 364 3476 mirate,
381 3423 502 3464 necesse
522 3415 566 3464 est
585 3406 791 3478 presbyterum
809 3404 1028 3462 cooromnr'ooom
1049 3417 1187 3476 praestare
1205 3408 1313 3466 debere
1325 3423 1350 3466 er

252 3495 412 3566 draconum,
428 3495 451 3551 si
466 3493 493 3552 ei
505 3493 622 3565 jusserit
636 3494 773 3551 sacerdos
783 3493 808 3548 ”.
848 3493 893 3551 Ex
911 3510 973 3563 quo
991 3493 1124 3564 sequitur
1143 3495 1351 3552 reconciliatio·

253 3599 322 3639 nem
339 3581 545 3652 poenitentium
562 3581 622 3637 lieri
640 3580 824 3652 quandoque
843 3598 895 3651 per
913 3579 1166 3650 communionem,
1183 3583 1287 3653 positis
1304 3599 1349 3653 pn-

253 3667 369 3736 nendis,
383 3667 495 3724 scilicet
509 3668 618 3738 praevio
630 3667 699 3724 aelu
713 3665 899 3724 contritionis
914 3665 1062 3738 pericilae,
1074 3667 1195 3738 quando
1208 3667 1350 3726 absolutio

254 3753 474 3812 sacramentalis
498 3753 623 3811 concedi
647 3753 799 3824 nequibat.
840 3753 886 3810 lta
908 3753 997 3810 etiam
1018 3752 1180 3825 explicatur
1202 3755 1350 3824 quomodo

255 3841 366 3898 sartum
387 3843 423 3900 sit
444 3852 476 3898 ut
497 3841 631 3898 nonnulli
653 3841 784 3908 diaconi,
803 3852 963 3914 antequam
987 3841 1125 3899 viaticum
1146 3841 1348 3903 ministrarent,

293 4021 300 4047 ¹
317 4006 405 4076 Epist
424 4021 453 4059 12
468 4009 503 4061 ad
518 4010 626 4064 clerum
637 4006 673 4062 de
689 4007 797 4076 Lapsis.

291 4093 371 4146 'Hic
389 4110 480 4147 canon
500 4095 556 4148 alio
574 4095 659 4149 modo
678 4095 795 4148 refertur
813 4111 830 4147 a
852 4092 946 4147 blansi
965 4103 993 4146 et
1014 4091 1171 4159 Harduino,
1185 4092 1237 4146 sed
1252 4101 1350 4146 textum

258 4179 377 4232 citamus
403 4179 494 4248 qualis
520 4181 658 4235 invenitur
682 4181 756 4251 apud
778 4181 957 4250 reginonem,
978 4178 1106 4233 Concilio
1129 4195 1268 4244 coaevum,
1291 4181 1351 4246 Reg.

261 4265 372 4319 Decret.
389 4265 428 4328 ll,
443 4279 487 4334 93,
502 4267 657 4321 Borclrorol.
675 4270 787 4323 Decrer.
806 4269 858 4331 Xl,
876 4281 926 4336 59;
945 4268 994 4322 cir.
1007 4263 1149 4330 Lourain,
1160 4283 1206 4336 op.
1218 4266 1265 4320 cit.
1279 4268 1350 4336 p.S5.
