2758 4652
246 187 314 237 600
674 185 730 236 DE
748 185 924 236 ORDINE.

246 377 314 430 stat
347 387 391 429 ex
423 367 597 448 Episcopis,
625 367 840 447 Presbyteris,
868 378 902 430 et
932 367 1099 429 ministris
1113 367 1136 430 ”.
1191 364 1332 428 Definivit

246 471 369 552 pariter
398 489 470 532 esse
500 471 609 532 “alios
640 469 782 547 ordines,
814 482 848 534 et
875 471 1017 552 majores
1049 479 1083 533 et
1114 471 1262 544 minores,
1287 490 1335 550 per

245 592 329 654 quos
352 572 443 636 velut
465 593 524 654 per
545 573 668 654 gradus
684 575 857 654 quosdam,
874 575 906 635 in
924 573 1148 636 sacerdotium
1165 573 1313 634 tendatur
1323 572 1335 585 ''

245 675 340 758 (Can.
358 676 401 756 2).

290 777 345 839 Ex
369 777 419 839 his
442 776 692 842 definitionibus
715 788 848 842 constat
864 778 980 859 defide
995 797 1067 840 esse
1083 777 1134 858 (a)
1147 777 1215 839 dari
1232 775 1266 837 in
1284 776 1336 837 Ec-

246 879 347 943 clesia
362 880 472 962 plures
484 881 618 944 ordines
631 903 639 959 ;
663 881 713 962 (b)
725 901 769 944 ex
781 881 895 944 divina
905 882 1115 943 ordinatione
1127 900 1199 942 esse
1212 879 1338 960 Episco-

246 1003 316 1064 pos,
341 981 565 1064 PresbyteroS,
588 994 622 1045 et
646 985 822 1047 ministros.
868 983 916 1066 (c)
942 982 1055 1064 Quum
1083 991 1194 1044 autem
1218 981 1338 1044 diaconi

246 1086 313 1148 sint
328 1085 426 1167 primi
443 1086 530 1148 inter
545 1087 715 1150 ministros
733 1087 938 1167 Presbyteris
963 1085 1142 1159 inferiores,
1157 1094 1282 1148 certum
1298 1097 1339 1144 est

245 1189 460 1251 diaconatum
477 1208 549 1250 csse
563 1190 715 1251 ordinem
732 1189 775 1251 ab
792 1191 865 1270 ipso
883 1189 1016 1253 Christo
1039 1189 1237 1250 institutum.
1284 1187 1339 1248 Ve-

246 1311 318 1355 rum
335 1302 386 1355 est
401 1291 537 1374 quidem
554 1301 682 1374 septem
695 1294 821 1374 primos
833 1293 1002 1367 diaconos,
1012 1291 1187 1354 occasione
1203 1291 1339 1372 querela-

246 1416 318 1459 rum
329 1397 371 1459 de
382 1416 571 1458 mensarum
586 1395 777 1472 ministerio,
788 1396 831 1458 ab
843 1395 1017 1478 Apostolis
1027 1395 1227 1457 constitutos
1240 1415 1309 1456 esse
1319 1406 1339 1459 ¹:

245 1500 305 1562 sed
320 1499 384 1562 hoc
400 1497 526 1562 iactum
542 1510 592 1562 est
609 1509 777 1581 potestate
792 1520 812 1562 a
830 1500 978 1562 Domino
1001 1503 1166 1574 concessa,
1183 1508 1220 1561 ut
1238 1499 1340 1560 Patre<

246 1603 399 1678 tradunt;
422 1622 483 1664 nec
499 1603 630 1665 diaconi
648 1603 757 1665 solum
774 1604 897 1665 mensis
914 1603 1158 1676 ministrabant,
1174 1601 1243 1676 sed,
1260 1612 1339 1682 post-

246 1723 347 1785 quam
376 1703 508 1767 iuerunt
534 1725 628 1767 sacro
659 1705 722 1768 ritu
754 1705 977 1786 impositionis
1005 1723 1165 1767 manuum
1197 1704 1340 1766 ordinati.

247 1807 468 1888 Evangelium
496 1809 725 1889 praedicarunt,
748 1817 784 1870 ut
811 1818 942 1871 constat
969 1808 1128 1889 exemplo
1152 1808 1340 1888 Stephani2.

246 1929 284 1972 ac
306 1909 509 1990 baptismum
535 1910 815 1984 ministraverunt,
831 1919 868 1971 ut
884 1920 977 1990 patet
996 1909 1156 1990 exemplo
1173 1908 1338 1989 Philippis.

247 2012 337 2076 Hinc
360 2014 461 2075 etiam
485 2012 584 2074 hodie
608 2032 666 2093 per
690 2012 938 2093 impositionem
963 2031 1118 2073 manuum
1145 2011 1340 2077 ordinantur.

245 2117 296 2180 his
312 2117 443 2180 verbis:
466 2116 648 2197 “Accipite
672 2115 832 2197 Spiritum
856 2114 1057 2191 sandium”;
1079 2115 1171 2194 quod
1196 2134 1262 2176 non
1285 2113 1340 2174 sru-

245 2231 313 2284 stra
323 2221 366 2284 ab
379 2221 549 2302 Episcopo
560 2220 625 2281 dici
636 2229 777 2282 testatur
794 2219 825 2280 Τ
822 2218 1023 2282 rr'iienu‘num
1035 2219 1120 2299 (can.
1130 2218 1174 2297 4).
1208 2217 1340 2278 Proinde

245 2327 446 2407 episcopatus,
449 2323 691 2405 presbyteratus
703 2333 736 2384 et
747 2323 938 2384 diaconatus
949 2331 1038 2383 certo
1049 2320 1214 2382 rationem
1225 2317 1339 2380 babent

245 2429 451 2490 sacramenti.

290 2560 337 2628 16.
384 2573 420 2622 2⁰
453 2559 715 2624 Controvertitur
742 2570 854 2621 autem
886 2567 995 2620 utrum
1026 2557 1287 2619 subdiaconatus
1313 2565 1338 2616 et

245 2665 390 2726 minores
407 2663 540 2725 ordines
561 2663 724 2725 rationem
746 2661 893 2724 habeant
916 2660 1124 2734 sacramenti,
1139 2659 1338 2740 gratiamque

245 2769 430 2849 producant
445 2786 489 2828 ex
506 2785 606 2847 opere
621 2775 768 2846 operato.
813 2764 865 2844 (a)
883 2763 919 2825 S.
934 2761 1081 2836 Thomas,
1093 2781 1170 2824 cum
1184 2761 1337 2842 plerisque

244 2869 458 2944 scholasticis,
480 2878 572 2931 tenet
595 2888 651 2930 eos
674 2887 746 2930 esse
768 2874 982 2928 sacramenta
1034 2865 1124 2926 Nam
1149 2863 1291 2925 Floreat.
1309 2883 1337 2923 ac

249 2974 280 3036 T
277 2974 391 3036 rident.
407 2973 530 3035 docent
551 2991 595 3033 ex
618 2975 682 3033 una
701 2980 794 3052 parte
816 2968 977 3033 Ordinem
1001 2988 1074 3030 esse
1094 2961 1337 3032 sacramentum

244 3079 385 3158 gratiam
410 3075 592 3148 conferens,
607 3083 641 3137 et
657 3095 701 3134 ex
722 3073 825 3135 altera
844 3071 1121 3134 subdiaconatum
1143 3089 1182 3132 ac
1206 3079 1337 3150 quatuor

246 3179 393 3241 Minores
423 3178 485 3240 sub
517 3176 644 3241 Ordine
674 3197 746 3240 esse
777 3187 937 3256 tanquam
967 3174 1094 3255 species
1125 3172 1189 3235 sub
1216 3191 1336 3253 genere.

245 3281 392 3344 Aliunde
409 3280 460 3342 his
476 3279 647 3342 ordinibus
663 3279 830 3341 confertur
846 3275 1015 3340 charaiier
1027 3275 1225 3350 indelebilis,
1235 3275 1336 3338 utcol·

244 3385 356 3466 ligitur
371 3405 415 3447 ex
434 3383 622 3464 Pontificali
636 3382 691 3444 ubi
709 3381 849 3463 legitur:
873 3387 888 3412 “
901 3382 1040 3443 Moneat
1056 3381 1245 3461 Episcopus
1261 3377 1336 3440 ordi·

243 3487 382 3562 nandos,
399 3496 436 3549 ut
459 3495 600 3566 tangant
620 3486 849 3559 instrumenta,
865 3485 984 3566 quibus
1004 3483 1172 3546 charolier
1185 3483 1336 3563 imprimi·

243 3591 331 3652 tur”.
380 3589 481 3650 Hunc
503 3597 614 3649 autem
637 3587 861 3651 charadterem
885 3608 957 3650 esse
980 3587 1192 3650 indelebilem
1216 3595 1335 3650 constat

243 3713 287 3754 ex
300 3693 442 3774 eoquod
460 3712 518 3772 per
529 3692 912 3754 excommunicationem
925 3710 991 3753 non
1004 3689 1139 3752 tollitur.
1178 3688 1231 3771 (b)
1246 3687 1335 3750 Multi

243 3805 354 3858 autem
372 3797 456 3857 inter
471 3795 669 3856 recentiores
691 3793 866 3875 theologos
887 3793 1087 3857 contrarium
1111 3801 1244 3866 tenent,
1268 3809 1334 3851 nam

243 3897 275 3958 hi
300 3899 431 3960 ordines
455 3917 521 3959 non
545 3896 675 3959 suerunt
696 3916 716 3958 a
735 3896 869 3960 Christo
886 3895 1037 3969 instituti,
1052 3895 1110 3956 sed
1127 3894 1171 3955 ab
1187 3893 1334 3955 Ecclesia.

244 4122 366 4180 Drorrin,
382 4136 408 4188 q.
428 4121 476 4179 11;
499 4123 526 4172 T
522 4122 646 4189 orannim
660 4139 687 4190 q.
700 4122 740 4174 Vl
756 4139 763 4188 ;
781 4123 814 4175 de
830 4124 1013 4190 Arrgrrslinis.
1033 4138 1059 4174 a.
1076 4137 1112 4184 23
1130 4120 1229 4188 Biilot,
1242 4119 1281 4173 th.
1297 4133 1334 4185 rm

246 4207 325 4274 Tepr.
339 4223 365 4257 n.
380 4221 432 4272 714
446 4223 487 4274 sq.

279 4292 946 4368 1:117.Vl,1-7.—2Act.v1,85q.-³Atl.
963 4296 1045 4364 l'lll,
1062 4307 1134 4366 5⁴²·
