2758 4652
257 160 324 213 592
682 156 740 206 DE
757 155 934 207 ORDINE.

256 340 311 407 bis,
323 349 353 397 et
361 333 656 410 signisexterioribus
665 333 816 407 perficitur
825 333 948 404 gratiam
958 332 1097 400 conferri,
1117 331 1259 392 dubitare
1269 349 1341 390 nemo

256 429 353 497 debet,
366 423 511 503 Ordinem
523 441 587 481 esse
597 440 665 481 vere
677 432 706 480 et
716 421 834 494 proprie
843 437 936 478 unum
949 438 985 479 ex
998 429 1114 493 septem
1129 420 1245 478 sanctae
1256 421 1341 478 Eccle-

255 516 306 573 siae
318 511 522 581 sacramentis3
541 510 637 581 inquit
647 510 728 567 enim
739 508 901 580 Apostolus
914 528 921 564 z
945 507 1132 566 “Admoneo
1145 517 1184 576 te,
1196 518 1231 563 ut
1240 510 1343 564 resusci-

255 613 298 660 tes
311 601 434 674 gratiam
446 597 512 664 Dei‚
526 615 593 669 quae
601 606 645 655 est
659 596 688 654 in
702 607 745 667 te,¹
753 613 804 667 per
817 594 1039 667 impositionem
1054 611 1203 652 manuum
1215 612 1343 660 mearum

255 708 316 748 non
337 688 417 747 enim
431 685 516 744 dedit
530 685 618 743 nohis
633 685 715 742 Deus
735 683 871 755 spiritum
890 681 1013 750 timoris,
1026 681 1080 740 sed
1094 679 1225 748 virtutis,
1242 693 1271 738 et
1287 682 1344 739 dile·

254 775 372 846 dlionis,
387 785 417 833 et
430 771 598 832 sobrietatis
607 771 631 828 ”.

256 911 363 973 CAP.
380 909 418 969 4.
437 910 492 969 De
508 907 772 968 eccleslastlca
795 903 1014 964 hierarchia
1035 910 1075 964 et
1094 904 1342 965 ordinatione.

289 1033 441 1108 Quoniam
461 1033 579 1090 veroin
599 1041 785 1090 sacramento
803 1029 934 1097 Ordinis,
949 1030 1026 1088 sicut
1044 1040 1074 1088 et
1093 1031 1124 1088 in
1145 1033 1343 1106 Baptismo,e1

254 1119 499 1188 Confirmatione,
518 1117 670 1176 character
698 1118 883 1191 imprimitur,
906 1117 956 1188 qui
978 1134 1034 1174 nec
1052 1116 1156 1186 deleri,
1177 1137 1238 1178 nec
1256 1121 1343 1178 aulem

254 1219 369 1280 potest:
391 1207 496 1266 merito
509 1205 611 1263 sancia
622 1205 760 1277 Synodus
771 1205 893 1263 damnat
904 1221 1007 1262 eorum
1021 1206 1205 1263 sententiam
1221 1208 1272 1278 qui
1284 1225 1343 1264 asse·

252 1309 319 1355 runt
334 1296 402 1355 novi
415 1294 599 1353 Testamenti
613 1293 789 1352 Sacerdotes
806 1292 1015 1364 temporariam
1038 1295 1259 1352 tantummodo
1279 1305 1343 1366 pon-

254 1395 360 1443 statem
373 1381 492 1451 habere,
508 1391 538 1439 et
550 1381 642 1438 semel
657 1379 710 1438 rite
727 1379 888 1449 ordinatos,
905 1377 1010 1436 iterum
1028 1377 1119 1435 laicos
1132 1378 1215 1437 effici
1231 1399 1320 1453 posse,
1329 1381 1344 1437 si

252 1470 332 1530 verbi
347 1469 403 1526 Dei
418 1467 614 1526 ministerium
629 1484 689 1523 non
703 1475 866 1524 exerceant.
907 1465 1000 1538 Quod
1019 1465 1043 1522 si
1063 1465 1131 1538 quis
1150 1485 1264 1526 omnes
1278 1468 1345 1526 Chri·

252 1555 362 1612 stianos
377 1551 545 1624 promiscue
559 1549 627 1608 novi
638 1550 821 1610 Testamenti
831 1552 1009 1611 Sacerdotes
1022 1569 1097 1619 esse,
1107 1563 1159 1611 aut
1174 1573 1284 1614 omnes
1297 1557 1344 1626 pori

251 1642 327 1698 inter
340 1657 371 1697 se
381 1647 526 1712 potestate
538 1637 680 1710 spirituali
693 1638 833 1710 praeditos
842 1639 976 1706 affirmet,
990 1638 1063 1696 nihil
1072 1639 1155 1698 aliud
1168 1641 1271 1699 facere
1281 1641 1344 1698 tide·

257 1739 312 1798 tur,
328 1743 419 1798 quam
433 1724 663 1783 ecclesiasticam
679 1723 882 1796 hierarchiam,
899 1743 967 1797 quae
983 1736 1028 1783 est
1047 1736 1080 1783 ut
1097 1737 1270 1784 castrorum
1283 1729 1345 1785 acies

253 1814 398 1884 ordinata,
410 1812 594 1871 confundere
607 1834 613 1870 :
633 1812 757 1885 perinde
769 1830 804 1870 ac
817 1813 840 1870 si
850 1823 954 1871 contra
964 1812 998 1869 B.
1013 1813 1095 1870 Pauli
1108 1813 1284 1872 doctrinam
1297 1833 1345 1872 om-

256 1919 308 1960 nes
325 1899 473 1974 Apostoli,
486 1901 591 1956 omnes
605 1899 771 1970 Prophetae,
784 1917 889 1957 omnes
908 1899 1114 1970 Evangelistae,
1130 1917 1244 1960 omnes
1259 1902 1344 1958 Pasto-

253 2007 308 2059 res,
324 2003 429 2045 omnes
442 1986 500 2044 sint
515 1985 669 2044 Doctores.
709 1985 838 2044 Proinde
857 1985 1045 2043 sacrosancta
1058 1985 1202 2058 Synodus
1222 1987 1346 2046 declarat.

252 2087 356 2149 praeter
376 2085 489 2133 ceteros
508 2073 724 2132 ecclesiasticos
744 2073 862 2145 gradus,
879 2072 1057 2145 Episcopus.
1074 2073 1125 2145 qui
1147 2073 1182 2131 in
1195 2076 1345 2148 Apostolo
1367 2111 1368 2130 r

252 2182 316 2222 rum
330 2163 430 2221 locum
444 2170 657 2230 successerunt,
673 2160 712 2218 ad
726 2160 807 2218 hunc
820 2158 1036 2217 hierarchicum
1050 2159 1190 2218 ordinem
1207 2163 1345 2235 praecipue

254 2250 415 2324 pertinere;
438 2249 494 2305 “et
506 2247 641 2318 positos'’
653 2246 727 2304 sicut
737 2245 816 2304 idem
826 2246 990 2317 Apostolus
998 2245 1047 2316 ait,
1063 2246 1236 2319 “aSpiritu
1246 2247 1346 2306 sancto.

252 2353 352 2409 regere
367 2334 532 2393 Ecclesiam
542 2333 645 2391 Dei”:
665 2351 778 2404 eosque
792 2333 972 2405 Presbyteris
985 2334 1153 2406 superiores
1172 2353 1251 2406 esse,
1266 2355 1299 2394 ac
1312 2354 1344 2392 sa·

251 2432 435 2482 eramentum
451 2419 695 2480 Confirmationis
714 2420 856 2486 conferre,
873 2419 1024 2478 ministros
1039 2419 1186 2480 Ecclesiae
1206 2424 1341 2488 ordinare,
1366 2437 1367 2472 ι

251 2521 341 2582 atque
354 2510 410 2566 alia
423 2509 565 2581 pleraque
578 2524 717 2579 peragere
731 2508 812 2580 ipsos
822 2525 911 2580 posse
927 2528 934 2564 ε
958 2525 1082 2581 quarum
1095 2508 1290 2568 functionum
1304 2527 1342 2582 pc
1366 2477 1367 2537 i

252 2607 388 2656 testatem
402 2596 508 2667 reliqui
522 2594 667 2653 inferioris
680 2595 802 2653 Ordinis
816 2595 929 2652 nullam
943 2593 1063 2654 liabent.

289 2684 385 2741 Docet
399 2683 519 2754 insuper
529 2680 717 2740 sacrosancta
728 2681 1111 2753 Synodus,inordinatione
1122 2685 1343 2759 Episcopomn.
1365 2689 1366 2773 l

252 2769 455 2834 Sacerdotum‚
470 2779 500 2826 et
512 2779 675 2827 ceterorum
685 2767 843 2840 Ordinum,
857 2789 913 2829 nec
927 2771 1040 2843 populi,
1057 2789 1114 2830 uec
1127 2772 1265 2844 cujusvis
1276 2791 1342 2830 secu

251 2859 317 2917 laris
337 2858 497 2932 potestatis,
520 2867 550 2914 et
569 2855 757 2927 magistratus
775 2875 963 2929 consensum,
986 2859 1047 2917 sive
1072 2860 1277 2930 vocationem,
1296 2860 1342 2917 sire
1364 2877 1365 2920 ὲ

250 2945 456 3004 auctoritatem
472 2944 512 3001 ita
525 2943 642 3015 requiri,
660 2953 692 3000 ut
705 2943 770 3001 sine
783 2943 818 3001 ea
831 2943 911 3002 irrita
924 2945 961 3002 sit
976 2945 1145 3004 ordinatio:
1166 2947 1244 3018 quin
1260 2949 1341 3020 potius
1364 2921 1365 3011 i

251 3032 383 3092 decernit
395 3049 455 3099 eos,
468 3031 518 3113 qui
533 3031 743 3089 tantummodo
761 3049 778 3088 a
797 3032 921 3103 populo,
932 3043 984 3090 aut
1004 3033 1129 3090 seculari
1150 3046 1339 3105 potestaten

251 3119 422 3190 magistratu
436 3117 531 3175 vocati
551 3127 579 3175 et
599 3117 734 3188 instituti,
749 3117 866 3176 adhaec
885 3118 1047 3177 ministeria
1065 3122 1239 3179 exercenda
1258 3139 1341 3179 ascen

251 3207 334 3275 dunt,
347 3215 377 3262 et
389 3206 439 3276 qui
454 3222 488 3262 ea
498 3204 616 3276 propria
627 3203 791 3263 temeritate
804 3205 859 3263 sibi
873 3215 1002 3276 sumunt,
1014 3223 1121 3264 omnes
1134 3209 1341 3267 non'Ecclesia
1363 3187 1364 3247 i

251 3292 408 3361 ministros,
418 3291 472 3349 sed
485 3291 562 3348 fures
576 3301 605 3349 et
619 3292 756 3361 latrones,
767 3309 819 3363 per
831 3293 940 3350 ostium
951 3310 1012 3350 non
1027 3297 1187 3366 ingressos,
1199 3295 1340 3354 habendos

251 3399 322 3438 esse.

288 3468 362 3524 Haec
376 3476 453 3535 sunt,
464 3483 531 3537 quae
544 3467 706 3536 generatim
721 3484 811 3524 sacrae
822 3467 944 3537 Synodo
958 3467 1053 3524 visum
1067 3477 1111 3525 est
1122 3467 1239 3527 Christi
1254 3469 1339 3528 fideles

185 3562 188 3567 '
251 3554 289 3612 de
308 3563 494 3611 sacramento
514 3551 636 3611 Ordinis
656 3554 771 3611 docere.
822 3553 880 3610 His
905 3564 1006 3611 autem
1029 3555 1190 3624 contraria,
1209 3557 1302 3623 certis,
1318 3567 1337 3610 et

169 3667 171 3672 ¹
252 3641 377 3714 propriis
390 3637 556 3696 canonibus
570 3639 599 3695 in
614 3639 703 3704 hunc,
719 3639 771 3710 qui
785 3640 926 3710 sequitur,
944 3640 1070 3698 modum
1083 3641 1234 3702 damnare
1248 3643 1338 3702 cousu-

251 3727 307 3785 tuit
320 3749 326 3784 :
347 3737 378 3783 ut
391 3744 503 3794 omnes,
521 3725 681 3797 adjuvante
694 3725 823 3792 Christo,
839 3725 908 3785 lidei
921 3727 1023 3799 regula
1036 3738 1167 3796 utentes,
1180 3731 1210 3786 in
1222 3741 1267 3789 tot
1279 3747 1337 3788 erro

251 3831 316 3869 rum
336 3811 464 3870 tenebris
484 3812 671 3870 Catholicam
691 3812 842 3871 veritatem
863 3813 977 3872 facilius
1002 3831 1169 3886 agnoscere
1197 3828 1227 3876 et
1254 3829 1337 3876 tenere
1360 3867 1361 3870 ,

254 3897 375 3968 possint.
1360 3895 1361 3957 l

292 3980 364 4035 Con.
383 4001 404 4037 r.
444 3983 473 4038 Si
487 3983 554 4052 quis
567 3983 680 4055 dixerit,
696 4003 757 4041 non
772 4003 835 4044 esse
856 3988 884 4043 in
905 4004 982 4045 novo
995 3988 1197 4048 Testamento
1210 3989 1336 4048 Sacerdo·
1359 4059 1360 4062 Ἴ

254 4065 326 4119 tium
340 4066 461 4135 visibile,
478 4078 507 4124 et
520 4079 680 4140 externum,
694 4072 737 4129 vel
753 4091 812 4129 non
827 4091 891 4131 esse
905 4084 1082 4145 potestatem
1096 4075 1233 4147 aliquam
1246 4095 1333 4136 conse·
1359 4149 1360 4193 1

262 4183 1336 4209 Ἣ,

292 4241 423 4296 otram.
441 4243 525 4310 r,s-7.
