2752 4648
178 165 235 214 DE
253 164 471 215 MYSTERIO
490 163 764 214 PRAESENTiAE
785 162 951 213 nunus.
1054 159 1121 212 3⁴0

22 339 152 404 Domini
163 343 180 368 ”
193 356 212 405 ¹.
260 344 315 406 Ex
339 345 446 406 verbis
469 345 501 408 S.
520 345 620 420 Pauli,
636 345 691 426 qui
714 344 895 406 manducat
918 362 1039 425 panem
1064 361 1120 404 eu·

20 443 237 520 charisticum,
252 467 309 509 seu
326 448 429 510 sumit
444 447 574 509 unicam
590 447 745 528 speciem,
761 457 811 510 est
832 467 905 510 reus
927 467 993 509 non
1011 445 1118 508 solum

22 548 161 628 corporis
178 550 236 612 sed
253 551 354 613 etiam
368 551 540 632 sanguinis
553 551 691 614 Domini
705 571 713 629 ;
734 552 826 633 atqui
842 551 905 614 hoc
921 549 990 612 fieri
1006 550 1121 631 nequit

23 650 77 710 nisi
95 661 166 713 turn
184 672 314 734 corpus,
326 664 397 716 tum
414 653 550 735 sanguis
566 653 776 717 inveniantur
791 655 854 717 sub
865 655 982 716 eadem
995 652 1121 734 specie;

23 754 73 815 ubi
93 765 207 817 autern
232 757 444 820 inveniuntur
466 777 586 838 corpus
607 767 641 820 et
661 759 796 839 sanguis
821 756 954 832 Christi,
976 757 1021 818 ibi
1045 765 1121 818 sunt

24 857 139 934 pariter
165 857 237 937 ejus
265 858 375 921 anima
401 869 435 922 et
461 860 626 934 divinitas
653 881 697 922 ex
724 860 808 923 infra
833 859 1007 937 dicendis;
1033 880 1119 940 ergo.

25 957 243 1023 Confirmatur
264 962 343 1042 ipsis
368 963 504 1025 Domini
526 964 677 1026 verbis2:
700 963 796 1046 “Qui
816 963 996 1026 manducat
1014 985 1071 1038 me,
1087 973 1121 1026 et

25 1061 88 1142 ipse
103 1064 193 1127 vivet
209 1074 344 1145 propter
359 1084 413 1127 me
425 1065 440 1091 ''
457 1087 464 1142 ;
486 1087 554 1128 vox
578 1067 665 1128 enim
684 1087 733 1129 me
747 1077 853 1129 totam
871 1066 993 1130 Christi
1009 1085 1120 1147 perso·

25 1184 95 1225 nam
112 1163 275 1247 designat

26 1271 71 1351 (b)
86 1273 160 1335 Rat.
183 1274 214 1335 T
210 1275 285 1336 heol.
311 1275 366 1336 Ex
384 1275 416 1340 S.
436 1275 573 1350 Paulos,
588 1274 769 1338 “Christus
786 1295 958 1356 resurgens
974 1295 1017 1336 ex
1035 1295 1119 1337 mor·

26 1376 85 1436 tuis
102 1376 171 1454 jarn
192 1397 259 1438 non
283 1379 421 1439 moritur
433 1377 470 1454 '';
493 1377 595 1458 atqui,
617 1387 654 1440 ut
676 1397 741 1440 non
765 1378 931 1452 moriatur,
948 1379 1122 1459 requiritur

27 1486 59 1537 ut
73 1476 141 1558 ejus
157 1478 295 1559 sanguis
311 1490 481 1543 remaneat
496 1480 625 1561 corpori
645 1479 767 1556 unituS,
782 1487 816 1542 et
836 1479 948 1543 anima
971 1481 1120 1562 utrique;

28 1599 98 1659 ergo
112 1581 145 1642 in
164 1581 383 1657 Eucharistia,
398 1583 461 1644 sub
481 1582 630 1664 quelibet
653 1583 772 1664 specie,
788 1603 916 1664 corpus,
931 1585 1066 1664 sanguis
1088 1594 1121 1646 et

30 1683 131 1746 anima
147 1685 367 1748 inveniuntur.

66 1829 110 1896 47.
157 1822 219 1903 (B)
236 1822 391 1885 Secunda
410 1843 486 1903 pars
500 1843 507 1884 :
531 1820 682 1885 Christus
695 1831 744 1884 est
751 1833 893 1903 prcesens
906 1823 965 1886 sub
979 1823 1121 1904 singulis

25 1925 175 2000 partibus,
184 1925 298 1986 saltem
308 1925 517 2000 sensibilibus,
526 1925 676 2006 cus'usque
687 1925 806 1999 hostr'ce,
817 1925 1015 2006 separatione
1016 1927 1120 2005 saliri.

33 2025 151 2089 Dicitur
166 2033 182 2058 “
195 2029 400 2091 sensibilibus
410 2029 436 2102 ”,
452 2029 530 2109 quia
551 2028 577 2088 si
601 2036 719 2107 agatur
739 2029 781 2089 de
802 2027 865 2088 illis
881 2027 1030 2108 partibus
1046 2048 1121 2108 quae

30 2125 88 2204 jam
100 2150 119 2190 a
132 2130 284 2193 sensibus
297 2130 491 2194 nullomodo
500 2130 624 2212 percipi
636 2139 785 2211 possunt,
795 2150 845 2192 res
857 2131 1120 2206 controvertitur,

33 2233 156 2307 praecise
173 2233 250 2314 quia
266 2243 510 2297 sacramentum
527 2233 627 2296 debet
643 2253 714 2294 esse
730 2234 861 2314 signum
879 2232 1040 2295 sensibile.

34 2338 76 2418 la)
91 2341 206 2422 Script.
250 2342 287 2404 ln
304 2343 421 2405 ultima
437 2346 533 2405 coena
551 2341 708 2423 Apostoli
723 2344 766 2404 de
781 2343 898 2403 eodem
915 2341 1016 2403 calice
1032 2340 1121 2404 bibe·

34 2452 99 2504 runt
110 2443 211 2522 juxta
227 2445 307 2508 illud
321 2469 327 2508 :
351 2450 367 2477 “
382 2445 426 2507 Et
439 2455 577 2524 accepto
589 2444 699 2520 calice,
710 2444 834 2526 gratias
846 2464 949 2526 agens
961 2444 1054 2508 dedit
1066 2446 1122 2520 eis,

34 2553 61 2604 et
81 2545 232 2610 biberunt
255 2569 299 2610 ex
323 2547 380 2610 illo
406 2547 594 2624 ornnes’'4;
626 2547 718 2629 atqui
745 2556 871 2609 certum
899 2556 949 2609 est
975 2547 1123 2628 singulos

36 2644 207 2728 dpostolos
224 2659 332 2713 totum
350 2651 519 2714 Christum
537 2651 713 2732 accepisse,
729 2671 794 2713 non
812 2660 922 2732 potest
940 2651 1028 2713 enirn
1053 2651 1123 2731 ejus

36 2766 140 2830 corpus
161 2753 193 2814 in
214 2752 318 2814 frusta
336 2752 438 2815 dividi
453 2774 460 2828 ;
483 2772 563 2833 ergo
586 2763 656 2814 erat
669 2761 772 2815 ¹totus
787 2751 849 2814 sub
864 2752 1012 2833 qualibet
1029 2763 1123 2833 parte

36 2857 142 2931 speciei
158 2856 235 2918 vini.
544 2919 547 2924 ,

37 2963 78 3044 (b)
92 2967 165 3030 Rat.
187 2969 218 3030 T
214 2969 289 3032 leeol.
328 2969 383 3030 Ex
407 2966 514 3046 dietis,
529 2969 716 3031 substantia
739 2967 885 3048 corporis
901 2975 934 3028 et
950 2968 1121 3048 sanguinis

38 3066 144 3134 Christi
166 3073 315 3136 succedit
337 3074 533 3136 substantiae
556 3073 651 3154 panis
673 3082 706 3135 ct
727 3071 804 3146 vini,
821 3071 962 3152 ideoque
977 3091 1123 3152 praesens

38 3183 78 3234 est
98 3176 158 3238 sub
180 3177 352 3257 speciebus
375 3197 415 3238 eo
439 3178 540 3239 modo
562 3197 629 3258 quo
653 3175 839 3238 substantia
862 3173 957 3256 panis
978 3195 1123 3256 praesens

39 3287 95 3338 erat
114 3280 175 3343 sub
195 3279 443 3356 accidentibus;
467 3281 558 3360 atqui
581 3279 768 3342 substantia
791 3279 886 3361 panis
910 3288 943 3341 et
965 3279 1032 3341 vini
1052 3288 1123 3340 tota

40 3375 188 3446 invenitur
203 3385 235 3444 in
253 3383 400 3463 qualibet
412 3391 506 3465 parte
521 3404 529 3459 ;
548 3402 627 3464 ergo
641 3381 728 3444 idem
741 3381 920 3444 dicendum
933 3380 975 3442 de
987 3400 1123 3461 corpore

40 3493 65 3542 et
87 3487 243 3568 sanguine
271 3486 417 3549 Domini.
468 3485 597 3548 Revera
624 3505 683 3567 per
709 3484 902 3549 iratlionem
930 3485 1122 3565 specierum,

41 3595 133 3659 partes
148 3601 310 3670 separatae
327 3590 610 3651 consecrationem
627 3608 692 3650 non
711 3589 890 3666 amittunt;
913 3606 974 3647 nec
991 3587 1123 3648 aliunde
1174 3650 1177 3660 ,

41 3681 212 3754 humanitas
237 3691 358 3754 Christi
385 3691 416 3753 in
443 3701 553 3772 partes
578 3691 781 3772 discerpitur.
829 3688 929 3770 Quod
953 3709 1122 3769 compara-

42 3787 116 3854 tione
130 3795 332 3871 illustratur;
358 3795 385 3855 si
406 3794 578 3875 speculum
600 3794 631 3855 in
654 3795 749 3875 plura
768 3792 871 3855 frusta
887 3791 1124 3872 confringatur,

70 4004 104 4054 1Ι
116 4001 177 4060 Cor.
194 4006 248 4071 XI,
261 4017 302 4069 27.
343 4006 376 4057 ln
390 4003 505 4073 antiqui
520 4003 724 4058 Protestanticzi
738 4002 873 4068 versione,
888 4002 933 4058 vel
949 4001 976 4054 in
996 4008 1024 4054 et
1035 4012 1123 4056 trans-

43 4097 161 4145 mutatum
174 4093 272 4158 iuerat,
286 4091 336 4146 sed
350 4092 378 4145 in
392 4091 495 4144 recenti
511 4089 665 4149 Oxoniensi
679 4089 825 4155 revisione,
835 4087 1014 4156 corretlores,
1024 4090 1123 4144 verita-

44 4169 72 4224 tis
81 4178 213 4236 evidentia
226 4179 301 4246 virli,
315 4179 482 4249 particulam
495 4177 543 4231 vel
553 4177 741 4232 restituerunt.

71 4262 149 4332 27ινα.
164 4268 213 4334 Vl,
230 4267 269 4335 58.
283 4297 318 4305 -
330 4270 340 4302 ³
352 4267 431 4320 Rom.
448 4266 500 4330 Vl,
512 4279 537 4333 9.
558 4295 582 4304 -
600 4263 610 4292 ⁴
623 4265 716 4316 Marc.
733 4265 811 4329 XIV,
826 4277 868 4330 23.
