2794 4662
327 177 334 186 ’
431 217 487 266 mc
506 213 798 267 uarnmomo.
1096 206 1165 260 aas

273 333 356 344 2—-

53 401 230 481 propriam
246 393 427 476 materiam,
440 422 516 464 suos
529 398 842 484 quoque'ministros
855 394 984 458 habeat.
1031 393 1170 459 Frustra

53 504 162 584 igitur
184 503 303 566 dicunt·
325 505 501 567 adversarii
524 504 717 586 regulariter
739 503 828 566 solos
845 501 1043 566 Sacerdotes
1058 511 1164 558 sacra·

53 615 253 668 mentorum
271 627 342 668 esse
359 608 536 682 ministros,
553 607 757 689 proindeque
768 601 1003 680 .matrimonii;
1027 607 1166 680 negatur

51 709 149 769 enim
175 710 309 790 paritas,
331 729 433 790 quum
457 709 705 772 matrimonium
728 709 771 770 sit
791 703 991 780 eontradlus,
1009 703 1165 784 legesque

52 808 253 874 contradtus
275 805 452 892 sequatur;
476 813 533 874 se'd
556 811 690 892 insuper
709 830 820 872 nonne
836 809 1031 889 baptismus,
1046 826 1066 867 a
1081 805 1165 867 laico

52 914 279 988 ministratus,
289 915 418 976 validus
434 915 504 977 est?
520 933 577 978 cur
591 933 670 994 ergo
687 911 980 986 matrimonium,'a
996 907 1087 972 laicis
1105 907 1165 970 mi-

52 1016 449 1090 nistratum,invalidum
466 1022 572 1079 esset?
688 1019 691 1027 ’

50 1117 108 1198 (b)
126 1113 224 1181 Alius
237 1128 287 1180 est
301 1119 452 1180 minisler'
464 1117 661 1182 sacramenti
675 1128 707 1179 et
723 1117 807 1179 alius
824 1113 1163 1179 rrrr'nrlriersolcmnita·

50 1221 123 1292 tr's,·
148 1220 297 1300 proinde,
309 1221 335 1281 si
350 1221 381 1282 in
395 1221 606 1284 documentis
621 1220 852 1284 ecclesiasticis
864 1223 983 1300 agatur
994 1220 1036 1281 de
1050 1218 1163 1282 Sacer-

49 1325 140 1384 dote
162 1331 198 1384 ut
218 1323 370 1385 ministro
394 1323 605 1398 matrimonii,
623 1342 667 1384 ex
689 1329 850 1386 contextu
874 1321 1162 1384 determinandum

49 1435 109 1486 est
127 1433 239 1486 utrum
256 1426 398 1506 quaestio
415 1423 473 1488 fiat
488 1425 530 1487 de
547 1425 697 1489 'ministro
712 1427 899 1508 cominente,
911 1425 960 1488 vel
974 1424 1081 1486 solum
1094 1445 1163 1486 con·

41 1527 217 1607 firmante
231 1529 476 1590 sacramentum
493 1525 721 1591 benediettone
737 1529 879 1610 speciali.

49 1631 105 1710 (c)
125 1631 351 1706 Matrimonia,
367 1632 439 1693 sine
455 1631 630 1712 prasentia
648 1631 837 1695 Sacerdotis
853 1630 1029 1702 celebrata,
1042 1628 1164 1703 illicita,

49 1741 116 1794 aut
133 1731 315 1813 aliquando
332 1733 506 1816 illegitima
517 1725 721 1809 dicebantur,
731 1735 809 1816 quia
822 1744 937 1796 contra
949 1734 1037 1816 leges
1049 1732 1163 1794 Eccle-

49 1837 116 1897 siae
145 1837 435 1912 contrahebantur,
460 1839 517 1901 sed
545 1859 588 1900 ex
616 1837 678 1900 hoc
710 1839 846 1901 minime
873 1838 1020 1919 sequitur
1046 1835 1162 1899 eadem

50 1938 206 2001 invalida
233 1939 340 2002 fuisse.
395 1941 519 2003 Iterum
552 1940 686 2020 quidam
716 1939 938 2003 benedietioni
966 1938 1161 2001 sacerdotali

50 2041 212 2104 tribuunt
236 2044 391 2106 virtutem
416 2043 689 2120 sacramentalem,
717 2045 788 2119 sed,
815 2041 965 2125 inspecto
991 2052 1162 2116 contextu,

50 2165 178 2208 sensus
198 2156 248 2209 est
268 2145 459 2226 hujusmodi
481 2144 747 2211 benedietionem
770 2168 842 2210 esse
865 2148 1035 2228 quoddam
1058 2167 1162 2208 sacra-

51 2249 213 2312 mentale.
266 2249 514 2330 Nonnunquam
553 2251 709 2314 asseritur
746 2251 1005 2326 matrimonium,
1039 2249 1163 2331 absque

50 2352 112 2414 illa
129 2351 373 2428 benedidlione,
390 2373 455 2415 non
473 2374 545 2416 esse
561 2354 627 2416 veri
651 2356 794 2417 nominis
815 2364 1069 2428 sacramentum,
1085 2354 1162 2434 quia

49 2455 303 2531 contrahentes,
320 2458 431 2538 legem*
446 2457 604 2520 Ecclesiae
621 2459 792 2536 violantes,
806 2461 946 2542 gratiam
964 2459 1162 2522 sacramenti

49 2579 123 2620 non
142 2557 353 2639 recipiebant.
402 2561 531 2623 Horum
550 2563 784 2644 principiorum
798 2585 871 2646 ope,
885 2565 1061 2646 praecipuae
1077 2561 1160 2626 diffi-

48 2662 199 2724 cultates
215 2661 297 2724 solvi
314 2673 462 2743 queunt:
486 2664 512 2725 si
532 2684 606 2745 quae
626 2677 736 2729 autem
759 2667 926 2748 supersint
946 2664 1160 2730 audieritates

49 2775 173 2828 contra
190 2776 337 2828 nostram
355 2765 485 2841 thesim,
502 2767 567 2829 vim
586 2768 791 2830 decisionum
811 2768 969 2830 Ecclesiae
986 2767 1162 2848 infringere

51 2890 122 2932 non
143 2880 289 2950 possunt.

322 2959 392 3017 111.
418 2961 472 3018 De
497 2953 660 3020 materia
683 2966 721 3020 et
743 2953 895 3020 lorma¹.

97 3091 148 3158 27.
198 3077 373 3140 Materiam
400 3079 599 3141 sacramenti
626 3078 831 3141 Matrimonii
855 3098 927 3140 esse
952 3079 1057 3160 ipsum
1082 3098 1160 3140 con-

51 3180 200 3244 tractum
232 3203 349 3244 omnes
381 3182 526 3264 theologi
566 3191 690 3245 tenent.
738 3182 897 3244 Nonnulli
930 3192 1051 3256 autem,
1084 3201 1159 3243 cum

51 3285 233 3347 Melchiore
250 3284 346 3359 Cano,
362 3291 520 3367 putarunt
538 3286 678 3348 formam
696 3287 727 3347 in
747 3283 979 3349 benedittione
1001 3285 1159 3350 Sacerdo-

51 3391 98 3451 tis
124 3390 350 3468 reponendam
374 3410 471 3452 esse:
502 3409 577 3470 quae
604 3392 739 3471 quidem
768 3393 881 3474 opinio
905 3413 948 3454 ex
970 3393 1038 3472 jam
1063 3387 1159 3454 dietis

51 3489 229 3554 confutata
253 3501 372 3554 manet.
422 3489 582 3555 Dodtrina
608 3495 707 3573 igitur
730 3497 915 3558 communis
940 3506 972 3558 et
997 3504 1086 3557 certa
1110 3503 1160 3556 est

53 3593 231 3656 materiam
249 3603 282 3656 et
300 3594 439 3656 formam
457 3597 654 3658 sacramenti
677 3597 708 3658 in
733 3597 804 3677 ipso
829 3597 1063 3659 matrimoniali
1080 3616 1158 3657 con·

52 3694 164 3760 tradlu
189 3698 286 3762 sitam
311 3719 390 3760 esse.
445 3699 520 3760 Hoc
545 3709 654 3760 autem
678 3700 809 3761 diverso
837 3699 937 3761 modo
964 3698 1160 3780 explicatur.

55 3798 125 3888 (A)
146 3799 302 3881 Quidam,
319 3821 393 3862 cum
412 3801 576 3876 Navarra,
592 3803 749 3864 dixerunt
773 3821 970 3864 consensum
992 3803 1158 3865 internum

53 3924 129 3966 esse
146 3904 328 3978 materiam,
346 3904 485 3966 formam
510 3915 621 3967 autem
646 3906 825 3968 consistere
842 3907 873 3967 in
892 3907 994 3987 signis
1011 3906 1158 3969 externis

54 4029 132 4088 quae
148 4027 346 4069 consensum
365 4009 578 4089 exprimunt;
602 4007 692 4089 quod
709 4008 840 4071 admitti
859 4011 982 4090 nequit,
994 4029 1072 4076 nam
1090 4029 1157 4071 ma-

91 4164 145 4215 18.
166 4163 260 4216 Hom.
276 4165 362 4232 Supp.
379 4180 404 4232 q.
419 4179 462 4232 45,
476 4181 501 4216 a.
520 4179 549 4232 53
570 4164 772 4230 Bellarminus,
786 4181 809 4217 c.
826 4167 856 4228 6;
877 4167 999 4232 Drouin,
1014 4167 1029 4218 l.
1045 4166 1081 4232 X,
1094 4182 1120 4234 q.
1134 4161 1159 4231 3}

56 4251 196 4316 Billuara
209 4251 276 4304 diss
296 4253 316 4304 l.
333 4270 358 4304 a.
375 4265 407 4317 7;
428 4250 565 4316 Cunila,
578 4268 603 4320 p.
621 4252 641 4315 l,
654 4247 720 4303 sedi.
733 4267 757 4304 2.
774 4269 796 4304 c.
807 4268 839 4320 3;
857 4253 890 4304 de
903 4252 930 4304 A
934 4252 1084 4321 augustinis,
1095 4269 1119 4304 a.
1132 4266 1160 4315 4;

57 4339 156 4403 Billot,
169 4339 206 4391 th.
222 4353 265 4407 37,
279 4339 371 4392 Corol.
389 4340 410 4404 l,
424 4355 449 4406 p.
464 4353 522 4407 344.
