2770 4646
169 187 224 236 DE
243 187 499 237 ExlsTEum
518 187 569 236 ET
587 187 791 237 assaumis
812 186 1028 236 samson.
1083 183 1147 234 23³

53 367 186 446 Joannis
201 368 357 432 habuisse
372 371 524 432 eamdem
542 370 608 431 vim
625 387 700 430 cum
716 369 890 450 Baptismo
902 367 1033 441 Christi,
1046 365 1085 428 Α.
1098 365 1147 431 S.''

54 471 144 548 (Can.
164 475 202 554 1).
250 473 369 536 Differt
385 474 559 555 siquidem,
751 461 754 469 ’

94 573 141 652 (a)
159 575 302 636 Ratione
314 574 473 656 efficacia·
486 573 549 635 hoc
562 571 632 652 ipse
643 572 791 652 Joannes
804 569 979 641 fatebatur,
988 568 1102 631 dicens
1115 589 1121 629 :
1135 579 1146 610 1

53 674 149 756 “Ego
164 677 299 757 quidem
317 677 452 758 baptizo
466 695 525 737 vos
541 677 628 755 aqua
652 674 684 735 in
705 673 947 754 poenitentiam,
962 672 1018 752 qui
1035 681 1146 734 autem

53 787 125 857 post
149 798 203 841 me
225 790 384 842 venturus
409 789 468 854 est,
494 779 565 859 ipse
591 797 650 838 vos
680 775 864 857 baptizabit
894 775 926 836 in
958 775 1083 855 Spiritu
1114 785 1147 836 et

53 880 170 960 igne'';
197 883 315 962 quibus
341 883 448 946 verbis
472 880 610 943 infertur
633 873 836 962 baptismum
860 879 998 961 Joannis
1024 877 1147 941 dircite

53 983 238 1048 institutum
254 986 353 1048 fuisse
376 987 417 1047 ad
442 975 639 1048 excitandos
656 983 861 1064 poenitentiae
877 1001 1002 1056 sensus,
1018 979 1147 1062 Baptis-

53 1105 138 1150 mum
152 1098 266 1150 autem
280 1087 402 1151 Christi
415 1085 539 1150 dircite
550 1087 720 1169 Spiritum,
733 1107 789 1148 seu
802 1085 943 1168 gratiam
958 1087 1146 1167 producere.

91 1188 139 1269 (b)
170 1190 309 1272 Insuper
336 1191 462 1254 ratione
487 1191 681 1266 durationis,
707 1191 894 1272 baptismus
920 1189 1059 1270 Joannis
1086 1191 1147 1253 luit
1235 1219 1236 1222 ¹

52 1291 211 1354 transiens
234 1301 268 1354 et
289 1293 501 1356 solummodo
527 1295 790 1375 praeparatorius,
814 1293 860 1354 ita
886 1301 923 1354 ut
946 1291 1104 1373 baptizati
1128 1313 1147 1354 a

49 1392 177 1472 Joanne
200 1395 386 1476 indigerent
409 1397 552 1478 recipere
576 1396 784 1478 Baptismum
801 1394 1017 1457 christianum
1029 1407 1051 1470 ²,
1066 1396 1145 1458 dum

53 1494 238 1576 Baptismus
255 1497 376 1562 Christi
392 1510 443 1563 est
459 1519 663 1580 permanens.

91 1599 139 1680 (c)
155 1600 309 1664 Tandem
334 1603 461 1665 ratione
484 1603 686 1676 necessitatis,
703 1602 888 1682 baptismus
903 1602 1042 1683 Joannis
1059 1602 1146 1664 utilis

51 1702 183 1782 quidem
202 1713 275 1766 erat
298 1706 340 1767 ad
361 1706 558 1768 excitandos
580 1708 787 1789 poenitentiae
806 1725 930 1781 sensus,
947 1725 1012 1768 non
1034 1715 1145 1770 autem

52 1806 261 1880 necessarius,
276 1808 356 1869 dum
374 1808 564 1889 Baptismus
581 1810 703 1874 Christi
720 1809 921 1872 necessarius
936 1820 987 1872 est
1002 1812 1044 1872 ad
1061 1812 1146 1874 salu·

51 1915 116 1968 tem
132 1927 176 1969 ex
194 1908 279 1971 inira
294 1911 451 1974 dicendis,
495 1913 594 1995 Quod
611 1915 745 1996 quidem
763 1935 782 1976 a
799 1913 964 1975 nonnullis
981 1915 1146 1982 modernis

52 2009 315 2074 Protestantibus
331 2013 470 2077 libenter
486 2018 679 2080 conceditur
689 2017 711 2078 3.

93 2126 140 2177 11.
188 2126 224 2192 3⁰
241 2113 501 2180 Controvertitnr
513 2140 579 2201 quo
596 2121 732 2202 praecise
751 2120 887 2182 instanti
903 2131 1145 2184 sacramentum

52 2214 215 2296 Baptismi
234 2218 422 2283 institutum
445 2221 549 2286 fuerit.
606 2224 656 2304 (a)
684 2222 830 2304 Quidam
856 2223 1009 2287 Scotistae
1028 2234 1147 2305 putant

51 2316 128 2380 illud
153 2320 342 2384 institutum
367 2322 467 2386 luisse
493 2325 704 2388 solummodo
726 2323 862 2405 quando
889 2323 1048 2400 Christus,
1071 2337 1147 2407 post

52 2420 330 2498 resurreiiionem,
346 2425 434 2486 dixit
450 2425 641 2508 Apostolis:
665 2435 681 2460 “
695 2427 823 2489 Euntes
839 2445 919 2507 ergo
929 2475 935 2488 .
946 2476 952 2488 .
964 2477 970 2487 .
983 2427 999 2452 '⁹

91 2521 142 2602 (b)
153 2524 259 2605 Juxta
271 2545 481 2590 communem
494 2531 704 2605 senteutiam,
718 2530 909 2610 Baptismus
922 2528 1074 2592 inchoate
1085 2531 1146 2592 sal-

51 2633 116 2686 tem
128 2626 1147 2713 luitinstitutusquandoChristusinJordanebaptizatussuit;

51 2729 234 2810 paulopost
245 2729 484 2795 suitdefinitive
500 2734 680 2808 institutus
690 2743 724 2796 et
740 2733 811 2813 ejus
828 2733 1021 2796 universalis
1038 2754 1149 2797 neces·

50 2831 127 2892 sitas
144 2832 357 2914 promulgata
370 2845 445 2916 post
463 2836 749 2900 Resurreitiouem
766 2836 817 2916 (S.
840 2836 869 2896 Τ
866 2836 895 2896 li.
912 2855 941 2915 q.
958 2836 1008 2911 66,
1026 2857 1052 2898 a.
1071 2839 1112 2917 2).

91 2935 127 2999 Si
144 2935 227 2998 fides
243 2937 434 3019 Nicephoro
449 2939 619 3014 habeatur,
636 2941 786 3006 Christus
803 2941 872 3020 ipse
890 2939 1071 3020 baptizavit
1089 2943 1147 3003 Pe-

51 3047 145 3114 trum,
164 3042 280 3112 Petrus
300 3062 377 3105 vero
398 3043 571 3106 Andream
590 3054 624 3106 et
645 3042 729 3106 tilios
754 3042 918 3116 Zebedaei,
933 3052 966 3104 et
985 3041 1018 3104 hi
1041 3043 1146 3125 bapti·

51 3155 164 3206 zarunt
179 3143 263 3206 alios
280 3145 470 3226 Apostolos.

250 3306 337 3383 Art.
362 3305 438 3383 ΙΙΙ.
466 3307 529 3384 De
552 3308 716 3384 materiai
744 3325 781 3383 et
806 3304 945 3383 formai.

421 3455 437 3540 ᾗ
464 3457 488 3520 l.
516 3458 573 3520 Da
597 3471 774 3520 sinemus.

92 3593 234 3657 Materia
250 3595 376 3676 duplex
392 3604 452 3671 est,
469 3604 596 3668 remoto,
609 3614 650 3655 sc,
663 3613 750 3673 aqua
766 3591 933 3664 naturalis,
946 3601 979 3653 et
985 3591 1137 3670 proxima

52 3713 90 3757 sc.
107 3697 242 3760 ablutio,

367 3787 395 3844 1.
414 3785 468 3844 De
491 3777 652 3843 materia
675 3775 833 3841 remota.

93 3925 138 3978 12.
192 3925 224 3974 1⁰
240 3913 386 3976 Errores.
434 3912 509 3974 Hac
525 3913 567 3974 de
583 3931 616 3972 re
633 3908 815 3990 antiquitus
832 3910 981 3970 errarunt
997 3907 1144 3970 nonnulli

56 4013 197 4078 Gnostici
209 4023 244 4078 et
259 4013 440 4077 Manichaei
454 4014 520 4096 qui,
536 4032 656 4092 aquam
677 4020 713 4073 ut
733 4009 953 4071 substantiam
972 4009 1068 4072 vilem
1088 4021 1144 4074 aut

86 4203 92 4234 ¹
106 4201 192 4254 Mati.
209 4199 264 4264 lll,
280 4213 320 4252 ιι.
336 4197 466 4252 -2An
481 4197 560 4263 XIX,
580 4207 631 4264 1-5.

84 4283 330 4354 ³ScliaffiHeraog
340 4283 566 4352 Encyclopaedia,
580 4301 604 4352 p.
622 4299 680 4335 200.
