2758 4652
251 180 308 230 DE
327 179 620 230 POENI'I'ENTIAE
638 175 939 229 SACRAMENTO.
1077 175 1143 228 535

50 359 203 422 tollunt”.
251 360 286 425 Si
302 383 346 425 ex
363 364 501 425 adverso
523 372 668 444 peccata,
684 364 811 445 absque
832 364 898 426 ulla
919 359 1147 425 satisfadtione

48 463 301 539 dimitterentur,
312 475 349 527 ut
361 464 445 550 levia
454 466 735 540 existimarentur,
745 475 779 528 et
791 465 949 528 facilitate
960 464 1031 546 ipsa
1040 461 1146 525 veniae

50 567 143 629 multi
169 568 211 630 ad
237 570 442 649 peccandum
465 569 584 632 itcrum
610 578 878 651 provocarentur.
925 569 997 631 Nec
1018 568 1148 630 dicatur

49 689 106 749 per
120 669 323 750 baptismum
348 680 452 733 totam
475 691 610 752 poenam
630 671 728 733 simul
750 691 825 734 cum
843 671 940 752 culpa
956 669 1052 733 tolli:
1079 689 1145 732 non

49 771 136 832 enim
162 791 222 853 par
242 781 292 835 est
316 773 464 836 conditio
489 793 602 835 eorum
626 773 682 853 qui
708 793 766 855 per
785 773 988 854 baptismum
1013 792 1147 853 regene-

50 885 163 936 rantur
178 885 212 938 et
233 895 347 938 eorum
369 876 425 956 qui
447 897 505 957 per
525 877 760 958 poenitentiam
778 877 853 938 Deo
875 876 1148 954 reconciliantur;

50 977 174 1058 priores
198 987 276 1040 ante
299 978 505 1059 baptismum
530 999 590 1060 per
610 979 832 1060 ignorantiam
852 979 1071 1060 deliquerunt,
1090 987 1147 1043 aut

50 1077 167 1140 saltem
192 1098 259 1141 non
284 1099 359 1142 cum
385 1083 481 1144 tanta
505 1081 652 1157 malitia3
688 1082 895 1162 posteriores,
916 1082 972 1162 qui
998 1081 1101 1143 semel
1125 1102 1146 1144 a

49 1182 176 1261 peccati
193 1191 226 1244 et
241 1183 405 1245 daemonis
417 1183 577 1247 servitute
593 1183 731 1258 liberati,
743 1185 885 1265 gratiam
898 1193 931 1246 et
943 1185 1032 1246 dona
1045 1183 1147 1265 Spiri-

49 1291 103 1344 tus
123 1294 331 1364 acceperunt,
347 1285 487 1348 scienter
502 1285 666 1368 templum
685 1287 748 1348 Dei
765 1286 973 1348 violaverunt
994 1295 1028 1348 et
1045 1285 1147 1367 Spiri-

49 1395 121 1449 tum
140 1386 173 1451 S.
186 1388 473 1463 contristaverunt,
483 1409 543 1451 nec
560 1390 699 1471 proinde
711 1391 828 1452 eadem
846 1389 1004 1452 facilitate
1016 1389 1146 1452 veniam

50 1489 199 1569 accipere
215 1499 391 1566 merentur,
408 1500 444 1553 ut
460 1493 569 1573 arguit
591 1491 621 1554 T
619 1491 732 1555 rident.
749 1493 767 1554 l.
784 1513 809 1555 c.

89 1633 138 1701 79.
186 1626 283 1684 Tnesr's
307 1638 342 1682 ν
357 1651 368 1685 .·
401 1624 634 1704 Poenitentes,
664 1627 724 1705 qui
751 1634 876 1692 votum
904 1625 1148 1693 satisfaciendi

49 1719 193 1800 habent,
204 1722 342 1786 absolvi
357 1727 512 1800 possunt
525 1727 721 1800 antequam
732 1724 1033 1788 sacramentalem
1044 1723 1148 1788 satis·

49 1818 243 1884 factionem
271 1819 505 1898 impleverint.
552 1821 689 1885 Certum
716 1832 767 1884 est
793 1834 910 1886 contra
933 1823 1149 1905 Jansenistas.

50 1921 109 2004 (A)
124 1923 181 1986 Ex
192 1924 295 2004 praxi
308 1924 456 1987 Ecclesr'oe
469 1946 481 1983 .·
506 1923 648 1988 Constat
664 1924 752 1989 enim
770 1925 842 2006 jam
863 1926 1031 2006 primaevis
1046 1945 1148 1988 saecu·

50 2026 98 2100 lis,
111 2025 142 2087 in
161 2027 274 2089 multis
290 2026 408 2089 saltem
424 2027 556 2090 casibus
568 2027 813 2091 absolutionem
827 2028 941 2090 datam
958 2027 1059 2090 fuisse
1071 2036 1149 2092 ante

48 2127 311 2192 satisfactionem
337 2129 522 2210 impletam3
560 2131 608 2211 (a)
633 2130 666 2192 in
692 2130 839 2212 periculo
864 2131 1000 2208 mortis;
1036 2129 1149 2195 scribit

49 2233 139 2292 enim
156 2232 361 2294 Innocentius
376 2234 403 2308 I,
420 2234 462 2296 ad
480 2233 681 2295 Decentium
698 2233 738 2314 (c.
755 2233 790 2313 7)
807 2254 815 2297 :
841 2239 858 2266 “
869 2233 905 2298 Si
922 2235 995 2316 quis
1016 2233 1149 2314 aegritu·

48 2335 162 2396 dinem
181 2335 350 2398 incurrerit
363 2345 464 2416 atque
478 2355 581 2416 usque
595 2337 637 2398 ad
650 2337 917 2416 desperationem
930 2336 1109 2413 devenerit,
1119 2336 1149 2399 ei

49 2448 99 2499 est
116 2447 195 2499 ante
210 2447 342 2518 tempus
360 2439 496 2500 Paschae
513 2438 745 2514 relaxandum,
761 2459 803 2500 ne
821 2437 864 2500 de
879 2437 1002 2501 saeculo
1024 2437 1150 2519 absque

49 2540 286 2602 communione
319 2540 470 2603 discedat
480 2541 517 2617 ”3
564 2540 615 2622 (b)
649 2551 782 2621 urgente
809 2541 1028 2622 persecutione
1037 2565 1051 2616 ,·
1104 2544 1150 2607 ita

50 2641 85 2703 S.
100 2641 302 2722 Cyprianus¹
317 2643 429 2705 scribit
443 2664 451 2706 ε
478 2649 493 2676 “
505 2645 628 2707 Merito
640 2644 835 2707 trahebatur
846 2645 1031 2708 dolentium
1044 2649 1149 2728 poeni-

49 2745 155 2806 tentia
171 2755 321 2825 tempore
337 2745 493 2826 longiore,
510 2756 546 2809 ut
563 2745 700 2809 infirmis
715 2747 747 2808 in
765 2747 860 2809 exitu
876 2746 1149 2812 subveniretur....

51 2848 99 2910 At
115 2869 193 2910 vero
210 2868 296 2910 nunc
312 2868 377 2911 non
395 2848 543 2924 infirmis,
558 2851 616 2912 sed
639 2849 778 2911 fortibus
800 2869 867 2930 pax
892 2849 1075 2916 necessaria
1091 2861 1149 2928 est,

48 2971 110 3012 nec
135 2951 353 3013 morientibus
377 2953 435 3014 sed
456 2952 644 3014 viventibus
664 2953 857 3014 communio
877 2973 897 3014 a
922 2953 1018 3015 nobis
1037 2955 1150 3018 danda

48 3062 109 3126 est,
120 3060 156 3114 ut
168 3073 251 3134 quos
263 3053 450 3116 excitamus
462 3061 495 3114 et
511 3051 684 3114 hortamur
695 3052 738 3113 ad
751 3051 914 3132 proelium,
926 3073 992 3114 non
1009 3053 1151 3116 inermes

48 3165 82 3216 et
98 3156 205 3216 nudos
223 3154 455 3235 relinquamus,
471 3154 529 3215 sed
546 3149 753 3234 protettione
768 3155 914 3234 corporis
930 3164 963 3217 et
979 3155 1150 3236 sanguinis

49 3257 172 3320 Christi
194 3258 382 3320 muniamus
393 3257 430 3333 '';
456 3257 504 3338 (c)
525 3256 660 3337 quando
679 3257 863 3337 periculum
883 3268 954 3320 erat
974 3278 1027 3334 ne,
1047 3259 1151 3322 dilata

48 3360 268 3434 absolutione,
303 3360 504 3441 poenitentes
541 3359 582 3420 ad
619 3358 792 3421 haereticos
829 3361 1028 3437 transirent;
1074 3360 1151 3424 hinc

50 3463 87 3526 S.
112 3461 294 3544 Cyprianus
318 3464 407 3525 ait2:
444 3462 622 3544 “Quorum
648 3462 675 3522 si
701 3463 935 3543 poenitentiam
958 3481 1152 3542 respuamus

48 3566 243 3627 habentium
261 3565 406 3644 aliquam
424 3563 581 3626 fiduciam
598 3563 779 3626 tolerabilis
799 3564 1021 3638 conscientiae,
1037 3564 1151 3628 statim

47 3685 125 3728 cum
148 3685 262 3740 uxore,
277 3685 352 3729 cum
376 3666 538 3728 liberis..
557 3665 589 3726 in
607 3666 758 3727 haeresim
776 3665 827 3727 vel
849 3665 1002 3740 schisma,
1017 3664 1152 3728 diabolo

48 3770 221 3843 invitante,
237 3768 417 3848 rapiuntur.
465 3766 679 3850 Quapropter
694 3787 794 3849 opem
812 3776 970 3842 nostram,
987 3766 1151 3829 medelam

48 3882 198 3934 nostram
229 3871 411 3933 vulneratis
441 3869 601 3931 exhibere
631 3871 829 3934 debemus'¹.
884 3869 1087 3950 Insuperf‘in
1116 3869 1152 3934 C.
1198 3897 1201 3902 ·

47 3976 225 4053 ancyrano
240 3973 324 4052 (can.
338 3971 370 4052 5)
386 3981 549 4034 statutum
566 3982 617 4034 est
632 3976 699 4035 “ut
717 3971 884 4053 Episcopi,
900 3972 1002 4034 modo
1018 3991 1152 4034 conver-

47 4077 152 4139 sionis
172 4075 379 4148 examinato,
395 4083 597 4156 potestatem
617 4074 764 4136 habeant
783 4073 835 4136 vel
852 4073 966 4136 utendi
979 4073 1153 4151 clementini,

82 4279 92 4310 1
108 4271 162 4338 Ep.
178 4268 215 4321 ad
229 4269 398 4330 Cornelium,
415 4285 442 4322 n.
463 4282 486 4321 a.
502 4297 534 4305 —
545 4265 555 4296 ²
566 4269 618 4336 Ep.
634 4268 671 4320 ad
684 4269 885 4336 Antonianum,
899 4284 927 4323 n.
947 4281 985 4336 15.
