2780 4646
247 159 289 210 76
666 205 668 208 .
705 160 845 214 CAPUT
862 161 886 210 1.

240 337 362 416 'gratiae
378 335 527 414 efficacis,
544 355 611 400 non
633 359 705 401 esse
729 339 875 414 liberam,
892 341 950 404 sed
974 340 1117 403 similem
1135 360 1208 402 esse
1226 349 1340 402 trunco

247 438 296 500 rel
321 448 440 502 statuae
456 439 526 503 vita
541 443 675 516 carenti,
691 451 766 522 quae
789 442 833 504 ab
855 441 1045 506 extrinseco
1069 453 1230 516 movetur,
1246 442 1286 502 ita
1302 451 1340 500 ut

245 541 352 621 gratia
375 541 495 604 efficax
517 543 560 606 sit
582 563 659 606 vere
681 545 891 608 necessitans.
944 543 1044 626 Quod
1062 545 1256 609 naturaliter
1270 542 1341 604 fluit

244 662 289 706 ex
313 644 408 706 totali
432 646 643 728 corruptione
666 645 821 710 humanae
846 658 973 710 naturae
997 667 1097 727 quam
1122 654 1337 728 propugnant

246 745 347 809 Unde
363 747 528 810 Lutlrerus
550 749 597 811 ait
613 748 755 830 (Assert.
773 759 832 814 art.
851 746 908 834 36)
926 771 933 812 :
967 755 983 782 ‘⁴
995 749 1153 813 Liberum
1171 749 1338 812 arbitrium

244 858 294 911 est
318 849 514 931 figmentum
539 852 570 913 in
596 852 702 928 rebus,
718 863 751 915 et
773 853 889 914 titulus
902 851 972 914 sine
987 872 1030 926 re,
1046 852 1124 934 quia
1141 851 1223 914 nulli
1239 861 1286 912 cst
1304 850 1336 910 in

241 970 343 1014 manu
357 953 528 1034 quidpiam
546 954 693 1035 cogitare
709 953 788 1016 boni
802 954 853 1017 vel
871 953 968 1028 mali;
992 955 1050 1015 sed
1061 953 1211 1016 omnia...
1228 955 1269 1016 de
1283 972 1337 1012 ne-

242 1055 396 1117 cessitate
419 1055 573 1119 absoluta
596 1057 754 1120 eveniunt
767 1058 790 1120 ”.
839 1055 999 1132 Nonnulli
1024 1065 1137 1118 tamen
1157 1055 1335 1118 Lutherani

242 1153 341 1218 hodie
353 1157 415 1219 hoc
426 1167 540 1239 aperte
552 1158 713 1239 rejiciunt.
748 1158 940 1223 Calvinistae
954 1167 1066 1221 autem
1077 1159 1179 1220 etiam
1191 1156 1336 1220 hodierni

242 1267 356 1321 tenent
371 1262 512 1341 gratiam
537 1282 669 1342 prorsus
686 1262 934 1344 insuperabilem
950 1281 1033 1336 esse,
1051 1281 1111 1324 nec
1128 1260 1266 1343 proinde
1280 1259 1336 1320 ho-

242 1362 365 1424 minem
383 1363 522 1426 liberum
539 1385 612 1428 esse
628 1365 671 1428 ab
687 1367 816 1428 interna
830 1365 1037 1439 necessitate,
1048 1363 1111 1426 sub
1121 1362 1250 1425 influxu
1266 1381 1335 1442 gra-

241 1465 305 1539 tiae,
318 1465 394 1528 licet
411 1466 494 1528 liber
508 1469 551 1530 sit
567 1467 770 1532 acoadtione
785 1482 804 1532 ¹.
844 1469 1008 1532 Praeterea
1018 1475 1143 1548 negant
1156 1465 1257 1528 ullam
1267 1482 1335 1526 esse

240 1568 381 1646 gratiam
403 1589 482 1654 uere
508 1581 542 1633 et
561 1592 651 1633 onere
674 1571 916 1634 sufficientem:
951 1581 1054 1651 quum
1076 1569 1166 1631 enim
1186 1552 1333 1629 voluntas
1379 1571 1380 1590 ¹

241 1680 352 1732 nostra
367 1672 411 1733 sit
427 1672 529 1735 veluti
547 1694 597 1736 res
615 1674 779 1750 inanimis,
794 1675 903 1737 'omnis
919 1671 1035 1753 gra-tia,
1051 1691 1127 1752 quae
1144 1664 1211 1732 non
1231 1677 1278 1731 est
1293 1666 1333 1727 ab

241 1772 419 1836 intrinseco
445 1774 574 1852 efficax,
602 1777 803 1840 insufficiens
836 1786 870 1838 et
905 1776 1072 1856 impotens
1103 1783 1154 1836 est
1186 1773 1229 1835 ad
1262 1789 1331 1833 eam

241 1878 451 1940 movendam.
501 1879 701 1962 sansrm'stoe
727 1882 815 1944 idem
850 1876 1113 1960 substantialiter
1139 1877 1332 1943 docuerunt;

240 1978 485 2062 distinguentes
500 1982 655 2046 videlicet
678 1984 846 2064 duplicem
869 1980 1135 2054 delediationem,
1152 1979 1250 2042 aliam
1273 1989 1332 2039 ter-

240 2103 352 2146 renam
373 2105 453 2166 quae
480 2086 561 2150 nihil
592 2087 683 2149 aliud
710 2096 761 2149 est
789 2086 851 2148 nisi
878 2083 1155 2167 concupiscentia,
1180 2093 1214 2145 et
1238 2080 1330 2143 aliam

238 2186 417 2262 coelestem,
441 2208 516 2268 quae
540 2209 585 2251 cx
608 2191 716 2272 gratia
739 2190 851 2263 oritur,
875 2199 1052 2252 tenuerunt
1071 2186 1243 2248 'hominem
1265 2183 1329 2262 lap-

238 2303 311 2346 sum
342 2283 563 2349 deledlatione
592 2273 716 2351 victrici
751 2289 936 2350 necessario
973 2285 1106 2358 moveri,
1129 2305 1168 2346 ac
1200 2279 1330 2364 proinde

239 2389 388 2466 gratiam,
405 2408 480 2468 quae
501 2387 665 2451 sufficiens
689 2400 834 2464 vocatur,
851 2409 922 2451 esse
947 2408 1059 2450 revera
1086 2385 1328 2469 insufficientem,

239 2487 304 2549 imo
319 2499 353 2551 et
369 2489 523 2565 nocivam,
539 2510 642 2571 quum
659 2493 701 2554 sit
720 2492 851 2554 occasio
867 2490 1036 2573 peccandi.
1081 2489 1221 2570 Duplex
1238 2487 1329 2569 igitur

238 2592 299 2653 erit
315 2593 497 2672 propositio
513 2603 627 2655 contra
645 2594 736 2656 illum
753 2594 920 2675 duplicem
937 2612 1088 2654 errorem.

276 2756 326 2820 94
374 2741 404 2798 T
398 2745 472 2802 lusis
485 2746 519 2802 Ia
529 2770 539 2804 .·
569 2743 696 2808 Gratia
709 2743 838 2808 efficax
854 2762 925 2808 non
947 2750 1004 2808 est
1017 2743 1253 2820 necessitans,
1267 2735 1326 2804 sed

237 2840 344 2903 homo
369 2845 532 2904 remanet
558 2840 646 2904 liber
668 2859 690 2904 a
715 2841 936 2905 necessitate
962 2840 1072 2904 etiam
1100 2841 1170 2904 sub
1194 2839 1324 2903 influxu

236 2937 363 3015 gratiae
391 2937 556 3002 efficacis
610 2940 663 3002 Dr
684 2939 756 3020 fide
786 2949 834 3002 est
865 2961 901 3001 rx
935 2940 964 3002 Τ
962 2939 1076 3002 rident.
1099 2962 1111 3001 :
1156 2939 1223 3002 “Si
1259 2935 1324 3017 quis

236 3039 358 3102 dixerit
376 3041 514 3103 liberum
531 3040 676 3104 hominis
693 3043 866 3105 arbitrium
885 3063 903 3104 a
918 3043 992 3104 Deo
1011 3052 1138 3105 motum
1155 3051 1190 3104 et
1207 3041 1323 3104 excita·

236 3154 306 3206 tum
321 3143 399 3206 nihil
412 3147 580 3224 cooperari
595 3146 808 3208 assentiendo
815 3146 889 3207 Deo
902 3145 1063 3207 excitanti
1077 3154 1179 3225 atque
1190 3139 1322 3212 vocanti,

235 3267 302 3328 quo
323 3246 364 3308 ad
390 3246 606 3308 obtinendam
628 3246 876 3327 justificationis
900 3249 1042 3328 gratiam
1066 3267 1101 3308 se
1120 3247 1277 3326 disponat
1290 3259 1321 3303 ac

235 3359 407 3431 praeparet,
420 3368 526 3430 neque
543 3369 641 3429 posse
657 3349 842 3424 dissentire,
853 3351 879 3410 si
893 3350 981 3423 velit,
992 3350 1050 3411 sed
1067 3349 1168 3410 veluti
1186 3349 1320 3410 inanime

234 3452 401 3532 quoddam
427 3449 505 3511 nihil
531 3451 667 3512 omnino
700 3471 806 3532 agere,
832 3471 1047 3532 merequcv-se
1071 3452 1202 3531 passive
1220 3465 1320 3530 agere.

234 3555 274 3616 A.
294 3555 343 3617 S.’'
389 3553 490 3634 (sess.
508 3553 568 3628 Vl,
585 3575 654 3616 can.
671 3554 714 3633 4.)

276 3667 324 3733 95.
376 3669 408 3718 10
428 3655 595 3718 Probatur
612 3653 677 3740 (A)
696 3657 814 3738 Script.
832 3658 881 3738 (a)
900 3657 952 3719 De
968 3659 1078 3738 seipso
1093 3657 1175 3720 dicit
1192 3657 1224 3722 S.
1248 3657 1319 3718 Pau-

234 3760 304 3822 lus:
328 3759 471 3822 “Gratia
488 3769 598 3821 autem
614 3760 677 3821 Dei
695 3781 767 3822 sum
785 3761 817 3822 id
834 3761 924 3841 quod
942 3781 1024 3834 sum,
1037 3769 1070 3822 et
1086 3761 1194 3841 gratia
1210 3760 1277 3840 ejus
1291 3759 1317 3818 in

234 3882 286 3923 me
303 3882 405 3922 vacua
423 3881 487 3923 non
506 3862 575 3932 luit,
591 3864 648 3924 sed
670 3861 894 3926 abundantius
919 3864 981 3948 illis
1005 3863 1160 3926 omnibus
1175 3859 1317 3928 laborm.

231 4056 322 4117 bitrio,
338 4056 356 4108 l.
371 4057 420 4120 Vl,
431 4072 454 4108 c.
468 4072 485 4123 9
498 4073 550 4125 sq.;
572 4057 702 4118 Perrone,
716 4057 751 4110 de
764 4057 869 4124 Gratilr,
883 4075 910 4111 n.
925 4074 976 4128 259
990 4075 1046 4126 sq.;
1067 4060 1200 4128 Murray,
1213 4059 1247 4112 de
1258 4059 1316 4112 Gra·

231 4144 279 4204 tia,
294 4143 364 4226 disp.
380 4143 448 4204 Vll,
465 4159 491 4194 n.
512 4143 583 4209 1=98;
603 4143 752 4209 Mursella,
768 4161 794 4196 n.
813 4159 825 4210 5
832 4157 874 4211 53;
895 4145 1041 4209 Poluu'eri,
1055 4146 1094 4197 th.
1111 4145 1202 4214 39·48.

266 4229 392 4296 'Horlgn
410 4229 579 4296 systematic
592 4231 688 4297 theol,
706 4231 760 4284 vol.
779 4231 818 4296 ll,
832 4233 890 4294 687.
