2770 4646
251 678 322 748 DE
344 672 901 790 SACRAMENTALIBUS1.

65 1279 113 1332 114
153 1266 253 1323 nario.
269 1265 499 1324 sacramentalia
511 1275 579 1322 sunt
591 1262 675 1335 signa
688 1262 818 1334 quedam
837 1258 980 1317 sensibilia
999 1264 1027 1314 et
1043 1275 1124 1313 sacra

33 1353 63 1406 ab
74 1353 199 1411 Ecclesr'd
212 1354 347 1410 instituta
359 1355 405 1411 uel
415 1357 565 1426 recognita,
580 1352 623 1408 ad
635 1350 772 1423 quosdam
789 1349 901 1422 cffillus
918 1345 1082 1417 spirituales
1100 1350 1128 1400 et

35 1441 192 1510 scrisperales
198 1440 393 1512 producendos
405 1440 557 1498 destinata.
596 1439 750 1497 Vocantur
763 1433 986 1494 sacramentalia
1002 1451 1037 1491 ex
1055 1431 1125 1504 qua·

34 1524 93 1581 darn
107 1545 179 1584 cum
191 1527 382 1584 sacramentis
395 1528 533 1599 analogia
538 1547 545 1598 ;
558 1527 696 1586 differunt
707 1538 807 1584 tamen
820 1523 858 1583 ab
872 1523 951 1596 ipsis,
963 1525 1002 1594 (a)
1013 1521 1125 1578 ratione

34 1610 226 1684 institutionis,
248 1632 341 1686 quum
360 1615 399 1672 ab
419 1613 562 1681 Ecclesia,
582 1633 641 1672 non
661 1633 678 1671 a
698 1613 825 1684 Christ0,
848 1611 980 1669 instituta
1000 1609 1125 1679 suerint;

35 1701 69 1768 (b)
80 1703 192 1759 ratione
204 1700 373 1772 effectuum,
390 1719 482 1773 quum
498 1702 622 1774 gratiam
635 1719 695 1759 non
709 1701 875 1774 producant
894 1716 929 1756 ex
947 1715 1037 1770 opere
1055 1713 1125 1768 ope·

35 1797 98 1856 rato,
107 1787 161 1846 sed
172 1806 207 1846 ex
217 1805 308 1861 opere
321 1790 478 1860 operantis.
516 1787 565 1848 Ab
578 1789 706 1860 antiquis
719 1787 865 1858 theologis
878 1796 1020 1843 vocantur
1032 1801 1125 1840 sacra·

36 1887 125 1933 menta
137 1877 262 1946 minora,
275 1887 325 1934 aut
338 1887 522 1935 sacramenta
536 1876 632 1933 minus
645 1875 836 1948 principalia:
856 1873 976 1944 “Origo
996 1871 1124 1928 nominis

36 1977 110 2020 exeo
123 1975 167 2021 est
181 1963 274 2036 quod,
288 1963 478 2021 sacramentis
491 1963 597 2022 virtute
615 1981 650 2020 ac
670 1961 780 2020 meritis
799 1960 887 2032 longe
906 1959 1041 2017 inferiora
1055 1975 1123 2016 cum
1196 1987 1199 1998 ·

35 2047 93 2117 sint,
107 2067 141 2107 ea
154 2061 255 2108 tamen
269 2050 423 2109 effectibus
436 2051 662 2122 quodammodo
675 2050 827 2108 imitentur
835 2049 850 2072 ''
858 2051 876 2103 ².

66 2151 115 2204 115
156 2135 213 2194 Sex
225 2137 324 2208 spea'es
336 2146 536 2203 numerantur,
551 2137 609 2196 hoc
622 2155 707 2196 versu
720 2135 943 2207 comprehensae
957 2154 963 2190 :

68 2221 173 2290 Orans,
192 2223 319 2294 lindius,
335 2223 442 2296 Edem,
463 2225 619 2298 Confessus,
632 2225 730 2290 Dans,
746 2223 925 2280 Benedr'cens.

67 2309 163 2366 Orans
173 2333 184 2366 .·
196 2311 291 2370 oratio
303 2311 464 2379 dominica,
479 2314 524 2372 vel
537 2313 634 2371 omnis
647 2311 742 2370 oratio
754 2311 793 2368 ab
808 2309 942 2367 Ecclesia
955 2309 1124 2382 praescripta

36 2399 119 2454 autin
133 2397 270 2456 Ecclesia
281 2401 453 2457 consecrata
466 2401 592 2458 recitata.

69 2483 186 2542 Tinllus
196 2507 207 2540 .·
218 2486 383 2558 assumptio
396 2486 441 2544 vel
454 2488 585 2559 aspersio
598 2505 683 2559 aquae
696 2484 870 2544 benedidlaa
952 2551 954 2556 ,

66 2572 159 2629 Edens
168 2595 179 2631 :
191 2592 293 2646 panes,
306 2574 352 2633 vel
366 2573 478 2632 smnus
492 2573 651 2633 benedicti.

70 2657 236 2732 Confessus:
249 2661 396 2721 confessio
408 2661 553 2734 generalis
566 2679 633 2733 quae
646 2661 678 2718 fit
692 2661 776 2718 initio
790 2661 900 2728 Missae,
908 2659 953 2717 vel
963 2670 1032 2718 ante
1045 2676 1125 2716 com-

38 2749 202 2806 munionem
216 2761 266 2808 aut
280 2750 309 2806 in
323 2749 403 2808 horis
415 2750 574 2808 canonicis.

68 2835 172 2893 Dans:
191 2835 381 2910 eleemosyna
399 2837 557 2910 spiritualis
576 2838 621 2896 rel
640 2836 809 2910 corporalis,
831 2854 866 2894 ea
885 2835 988 2894 saltem
1007 2853 1075 2907 quae
1094 2835 1125 2893 lit

39 2923 149 2981 nomine
164 2923 313 2982 Ecclesiae.

69 3009 234 3067 Benedicens
243 3033 254 3067 .·
271 3029 376 3070 omnes
389 3011 614 3070 benedicliones
627 3010 665 3070 ab
680 3010 814 3068 Ecclesia
827 3010 977 3088 institutae,
991 3021 1022 3068 ut
1036 3009 1124 3069 bene·

39 3093 120 3154 didio
132 3097 172 3154 ab
186 3098 339 3172 Episcopo
351 3099 429 3169 data,
445 3109 495 3156 aut
508 3117 525 3156 a
538 3099 692 3157 sacerdote
706 3099 735 3154 in
749 3098 809 3154 fine
823 3097 933 3164 Missae,
947 3099 1041 3170 prima
1060 3109 1124 3157 ton-

39 3198 104 3253 sura,
127 3195 184 3243 etc.
227 3187 304 3244 ltem
324 3203 430 3245 omnes
451 3186 623 3244 substantiae
645 3185 799 3244 sensibiles
821 3183 960 3256 precibus
983 3185 1125 3246 Ecclesiae

39 3283 215 3342 consecratae,
233 3282 265 3332 ut
277 3275 395 3339 rosaria,
410 3275 479 3346 agni
493 3274 577 3342 cerei,
591 3283 661 3340 etc.;
681 3274 801 3332 tandem
816 3273 976 3331 exorcismi.

71 3363 118 3413 11⁶.
158 3359 295 3432 Efficias.
328 3363 377 3431 (Α)
390 3361 618 3418 Sacramentalia
634 3361 790 3418 conferunt
803 3360 909 3432 gratias
922 3360 1052 3419 adluales
1066 3379 1125 3419 non

40 3445 150 3512 quidem
162 3464 198 3505 ex
210 3465 301 3520 opere
313 3457 444 3520 operato,
460 3447 512 3506 sed
533 3448 639 3520 partim
653 3465 688 3505 ex
701 3447 839 3520 precibus
854 3447 996 3504 Ecclesiae
1014 3458 1043 3505 et
1062 3465 1125 3519 par-

68 3600 75 3630 ¹
86 3601 175 3668 Quum
188 3603 263 3656 hanc
275 3602 459 3671 quaestionem
479 3601 591 3654 nonnisi
605 3601 725 3656 breviter
737 3601 876 3670 attingere
889 3603 1042 3668 valeamus,
1055 3601 1126 3656 adiri

40 3695 145 3746 possunt
165 3683 296 3741 austures
314 3685 360 3756 qui
384 3687 477 3740 fusiori
500 3690 573 3758 stylo
591 3689 627 3742 de
646 3689 680 3742 ea
698 3688 886 3758 disputarunt,
907 3708 930 3743 v.
951 3706 978 3756 g.
1001 3687 1127 3754 Scavr'm',

41 3769 184 3842 Theologia
202 3774 325 3843 moralis,
345 3787 377 3830 tr.
399 3777 450 3843 tx,
469 3776 540 3845 disp.
565 3778 588 3840 l,
611 3777 773 3840 Scholium;
798 3777 907 3843 Mz'gne,
926 3775 1023 3828 Theol.
1044 3777 1124 3829 Curs.

41 3857 86 3908 vol.
98 3859 218 3928 XXVll,
230 3879 256 3931 p.
265 3876 316 3931 425
331 3879 383 3932 sq.;
396 3863 505 3917 Probst.
518 3864 702 3918 Sacramenta
715 3863 772 3916 und
787 3861 1036 3928 Sacramentalien,
1049 3862 1126 3926 1872;

41 3941 133 4013 Barry,
152 3949 212 4003 The
232 3950 460 4015 Sacramentals;
480 3951 572 4018 Pescla,
598 3949 722 4005 Praeleft.
748 3950 924 4018 dogmatica,
940 3961 962 4004 t.
977 3951 1028 4014 Vl,
1051 3949 1124 4016 1896,

41 4043 65 4079 τι.
79 4031 126 4098 328
138 4049 189 4104 sq.;
208 4036 247 4089 Α.
262 4035 408 4105 Lambrbg,
422 4037 630 4092 Sacramentals
649 4038 681 4090 oi
696 4038 743 4090 the
765 4037 841 4104 Holy
860 4035 988 4091 Catholic
1002 4037 1124 4100 Church,

45 4113 106 4167 Neu
118 4119 199 4187 York,
216 4123 287 4188 1892.

74 4199 167 4260 ²Conc.
180 4207 258 4261 Plan.
274 4209 350 4263 aare.
365 4209 404 4276 II,
418 4227 445 4266 n.
463 4223 510 4278 341
551 4245 556 4252 ·
