2770 4652
239 174 295 224 DE
312 175 606 227 POENITENTIAE
625 180 924 232 SACRAMENTO.
1059 184 1126 236 ⁴95

825 300 1126 310 ᾓ---ψ-ι

32 355 271 431 peccatum,sed
282 358 383 419 etiam
396 366 513 420 contra
526 356 669 422 adtualia
683 370 820 440 peccata
834 361 1125 442 postBaptismum

31 456 203 518 commissa
210 479 217 533 ;
241 456 343 520 homo
358 460 457 533 enim,
474 461 574 523 etiam
592 471 814 542 regeneratus,
832 462 945 526 multis
969 465 1124 528 tentatio·

31 555 120 618 nibus
145 559 311 622 obnoxius
336 570 485 624 remanet
508 572 542 625 et
565 562 660 625 facile
685 564 821 641 labitur,
844 567 937 646 atqui
961 567 1123 647 optimum

30 677 101 720 sane
126 661 308 723 remedium
333 673 383 726 est
407 673 661 740 sacramentum,
688 667 719 727 vi
744 665 838 747 cujus
861 668 904 730 de
926 668 1124 731 condonatis

29 764 167 840 peccatis
184 765 338 827 certiores
355 753 427 828 esse
443 769 617 848 possimus
635 789 694 850 per
715 772 916 833 sententiam
930 770 1122 852 judicialem

28 883 44 922 a
64 865 217 928 ministro
234 867 298 930 Dei
323 868 436 943 latam,
453 880 487 933 et
510 871 557 932 sic
580 873 765 952 pacatiores
789 873 882 936 reddi
902 898 908 935 :
932 875 958 936 si
976 875 1064 937 enirn
1081 876 1123 938 de

28 969 154 1048 propria
170 974 230 1031 sua
247 973 446 1051 poenitentia
463 974 583 1054 cuique
597 973 816 1055 judicandum
832 987 928 1052 esset,
945 978 997 1040 via
1013 978 1122 1040 dubiis

27 1079 55 1131 et
69 1072 299 1134 anxietatibus
317 1073 385 1137 lata
399 1085 545 1156 pateret;
568 1078 600 1138 vi
618 1077 711 1156 cujus
728 1079 828 1140 etiam
847 1079 969 1143 Christi
987 1081 1122 1160 sanguis

27 1173 62 1233 ad
79 1193 140 1235 nos
157 1173 307 1238 defluens
324 1178 466 1240 mundat
483 1198 544 1240 nos
561 1180 604 1241 ab
621 1180 851 1261 iniquitatibus
864 1184 993 1258 nostris,
1006 1192 1039 1245 et
1055 1184 1121 1245 ala-

26 1277 140 1340 criores
157 1279 265 1342 reddit
282 1283 323 1343 ad
338 1282 519 1362 pleniorem
537 1279 798 1346 satissat‘tionem
813 1306 872 1366 pro
885 1287 1029 1366 peccatis
1042 1285 1120 1348 ofse-

26 1383 167 1456 rendam,
192 1402 320 1445 necnon
345 1386 386 1446 ad
413 1385 523 1446 media
546 1385 736 1449 adhibenda
758 1388 879 1468 quibus
912 1389 944 1450 in
974 1388 1119 1452 futurum

26 1502 104 1546 nova
120 1484 244 1550 delitta
268 1490 446 1570 praecaveri
464 1488 596 1550 valeant
606 1511 612 1565 ;
636 1511 715 1572 ergo
731 1492 933 1553 conveniens
950 1492 1011 1555 luit
1029 1492 1119 1556 insti·

25 1588 103 1650 tutio
119 1589 218 1670 hujus
236 1593 443 1654 sacramenti.

59 1745 105 1812 27.
155 1739 354 1798 YaesisJVa:
384 1739 661 1804 Sacramentum
682 1739 917 1819 Poenitentiae,
934 1741 1053 1818 posita
1074 1742 1120 1804 in-

25 1831 209 1898 stitutione
231 1833 375 1914 Christi,
391 1838 638 1902 necessarium
661 1842 717 1901 est
737 1837 772 1899 in
788 1855 825 1901 re
841 1837 896 1900 vel
913 1837 947 1899 in
962 1843 1056 1916 voto,
1073 1839 1119 1902 ad

25 1927 197 1994 abluenda
211 1937 362 2009 peccata
375 1935 541 1998 mortalia
553 1940 636 2012 post
651 1935 878 2012 Baptismum
893 1936 1087 1999 commissa
1098 1953 1117 2000 ¹.

26 2026 146 2109 Deflde
161 2039 208 2093 est
223 2051 263 2092 ex
282 2031 312 2092 T
310 2030 424 2092 rideat.
436 2031 528 2110 (sess.
546 2030 643 2106 XIV,
654 2050 724 2111 cap.
738 2024 774 2113 2)
791 2053 797 2092 :
822 2031 911 2092 “Est
928 2041 1039 2092 autem
1056 2031 1119 2093 hoc

27 2142 263 2196 sacramentum
283 2133 493 2196 Paenitentiae
521 2133 621 2215 lapsis
645 2143 722 2214 post
739 2133 950 2215 Baptismum
974 2132 1016 2194 ad
1033 2133 1118 2195 salu-

26 2241 85 2294 tern
103 2237 334 2310 necessarium,
358 2246 394 2299 ut
410 2236 558 2298 nondum
577 2235 779 2317 regeneratis
803 2235 873 2317 ipse
890 2235 1081 2316 Baptismus
1094 2236 1117 2299 ''.

29 2334 140 2400 Postea
156 2338 257 2402 docet
273 2339 358 2420 (cap.
375 2341 410 2418 4)
426 2340 558 2420 “ipsam
576 2338 793 2401 nihilominus
816 2338 1117 2400 reconciliationem

27 2436 80 2516 ipsi
95 2442 296 2518 contritioni,
318 2442 389 2504 sine
402 2443 600 2504 sacramenti
619 2452 689 2503 voto
704 2442 794 2522 quod
820 2441 852 2502 in
877 2441 933 2503 illa
949 2441 1118 2505 concludi-

27 2549 80 2616 tur,
95 2564 161 2606 non
179 2564 252 2606 esse
268 2543 499 2606 ascribendam
510 2543 535 2605 ''.
610 2547 613 2554 '

67 2659 96 2707 10
116 2646 342 2710 Declaratur:
380 2648 452 2710 dixi
473 2647 523 2727 (a)
538 2646 647 2727 posr'td
672 2645 875 2709 institutione
894 2645 1024 2722 Clrrzhtt',
1041 2669 1117 2712 nam

28 2746 230 2813 Poenitentiae
256 2761 502 2814 sacramentum
531 2771 596 2812 non
630 2761 689 2825 est,
714 2752 800 2813 sicut
826 2753 942 2831 gratia,
967 2752 1119 2816 absolute

26 2860 54 2910 et
68 2853 261 2934 simpliciter
284 2855 516 2928 necessarium,
539 2875 642 2935 quum
660 2854 785 2936 absque
809 2874 848 2915 eo
871 2855 960 2917 salus
976 2854 1117 2918 obtineri

27 2958 132 3030 possit,
147 2957 205 3018 sed
222 2956 331 3019 solum
351 2978 395 3018 ex
413 2958 555 3037 positiva
572 2957 694 3020 Christi
713 2957 943 3018 institutione:
968 2955 1018 3038 (b)
1034 2957 1069 3019 ia
1086 2980 1119 3020 re

26 3057 71 3116 ael
92 3061 126 3120 ia
147 3069 236 3128 vata·
271 3059 396 3141 aliquid
425 3071 475 3122 est
497 3061 718 3123 necessarium
748 3062 782 3121 ia
806 3081 847 3134 re,
864 3060 999 3139 quando
1022 3061 1117 3123 realis

26 3157 87 3237 ejus
111 3163 279 3244 susceptio
302 3162 497 3243 requiritur;
533 3165 566 3224 ia
592 3173 671 3237 voto,
694 3162 830 3242 quando
852 3160 973 3225 sufficit
998 3183 1118 3245 propo-

26 3263 117 3326 situm
141 3265 221 3329 illud
246 3276 396 3347 tempore
420 3277 610 3348 opportuno
633 3265 830 3346 recipiendi;
857 3265 976 3327 iterum
1003 3275 1117 3328 votum

25 3369 214 3431 sacramenti
243 3378 293 3430 est
316 3369 508 3448 explicitam,
531 3368 667 3450 quando
699 3368 773 3448 quis
804 3366 985 3430 formaliter
1012 3377 1045 3429 et
1070 3370 1117 3430 di-

25 3469 137 3533 sdnble
162 3470 243 3534 illud
269 3472 340 3533 vult
368 3473 521 3553 recipere,
550 3472 752 3552 implicitum,
778 3472 914 3552 quando
938 3471 1039 3532 modo
1062 3491 1118 3552 ge-

25 3575 119 3636 nerali
143 3575 217 3656 quis
236 3577 349 3637 omnia
370 3586 538 3657 praecepta
562 3576 634 3638 vult
657 3595 796 3646 servare,
819 3575 904 3636 inter
929 3594 1004 3654 qua:
1028 3594 1118 3654 repe-

26 3675 98 3739 ritur
124 3689 327 3760 praeceptum
351 3679 414 3740 hoc
438 3689 683 3741 sacramentum
707 3677 918 3758 suscipiendi.
963 3677 1119 3756 Jamvero

25 3789 261 3841 sacramentum
280 3779 490 3841 Poeuitentiae
507 3778 541 3839 ia
559 3800 592 3840 re
614 3790 746 3842 nonest
767 3781 989 3843 necessarium
1007 3800 1117 3842 ueces-

26 3880 114 3944 sitate
131 3882 238 3955 medr'r‘,
254 3901 356 3962 quum
374 3883 447 3962 quis
464 3882 535 3942 solo
551 3882 760 3944 contritionis
782 3882 833 3943 vel
850 3883 997 3944 caritatis
1014 3883 1118 3964 perfe-

26 3979 81 4046 tlae
104 3982 180 4048 adiu
204 3985 278 4046 Deo
301 3983 503 4045 reconciliari
526 3985 639 4066 possit,
667 3985 723 4046 sed
748 3986 945 4047 necessitate
959 3987 1119 4067 praecepti,

56 4180 100 4232 ¹5.
119 4179 146 4231 T
142 4179 215 4231 liam.
233 4191 286 4248 3p.
304 4196 330 4247 q.
345 4180 387 4248 84,
401 4195 426 4232 a.
443 4193 467 4246 5:
487 4178 605 4242 Saurea,
622 4178 693 4248 disp.
706 4179 802 4242 XVll,
819 4177 886 4233 sedi.
903 4197 928 4240 2:
949 4179 1115 4233 Salmantr'c.

28 4261 89 4335 disp.
107 4266 156 4328 lV,
173 4264 238 4318 dub.
257 4279 281 4321 ις
301 4265 439 4328 Br'lluarl,
455 4265 522 4317 diss.
543 4265 564 4328 l,
578 4281 603 4317 a.
620 4283 645 4332 4,
660 4264 674 4333 ξ
690 4281 716 4328 2;
729 4265 762 4317 de
775 4265 957 4335 Augustino,
973 4267 1011 4319 th.
1029 4267 1069 4319 16.
