2738 4646
342 174 399 224 DE
417 173 469 222 SS.
490 171 795 224 Euciinms'rtit.
1057 168 1122 220 289

27 385 1117 529 nectar-atroneset'canonasconcmrid‘ent.

106 529 171 610 de
193 531 275 612 SS.
299 533 644 614 Eucharistiae
667 537 995 614 sacramento
1010 545 1034 610 ¹.

451 705 556 782 (Sess.
573 703 697 781 XIII).

84 829 194 912 CAP.
213 853 241 910 l.
260 851 315 912 De
331 854 423 912 reali
446 845 658 925 praesentia
675 851 719 912 D.
739 853 782 912 N.
800 855 894 912 desu
913 853 1057 916 Christi

238 950 276 1008 in
295 949 358 1008 SS.
376 949 636 1010 Eucharistiae
654 955 908 1008 sacramento.
1062 953 1063 958 ’

61 1085 211 1158 Principio
224 1088 313 1146 docet
326 1089 429 1146 sanila
443 1089 589 1161 Synodus.
605 1101 633 1147 et
653 1101 754 1160 aperte
768 1108 803 1146 ac
816 1091 990 1163 simpliciter
1004 1085 1121 1162 prolite-

28 1180 77 1242 tur,
100 1173 130 1230 in
149 1176 231 1233 almo
250 1174 361 1233 santlae
381 1175 575 1235 Eucharistiae
593 1187 793 1244 sacrament0,
815 1189 881 1249 post
904 1179 989 1249 panis
1011 1187 1040 1236 et
1061 1177 1120 1234 vini

30 1263 280 1320 consecrationem
299 1263 454 1319 Dominum
471 1261 708 1338 rioslrumJesmn
725 1263 883 1332 Christum,
899 1255 1001 1321 verum
1023 1253 1120 1321 Deum

29 1358 113 1418 atque
126 1349 293 1418 hominem,
303 1369 372 1419 uere,
383 1349 501 1406 realiter
509 1367 544 1406 ac
557 1351 788 1410 substantialiter
799 1351 850 1409 snb
861 1351 946 1422 specie
955 1351 1068 1408 illarum
1079 1368 1122 1407 re-

30 1449 88 1490 rum
102 1437 290 1494 sensibilium
303 1438 462 1494 contineri:
481 1454 536 1494 nee
549 1439 628 1494 enim
643 1439 706 1496 baec
721 1441 796 1497 inter
809 1455 840 1496 se
854 1448 999 1509 pugnant,
1013 1448 1044 1494 ut
1058 1436 1122 1508 ipse

32 1519 158 1581 Salvator
171 1535 272 1582 noster
285 1543 402 1596 semper
420 1524 458 1582 ad
478 1525 609 1581 dextram
626 1525 718 1582 Patris
739 1525 767 1582 in
787 1525 870 1582 coelis
889 1523 1027 1588 assideat,
1041 1524 1122 1594 juxta

32 1607 150 1666 modum
163 1611 308 1668 existendi
323 1611 501 1682 naturalem;
520 1623 549 1669 et
563 1623 593 1669 ut
608 1611 707 1670 multis
722 1613 916 1670 nibilominus
929 1610 992 1670 aliis
1006 1611 1035 1667 in
1050 1611 1122 1668 locis

32 1696 277 1755 sacramentaliter
290 1715 419 1769 praesens
432 1715 485 1754 sua
498 1699 661 1758 substantia
676 1697 762 1758 nobrs'
775 1699 860 1769 adsit,
874 1701 909 1758 eti
922 1689 1066 1757 existendi
1080 1716 1121 1756 ra·

33 1781 107 1840 tione
117 1783 221 1856 quam,
238 1785 292 1842 etsi
307 1784 403 1842 verbis
416 1786 579 1857 exprimere
592 1787 638 1844 vix
653 1805 820 1858 possumus,
837 1786 1010 1859 possibilem
1023 1796 1122 1844 tamen

34 1887 90 1927 esse
111 1873 188 1940 Deo,
210 1873 391 1945 cogitatione
409 1891 463 1944 per
481 1873 570 1931 fidem
591 1869 744 1944 illustrata,
763 1875 879 1946 assequi
905 1891 1072 1946 possumus,
1094 1883 1124 1955 et

33 1959 266 2018 constantissime
280 1961 400 2018 credere
413 1957 567 2018 debemus.
1030 1955 1033 1960 ’

62 2046 107 2124 'lta
120 2048 202 2104 eriim
217 2048 343 2119 nrajores
354 2049 443 2105 nostri
458 2047 571 2116 omnes,
582 2059 730 2119 quotquot
744 2045 773 2104 in
788 2049 855 2104 verit
866 2045 975 2106 Christi
989 2047 1134 2117 Ecclesia¹

34 2131 152 2204 luerunt,
169 2135 219 2206 qui
240 2135 279 2193 de
297 2135 484 2192 sanctissimo
503 2135 561 2197 boc
575 2135 766 2193 Sacramento
780 2135 989 2202 disseruerunt,
1004 2131 1123 2204 apertis-

34 2221 100 2276 sime
121 2220 248 2294 professi
270 2232 347 2292 sunt,
370 2222 427 2278 boc
451 2233 510 2278 tam
532 2221 707 2280 admirabile
727 2223 948 2278 Sacramentum
972 2218 1000 2274 in
1020 2217 1124 2276 ultimis

34 2309 111 2364 steni
125 2309 361 2380 Redemptorem
378 2320 510 2367 nostrum
524 2309 683 2366 instituisse
696 2331 702 2374 ;
722 2325 800 2371 cum,
820 2318 886 2377 post
907 2304 990 2378 panis
1004 2299 1124 2376 vinique

36 2392 280 2462 benedictionem,
296 2414 327 2454 se
340 2414 426 2453 suum
443 2397 534 2467 ipsius
546 2414 655 2468 corpus
674 2395 730 2452 illis
750 2394 890 2466 praebere,
906 2411 941 2448 ac
958 2409 1044 2449 suum
1059 2409 1123 2448 san-

35 2481 146 2542 ⁴minem
157 2483 274 2540 disertis
284 2501 319 2540 ac
330 2483 493 2555 perspicuis
501 2482 597 2542 verbis
606 2494 728 2540 testatus
741 2493 794 2550 est,
805 2499 872 2552 quae
883 2479 972 2540 verba
982 2498 999 2537 a
1009 2479 1120 2555 sanetis

38 2566 225 2640 Evangelistis
237 2582 479 2638 commemorata,
490 2580 519 2627 et
531 2587 548 2626 a
564 2569 599 2626 D.
611 2569 703 2634 Paulo
718 2580 820 2640 postea
834 2559 967 2640 repetita,
975 2584 1044 2623 cum
1057 2584 1123 2638 pro·

36 2656 119 2722 priam
140 2652 220 2712 illam
235 2669 264 2714 et
276 2656 492 2728 apertissimam
505 2657 753 2728 significationem
774 2674 833 2727 prae
852 2673 883 2712 se
903 2654 1005 2724 ierant,
1021 2671 1124 2732 secun·

36 2741 98 2800 dum
110 2761 201 2814 quam
211 2762 229 2800 a
240 2743 376 2800 Patribus
385 2744 537 2812 ,intelletta
547 2755 631 2812 sunt;
650 2743 888 2814 indignissimum
900 2759 970 2797 sane
982 2739 1125 2809 flagitium

37 2841 80 2898 est,
96 2847 128 2886 ea
141 2849 160 2888 a
173 2830 354 2902 quibusdam
370 2831 562 2888 contentiosis
576 2843 605 2889 et
620 2831 715 2902 pravis
729 2829 901 2907 hominibus
914 2827 952 2884 'ad
958 2826 1082 2898 fiilitios
1095 2835 1124 2884 et

37 2913 218 2986 imaginarios
236 2925 339 2988 tropos,
355 2918 463 2988 quibus
477 2920 582 2975 ueritas
594 2920 690 2975 tarnis
703 2931 729 2974 rt
743 2915 895 2987 sauguinis
913 2913 1026 2971 Christi
1043 2931 1125 2984 nega-

38 3007 85 3071 tur,
101 3015 203 3060 contra
216 3005 385 3062 universum
401 3005 542 3063 Ecclesiae
555 3023 675 3063 sensum
690 3003 858 3076 detorqueri
875 3024 881 3058 :
902 3019 969 3074 quae
982 3011 1126 3071 tanquam

37 3088 164 3147 columna
177 3103 207 3148 et
221 3091 439 3148 firmamentum
454 3091 591 3161 veritatis,
609 3092 672 3150 baec
686 3091 724 3149 ab
739 3090 837 3167 impiis
855 3088 1028 3146 hominibus
1041 3105 1125 3144 exco-
1201 3089 1205 3094 “

40 3175 118 3232 aitata
132 3179 406 3247 commentaremur
420 3180 557 3249 satanica,
572 3183 715 3237 detestata
728 3188 780 3247 est,
797 3187 880 3248 grato
894 3192 1010 3246 semper
1023 3187 1052 3232 et
1066 3193 1125 3231 me-

43 3278 114 3321 m:re
127 3267 229 3322 animo
243 3268 517 3346 praestantissumam
533 3269 589 3326 boc
601 3267 709 3325 Christi
726 3265 902 3346 beneficium
917 3279 1090 3334 agnoscens

111 3415 217 3475 CAP.
236 3417 272 3475 2.
292 3417 346 3474 Do
363 3419 511 3476 ratione
532 3415 790 3476 institutionis
808 3413 1045 3472 sanctissimi
1088 3474 1090 3482 ¹

385 3511 503 3583 huius
523 3511 774 3570 Sacramenti.

71 3649 141 3722 Ergo
155 3653 290 3710 Salvator
304 3664 411 3721 noster,
424 3653 608 3711 discessurus
626 3670 661 3709 ex
679 3651 738 3707 hoc
755 3648 869 3706 mundo
887 3647 925 3705 ad
941 3647 1067 3717 Patrem,
1084 3663 1127 3702 sa*

42 3751 211 3797 ramentum
231 3739 289 3796 boc
309 3739 444 3805 instituit,
459 3739 489 3795 in
509 3757 570 3811 quo
590 3739 706 3796 divitias
727 3736 817 3794 divini
839 3735 882 3791 sui
903 3752 971 3804 erga
991 3733 1128 3790 homines

42 3827 136 3882 amoris
148 3828 229 3885 velut
243 3827 355 3897 effudit,
372 3827 546 3885 memoriam
565 3825 674 3884 iaciens
691 3823 870 3881 mirabilium
885 3838 1028 3890 suorum;
1050 3831 1078 3878 et
1099 3821 1127 3875 in

44 3906 107 3967 illius
120 3913 289 3986 sumptione
302 3914 400 3971 colere
419 3931 474 3970 nos
493 3915 537 3970 sui
558 3913 731 3970 memoriam
754 3911 894 3984 praecepit
914 3926 1059 3980 suamque
1079 3927 1128 3964 an·
1169 3939 1177 3954 ι

44 3999 163 4059 nuntiare
173 4000 416 4070 mortem,donec
428 4001 491 4071 ipse
501 4000 540 4057 ad
548 3999 746 4070 judicandum
758 3998 904 4055 mundum
914 3997 1021 4054 veniat.
1045 3995 1127 4053 Sunii

75 4175 80 4196 ¹
94 4177 201 4234 Petrum
214 4179 444 4233 Tridentinorum
463 4181 517 4232 hic
537 4180 572 4233 de
592 4195 621 4233 re
641 4178 840 4240 discussiones
856 4177 981 4231 invenire
995 4187 1037 4229 est
1051 4175 1127 4244 apud

50 4255 69 4306 l
71 4255 162 4331 itiner,
171 4263 245 4318 Atia
260 4265 305 4317 Sa.
323 4265 433 4318 OEcum.
450 4266 533 4320 Cone.
544 4264 680 4330 Trident,
694 4263 746 4316 vol.
764 4264 786 4328 1,
799 4280 825 4331 p.
840 4263 892 4326 466
905 4279 945 4331 sq.

146 4387 272 4428 simoneis
284 4383 329 4428 111.
344 4409 365 4414 -
385 4397 412 4440 ¹9
