2770 4646
277 205 335 254 DE
356 201 748 255 SACRAMENTORUM
768 201 915 252 CAUSA.
1086 197 1146 248 195

64 392 326 446 sacramentorum
352 383 457 446 Novae
482 382 603 463 Legis;
628 379 721 462 atqui
744 380 815 442 sola
838 379 950 442 divina
975 377 1147 458 Sapientia

64 485 225 563 previdere
242 496 373 567 poterat
388 483 580 565 hujusmodi
603 493 813 546 sacramenta
828 491 862 546 et
879 482 1049 545 instituere
1066 481 1147 543 ritus

63 588 108 666 qui
123 585 327 669 praefigurare
343 598 480 670 possent
496 589 577 651 ritus
593 585 850 650 sacramentales
863 586 904 649 N.
916 585 1016 666 Legis
1030 606 1036 662 ;
1059 603 1147 665 ergo

98 689 241 772 Quaestio
257 691 357 772 igitur
372 690 532 753 solvenda
549 699 663 753 manet
678 709 738 770 pro
755 688 971 752 sacramentis
988 687 1029 750 N.
1046 685 1147 768 Legis

62 799 191 868 tantum,
218 803 252 855 et
280 795 342 856 tria
372 793 602 873 inquiremus:
635 793 757 856 Utrum
788 799 997 854 sacramenta
1027 788 1148 852 luerint

62 894 230 957 immediate
245 917 265 958 a
282 895 415 960 Christo
432 895 584 959 instituta
600 916 607 970 ;
633 905 741 958 utrum
758 914 777 955 a
795 893 928 958 Christo
946 901 983 956 ut
998 892 1074 968 Deo,
1090 900 1148 955 aut

59 995 195 1070 leerrrr'ne,·
223 1007 334 1060 utrum
350 999 385 1060 in
395 1018 512 1078 genere
527 1007 585 1060 aut
601 997 635 1058 in
652 996 774 1076 speeie?

341 1163 370 1221 1.
396 1163 596 1220 Institutio
619 1160 857 1218 lmmediata.

92 1298 136 1360 80.
181 1301 302 1364 rhesis:
325 1299 380 1363 De
402 1298 472 1362 tide
494 1303 551 1363 est
572 1297 692 1362 omnia
717 1295 761 1361 N.
787 1296 898 1375 Legis
920 1304 1148 1364 sacramenta

57 1393 157 1458 tuisse
172 1396 303 1460 saltem
319 1394 475 1460 mediate
489 1411 513 1456 a
527 1392 670 1457 Christo
686 1393 872 1472 instituta3
893 1400 930 1458 et
947 1399 1086 1459 certum
1100 1395 1147 1458 vi·

57 1490 154 1555 detur
167 1492 287 1557 omnia
298 1491 432 1570 pariter
440 1491 552 1554 tuisse
563 1507 585 1552 a
595 1489 739 1555 Christo
751 1490 958 1555 immediate
970 1491 1145 1556 instituta.

58 1589 202 1655 Secunda
218 1612 294 1674 pars
311 1603 427 1654 contra
443 1591 603 1670 quosdam
624 1589 779 1668 antiquos
799 1589 1015 1652 scholasticos
1035 1589 1149 1672 dirigi-

56 1703 112 1767 tur,
123 1695 176 1774 qui
191 1704 352 1777 putarunt
368 1692 663 1758 Confirmationem
680 1702 714 1755 et
731 1693 928 1756 Extremam
943 1692 1147 1758 Unstionem

56 1797 97 1856 ab
112 1797 279 1878 Apostolis
296 1808 372 1880 post
389 1795 629 1858 Ascensionem
654 1797 806 1860 instituta
830 1798 928 1860 luisse
940 1810 961 1874 ¹,
976 1808 1010 1861 et
1032 1808 1148 1861 contra

56 1898 84 1958 el
92 1898 142 1961 lex.
167 1900 319 1964 Alenserre
349 1899 406 1981 qui
437 1898 566 1980 putavit
598 1897 893 1962 Confirmationem
925 1900 967 1961 ab
999 1901 1148 1964 Ecclesia

57 2000 149 2065 suisse
165 2004 351 2092 institutam
370 2003 402 2064 in
422 2001 570 2065 Concilio
586 2001 750 2064 Meldensi
766 1998 875 2086 (845).

98 2107 187 2169 Prob.
204 2120 236 2168 10
253 2106 380 2169 Tradit.
395 2103 455 2186 (A)
472 2105 527 2167 Ex
544 2104 645 2168 Conc.
663 2105 693 2167 Τ
691 2105 751 2168 rid.
765 2117 896 2170 constat
912 2107 1025 2170 omnia
1041 2128 1148 2170 sacra-

57 2220 163 2272 menta
185 2231 204 2272 a
232 2209 367 2275 Christo
390 2208 489 2272 fuisse
512 2207 683 2270 instituta:
712 2208 775 2273 “Si
799 2208 872 2290 quis
896 2209 1019 2272 dixerit
1041 2229 1148 2274 sacra-

57 2323 164 2374 menta
184 2313 225 2375 N.
243 2313 344 2394 Legis
367 2332 433 2374 non
459 2312 558 2374 luisse
580 2313 694 2375 omnia
716 2333 736 2375 a
755 2313 834 2395 Jesu
853 2313 984 2376 Christo
1001 2314 1149 2376 Domino

57 2425 164 2476 nostro
181 2413 343 2490 instituta,
361 2414 401 2476 A.
418 2413 490 2494 S.'';
512 2414 605 2494 atqui
629 2414 701 2476 haec
723 2415 824 2478 verba
846 2417 950 2498 accipi
967 2417 1091 2480 debent
1106 2418 1149 2481 de

55 2516 239 2580 irrrrrrediatd
254 2518 478 2597 institutione;
502 2536 579 2579 nam
600 2537 675 2596 quae
696 2520 833 2583 mediate
848 2519 955 2582 solum
972 2520 1149 2585 instituun-

55 2628 112 2694 tur,
128 2640 193 2683 non
208 2622 364 2684 dicuntur
380 2621 506 2684 institui
522 2618 735 2701 simpliciter;
750 2621 808 2697 sic,
817 2643 845 2684 v.
862 2641 891 2703 g.
908 2642 982 2703 quae
1001 2623 1149 2686 Ecclesia

56 2721 202 2798 instituit,
224 2723 255 2786 vi
280 2725 454 2803 potestatis
477 2723 539 2785 sibi
563 2743 582 2786 a
607 2723 739 2787 Christo
765 2725 905 2800 collatae,
928 2735 965 2788 ut
984 2725 1149 2806 'jejunium

56 2825 204 2906 Quatuor
218 2837 417 2908 temporum,
433 2845 498 2888 non
515 2827 672 2889 dicuntur
689 2825 732 2886 ab
751 2825 823 2906 ipso
840 2825 972 2888 Christo
991 2825 1151 2902 instituta,

55 2930 106 2990 sed
123 2930 166 2992 ab
184 2929 354 3008 Ecclesia;
379 2949 458 3011 ergo
475 2931 597 3010 pariter
613 2929 639 2991 si
656 2937 864 2990 sacramenta
884 2926 1022 2990 fuissent
1042 2927 1150 2991 solum

56 3033 195 3095 mediate
210 3052 230 3094 a
247 3032 395 3094 Domino
410 3032 571 3106 instituta,
584 3051 650 3093 nou
667 3031 709 3092 ab
722 3031 774 3092 Eo
790 3028 983 3110 simpliciter
999 3029 1150 3094 instituta

56 3135 114 3196 dici
131 3145 276 3216 possent.

93 3238 152 3318 (B)
169 3237 395 3302 Confirmatur
413 3259 456 3300 ex
477 3239 612 3300 decreto
633 3235 719 3298 circa
736 3235 816 3298 Ext.
835 3233 1035 3298 Unilionem
1055 3233 1149 3320 (sess.

56 3339 146 3417 XIV,
162 3362 233 3405 can.
255 3345 285 3423 1)
308 3343 363 3405 ubi
380 3342 566 3405 declaratur
581 3342 644 3403 hoc
661 3351 913 3414 sacramentum,
928 3343 970 3403 de
985 3361 1052 3420 quo
1067 3361 1150 3422 prae·

56 3445 162 3524 sertim
186 3445 410 3520 dubitabatur,
427 3445 526 3508 luisse
544 3467 565 3506 a
589 3444 716 3507 Christe
738 3444 935 3516 institutum,
951 3454 983 3505 et
1003 3463 1022 3504 a
1042 3443 1077 3506 S.
1087 3443 1149 3526 Ja-

56 3546 394 3628 ceboproerrrrlgatum
417 3548 509 3630 atqui
534 3549 565 3609 in
590 3548 653 3608 hoc
674 3567 752 3608 casu
774 3555 862 3608 certe
877 3565 967 3607 vox:
991 3551 1007 3575 ‘¹
1020 3545 1149 3609 institu-

56 3651 157 3725 tum'',
181 3671 255 3712 cum
280 3661 468 3732 opponatur
490 3651 563 3712 voci
582 3645 886 3730 “promulgatum'’
912 3647 1041 3709 nonnisi
1066 3648 1150 3712 dire*

56 3749 137 3817 tiam
154 3755 399 3818 institutionem
415 3753 590 3835 designare
606 3761 725 3834 potest,
738 3761 772 3814 et
784 3749 949 3832 significat
967 3751 1149 3832 Apostolos

86 3969 148 4020 ¹lta
158 3966 247 4033 Hugo
263 3965 428 4028 Vir‘lorr'nun
440 3965 485 4018 De
500 3965 623 4018 Sacram.
638 3963 654 4016 l.
673 3963 711 4023 ll,
722 3978 748 4029 p.
767 3975 775 4012 r
781 3975 804 4029 5,
818 3976 840 4012 c.
856 3975 870 4012 2
884 3976 927 4028 ap.
942 3959 1049 4028 illique,
1060 3969 1077 4012 t.
1093 3962 1150 4024 176,

58 4067 79 4118 p.
96 4055 164 4122 5783
183 4053 259 4106 Petr.
279 4048 456 4106 lombardus
468 4066 494 4118 r,
513 4051 577 4105 dist.
592 4065 620 4117 3;
640 4052 670 4103 S.
687 4051 910 4114 Beneverrlura;
930 4047 980 4101 sed
1000 4047 1150 4116 nuperrimi

58 4139 173 4194 editores
192 4140 220 4194 S.
237 4140 441 4192 Bonaventurae
460 4153 577 4206 operum
596 4137 634 4201 (in
649 4151 674 4202 4,
691 4135 754 4188 dist
770 4148 794 4201 7,
809 4134 910 4198 schol.)
923 4132 1150 4188 animadvertunt

59 4223 83 4276 S.
96 4224 250 4279 Ductorem
262 4242 296 4278 ea
309 4241 372 4294 quae
382 4223 475 4294 junior
493 4225 585 4277 minus
605 4219 729 4276 corretle
748 4219 907 4289 scripserat,
924 4221 951 4272 in
972 4217 1150 4286 Breviloquio

59 4309 91 4375 (6,
103 4331 125 4367 c.
140 4319 168 4384 4)
181 4313 341 4368 correxisse.
