2738 4646
245 141 312 194 256
678 143 819 195 CAPUT
836 144 890 192 IV.

244 321 420 398 interdum,
437 334 470 387 et
493 325 537 386 ex
560 321 694 406 speciali
719 323 1063 405 misericordia,juxta
1087 323 1122 386 S.
1140 323 1319 386 Beneventu-

246 437 347 487 ram1.

288 579 316 628 2⁰
334 573 431 631 Thesis
440 574 589 648 generalis.
629 570 839 651 Baptismus
853 590 957 652 aquae
971 579 1029 637 est
1044 571 1262 655 necessarius
1274 587 1321 630 ne-

246 667 418 732 cessitate
437 667 554 748 medii,
571 674 648 733 tum
666 669 811 749 adultis,
828 675 906 735 tum
926 671 1103 751 parvulis3
1124 673 1171 734 ita
1185 681 1281 733 tamen
1294 677 1324 728 at

239 783 303 852 per
316 775 520 855 martyrium,
535 787 595 838 aut
604 788 669 857 per
681 777 848 856 Baptismi
865 777 1061 840 desrdorr'um
1079 774 1220 856 sapplen'
1230 771 1321 854 possit.

246 874 374 958 Defide
388 888 436 940 est
449 880 559 959 quoad
576 879 707 942 adultos
723 899 767 941 ex
786 880 816 941 Τ
814 879 927 942 nitent.
942 878 1025 942 infra
1040 879 1176 940 citando
1189 898 1196 952 ;
1218 885 1323 938 certum

247 989 297 1040 est
320 981 430 1060 quoad
455 981 607 1056 infantes
623 983 823 1064 ubicumque
847 982 965 1044 saltem
991 981 1046 1043 lex
1070 979 1258 1062 evangelica
1278 977 1324 1038 suit

248 1081 447 1146 sufficienter
462 1085 682 1166 promulgata.
963 1097 964 1102 ’

290 1211 339 1278 35
386 1199 480 1263 Prob.
501 1196 565 1286 (A)
586 1201 703 1282 Scrzpt.
729 1201 816 1263 Illud
838 1211 888 1264 est
910 1201 1130 1264 necessarium
1152 1197 1326 1261 necessitate

249 1302 348 1363 medii
375 1304 464 1384 quod
492 1302 670 1365 exhibetur
693 1314 728 1366 ut
754 1303 892 1365 conditio
914 1303 982 1365 sine
1007 1301 1072 1383 qud
1095 1302 1184 1363 salus
1206 1296 1326 1362 obtineri

249 1404 364 1484 nequit
378 1427 385 1482 ;
408 1407 500 1486 atqui
519 1405 710 1487 Baptismus
727 1425 821 1487 aquae
838 1406 1016 1468 exhibetur
1027 1413 1064 1467 ut
1076 1403 1225 1466 conditio
1236 1420 1327 1464 neces·

249 1508 335 1569 saria
351 1509 486 1571 salutis:
502 1508 603 1571 “Nisi
620 1510 695 1590 quis
712 1517 845 1571 renatus
862 1509 960 1572 tuerit
976 1529 1021 1570 ex
1037 1512 1124 1588 aqua
1140 1517 1174 1569 et
1190 1505 1244 1586 Sp.
1262 1503 1328 1567 San·

250 1607 313 1686 oo,
330 1631 396 1672 non
413 1622 525 1693 potest
541 1612 676 1674 introire
693 1613 724 1674 in
743 1631 881 1691 regnum
896 1610 1016 1687 Dei'’²;
1032 1609 1082 1691 (a)
1095 1609 1273 1691 propositio
1286 1607 1328 1667 illa

250 1721 299 1774 est
316 1713 512 1776 unebersalis
528 1735 655 1796 rugans,
672 1716 779 1779 nullas
795 1738 838 1779 ex
855 1736 890 1777 se
906 1715 1037 1795 patiens
1055 1713 1267 1794 exceptiones
1281 1708 1328 1770 nisi

251 1835 306 1877 eas
323 1834 405 1896 quas
423 1817 514 1879 Deus
532 1818 602 1898 ipse
618 1818 759 1898 positive
781 1818 924 1881 instituit
942 1817 1082 1898 (scilicet
1102 1817 1290 1896 martyrium
1306 1823 1329 1872 et

251 1915 415 1996 Baptismi
428 1926 553 1995 votum,
564 1929 602 1981 ut
616 1919 699 1982 infra
712 1921 871 2000 dicetur);
885 1918 935 2000 (b)
950 1919 1084 2000 insuper
1095 1918 1197 1981 verba
1211 1917 1263 1979 illa
1277 1933 1328 1976 non

251 2017 282 2080 in
301 2018 407 2080 forma
423 2023 621 2102 praeceptiva
638 2024 861 2098 enuntiantur,
877 2023 934 2085 sed
951 2021 1122 2084 declarant
1139 2021 1327 2102 Baptismum

251 2124 470 2186 necessarium
490 2145 571 2200 esse,
587 2137 624 2188 ut
640 2126 782 2187 inedium
798 2125 962 2206 adfinem,
978 2125 1063 2186 sicut
1083 2124 1172 2185 enim
1195 2122 1330 2185 nativitas

252 2235 302 2288 est
318 2227 465 2289 medium
488 2236 525 2288 ut
544 2228 617 2308 quis
633 2229 702 2291 vita
719 2228 861 2290 naturali
878 2228 976 2303 vivat,
993 2227 1040 2289 ita
1058 2225 1236 2307 spiritualis
1254 2241 1330 2285 rena-

251 2330 378 2391 scentia
395 2348 452 2409 per
467 2329 671 2410 baptismum
693 2331 872 2392 exhibetur
894 2339 931 2392 ut
958 2329 1104 2391 medium
1129 2327 1329 2390 necessarium

252 2433 293 2493 ad
311 2430 472 2508 salutem;
498 2433 547 2512 (c)
563 2441 723 2513 praeterea
746 2433 778 2494 in
803 2432 900 2495 tertid
915 2431 1056 2512 persono
1079 2432 1330 2512 proteruntur,ac

252 2536 391 2614 proinde
406 2535 632 2598 conditionem
649 2534 836 2598 absolutam
853 2536 1046 2616 exprimunt
1062 2558 1069 2615 ;
1096 2535 1230 2615 quando
1248 2529 1331 2592 verba

253 2640 285 2700 in
307 2637 339 2699 2⁵
358 2642 498 2718 persona
522 2639 745 2714 enuntiantur,
765 2659 855 2720 saepe
879 2639 1012 2701 limitari
1036 2649 1175 2719 possunt
1198 2638 1238 2699 ad
1260 2635 1331 2696 solos

253 2742 419 2804 auditores
441 2740 490 2803 vel
511 2761 624 2802 eorum
649 2762 863 2816 successores,
885 2751 921 2804 ut
942 2741 1078 2822 quando
1102 2741 1241 2803 dicitur:
1258 2736 1330 2798 “nisi

254 2840 530 2903 manducaveritis
541 2839 556 2864 '’
567 2851 580 2894 3
591 2861 641 2916 ...;
661 2841 718 2902 sed
735 2840 871 2920 quando
882 2851 960 2902 sunt
973 2840 1005 2902 in
1020 2837 1052 2919 3⁵
1063 2844 1214 2922 persona,
1226 2836 1330 2899 nullam

253 2944 484 3007 limitationem
502 2964 545 3004 ex
568 2963 602 3005 se
624 2945 805 3024 patiuntur,
820 2954 854 3007 et
874 2943 1029 3024 parvulos
1048 2937 1144 3024 aeque
1162 2963 1200 3004 ac
1220 2939 1332 3004 adultos

253 3043 539 3128 complectuntur;
566 3045 618 3126 (d)
635 3048 771 3109 tandem
789 3046 939 3110 Christus
959 3047 1030 3127 ipse
1050 3046 1136 3108 hanc
1158 3048 1332 3126 interpreta-

253 3151 379 3211 tionem
396 3148 579 3223 confirmat,
590 3150 669 3212 dunt
688 3150 881 3212 immediate
897 3150 1012 3211 addit:
1029 3147 1156 3230 “Quod
1175 3159 1281 3211 natum
1295 3155 1333 3207 est

253 3276 296 3317 ex
314 3271 420 3328 carne,
436 3272 512 3314 caro
528 3262 599 3329 est;
626 3261 659 3314 et
683 3253 771 3332 quod
794 3261 910 3314 natum
932 3262 982 3314 est
1001 3273 1044 3314 ex
1065 3243 1202 3334 Spiritu,
1220 3251 1334 3332 spiritus

254 3368 304 3420 est
317 3357 355 3434 ”;
378 3356 429 3418 his
448 3357 536 3418 enim
556 3357 664 3418 verbis
683 3357 831 3418 declarat
851 3376 908 3418 cur
927 3356 1120 3436 Baptismus
1141 3357 1184 3419 sit
1204 3371 1334 3419 necessa·
1361 3431 1362 3434 Ἴ

254 3464 328 3538 rius,
344 3473 376 3523 et
392 3460 476 3523 ratio
492 3469 543 3521 est
557 3461 635 3541 quia
651 3460 761 3536 horno,
778 3461 833 3540 qui
855 3480 899 3523 ex
919 3480 1017 3522 carne
1038 3461 1193 3534 nascitur,
1209 3469 1258 3522 est
1276 3475 1334 3540 pec·

254 3575 354 3638 cator,
375 3572 408 3625 et
430 3583 496 3624 non
517 3572 628 3643 potest
653 3562 860 3643 spiritualem
887 3564 990 3625 vitam
1016 3564 1186 3644 acquirere
1210 3563 1268 3625 nisi
1292 3577 1335 3640 per
1361 3567 1362 3656 t

256 3668 463 3748 Baptismum
480 3685 524 3726 ex
542 3664 667 3746 Spiritu
684 3667 795 3729 denuo
811 3676 986 3743 nascatur;
1008 3666 1099 3746 atqui
1118 3665 1174 3727 illa
1190 3666 1271 3728 ratio
1285 3661 1334 3722 evi·

255 3879 422 3935 catholicam
436 3897 561 3935 asserere
574 3895 673 3934 omnes
686 3881 817 3947 parvulos
831 3880 892 3934 sine
905 3880 1046 3948 baptismo
1059 3879 1239 3942 decedentes,
1252 3877 1276 3930 in
1288 3874 1334 3926 lim·

255 3969 321 4020 bum
335 3965 552 4034 exspedlationis
566 3965 660 4035 recipi,
669 3967 760 4020 donec
771 3967 799 4019 in
810 3966 934 4020 secundo
944 3965 1067 4019 adventu
1080 3965 1186 4020 Christi
1194 3981 1243 4036 per
1251 3964 1333 4041 ipsunt.
1361 3973 1362 3990 ³

255 4055 282 4105 si
292 4053 445 4120 eiplaceat,
458 4063 656 4121 regenerentur
666 4054 687 4107 ''.
728 4051 810 4122 Quas
823 4053 971 4121 opiniones
984 4051 1109 4106 confutat
1126 4045 1290 4117 Dablancltn
1301 4049 1333 4111 01)-

257 4139 311 4203 cit,
324 4155 349 4206 p.
366 4152 417 4189 210
430 4155 470 4207 sq.

293 4225 347 4276 ¹In
361 4242 385 4292 4,
399 4222 463 4277 dist.
479 4225 503 4290 6,
518 4241 542 4293 p.
558 4240 581 4290 2,
596 4243 621 4278 a.
638 4241 662 4278 a.
679 4244 706 4295 q.
726 4241 747 4278 1.
764 4233 820 4264 --²
827 4227 894 4294 Joo.
910 4227 995 4292 VIII,
1012 4239 1034 4294 5.
1051 4230 1108 4264 —-³
1114 4227 1183 4294 Joo.
1201 4227 1249 4293 Vl,
1263 4237 1296 4292 54.
