<?xml version="1.0" encoding="UTF-8"?>
<!DOCTYPE html PUBLIC "-//W3C//DTD XHTML 1.0 Transitional//EN"
    "http://www.w3.org/TR/xhtml1/DTD/xhtml1-transitional.dtd">
<html xmlns="http://www.w3.org/1999/xhtml" xml:lang="en" lang="en">
 <head>
  <title>
</title>
<meta http-equiv="Content-Type" content="text/html;charset=utf-8" />
  <meta name='ocr-system' content='tesseract 3.04.00' />
  <meta name='ocr-capabilities' content='ocr_page ocr_carea ocr_par ocr_line ocrx_word'/>
</head>
<body>
  <div class='ocr_page' id='page_1' title='image "./synopsistheolog01tanqgoog_0274.png"; bbox 0 0 2738 4646; ppageno 0'>
   <div class='ocr_carea' id='block_1_1' title="bbox 329 157 1129 216">
    <p class='ocr_par' dir='ltr' id='par_1_1' title="bbox 329 157 1129 216">
     <span class='ocr_line' id='line_1_1' title="bbox 329 157 1129 216; baseline -0.008 -2"><span class='ocrx_word' id='word_1_1' title='bbox 329 165 385 214; x_wconf 79' lang='lat' dir='ltr'>DE</span> <span class='ocrx_word' id='word_1_2' title='bbox 403 164 610 216; x_wconf 68' lang='lat' dir='ltr'>sumsero</span> <span class='ocrx_word' id='word_1_3' title='bbox 627 163 840 212; x_wconf 71' lang='lat' dir='ltr'>Emistin.</span> <span class='ocrx_word' id='word_1_4' title='bbox 1063 157 1129 210; x_wconf 77' lang='lat'>25⁹</span> 
     </span>
    </p>
   </div>
   <div class='ocr_carea' id='block_1_2' title="bbox 1019 275 1129 282">
    <p class='ocr_par' dir='ltr' id='par_1_2' title="bbox 1019 275 1129 282">
     <span class='ocr_line' id='line_1_2' title="bbox 1019 275 1129 282; baseline 0 0"><span class='ocrx_word' id='word_1_5' title='bbox 1019 275 1129 282; x_wconf 70' lang='lat'><em>-..—-·-</em></span> 
     </span>
    </p>
   </div>
   <div class='ocr_carea' id='block_1_3' title="bbox 45 335 1131 1862">
    <p class='ocr_par' dir='ltr' id='par_1_3' title="bbox 45 335 1131 1451">
     <span class='ocr_line' id='line_1_3' title="bbox 45 335 1129 426; baseline -0.004 -24"><span class='ocrx_word' id='word_1_6' title='bbox 45 341 99 404; x_wconf 86' lang='lat' dir='ltr'>luit</span> <span class='ocrx_word' id='word_1_7' title='bbox 114 342 311 406; x_wconf 87' lang='lat' dir='ltr'>sufficienter</span> <span class='ocrx_word' id='word_1_8' title='bbox 326 343 546 426; x_wconf 85' lang='lat' dir='ltr'>promulgata,</span> <span class='ocrx_word' id='word_1_9' title='bbox 562 364 601 406; x_wconf 88' lang='lat' dir='ltr'>ac</span> <span class='ocrx_word' id='word_1_10' title='bbox 622 342 760 423; x_wconf 86' lang='lat' dir='ltr'>proinde</span> <span class='ocrx_word' id='word_1_11' title='bbox 781 361 843 424; x_wconf 92' lang='lat' dir='ltr'>pro</span> <span class='ocrx_word' id='word_1_12' title='bbox 859 339 922 402; x_wconf 91' lang='lat' dir='ltr'>illis</span> <span class='ocrx_word' id='word_1_13' title='bbox 939 335 1059 402; x_wconf 86' lang='lat' dir='ltr'>sufficit</span> <span class='ocrx_word' id='word_1_14' title='bbox 1081 357 1129 398; x_wconf 90' lang='lat' dir='ltr'>re·</span> 
     </span>
     <span class='ocr_line' id='line_1_4' title="bbox 45 441 1129 527; baseline -0.004 -21"><span class='ocrx_word' id='word_1_15' title='bbox 45 447 182 509; x_wconf 87' lang='lat' dir='ltr'>medium</span> <span class='ocrx_word' id='word_1_16' title='bbox 205 459 283 510; x_wconf 86' lang='lat' dir='ltr'>ante</span> <span class='ocrx_word' id='word_1_17' title='bbox 300 447 470 512; x_wconf 87' lang='lat' dir='ltr'>Christum</span> <span class='ocrx_word' id='word_1_18' title='bbox 493 448 681 510; x_wconf 88' lang='lat' dir='ltr'>institutum</span> <span class='ocrx_word' id='word_1_19' title='bbox 704 465 765 527; x_wconf 92' lang='lat' dir='ltr'>pro</span> <span class='ocrx_word' id='word_1_20' title='bbox 785 443 979 507; x_wconf 83' lang='lat' dir='ltr'>remissione</span> <span class='ocrx_word' id='word_1_21' title='bbox 1002 441 1129 522; x_wconf 87' lang='lat' dir='ltr'>peccati</span> 
     </span>
     <span class='ocr_line' id='line_1_5' title="bbox 45 543 1130 631; baseline -0.003 -23"><span class='ocrx_word' id='word_1_22' title='bbox 45 549 211 630; x_wconf 86' lang='lat' dir='ltr'>originalis.</span> <span class='ocrx_word' id='word_1_23' title='bbox 258 549 314 613; x_wconf 90' lang='lat' dir='ltr'>Sic</span> <span class='ocrx_word' id='word_1_24' title='bbox 331 549 420 612; x_wconf 92' lang='lat' dir='ltr'>enim</span> <span class='ocrx_word' id='word_1_25' title='bbox 437 559 733 631; x_wconf 86' lang='lat' dir='ltr'>argumentantur:</span> <span class='ocrx_word' id='word_1_26' title='bbox 760 548 808 612; x_wconf 93' lang='lat' dir='ltr'>Ut</span> <span class='ocrx_word' id='word_1_27' title='bbox 829 547 885 610; x_wconf 85' lang='lat' dir='ltr'>lex</span> <span class='ocrx_word' id='word_1_28' title='bbox 907 546 950 608; x_wconf 91' lang='lat' dir='ltr'>sit</span> <span class='ocrx_word' id='word_1_29' title='bbox 966 543 1130 625; x_wconf 85' lang='lat' dir='ltr'>obligato-</span> 
     </span>
     <span class='ocr_line' id='line_1_6' title="bbox 46 644 1130 733; baseline -0.005 -23"><span class='ocrx_word' id='word_1_30' title='bbox 46 651 92 723; x_wconf 65' lang='lat' dir='ltr'>ria„</span> <span class='ocrx_word' id='word_1_31' title='bbox 105 671 237 714; x_wconf 88' lang='lat' dir='ltr'>necesse</span> <span class='ocrx_word' id='word_1_32' title='bbox 254 661 305 714; x_wconf 88' lang='lat' dir='ltr'>est</span> <span class='ocrx_word' id='word_1_33' title='bbox 320 662 358 715; x_wconf 92' lang='lat' dir='ltr'>ut</span> <span class='ocrx_word' id='word_1_34' title='bbox 374 652 612 733; x_wconf 83' lang='lat' dir='ltr'>promulgetur,</span> <span class='ocrx_word' id='word_1_35' title='bbox 625 661 667 725; x_wconf 87' lang='lat' dir='ltr'>et,</span> <span class='ocrx_word' id='word_1_36' title='bbox 679 660 716 714; x_wconf 92' lang='lat' dir='ltr'>ut</span> <span class='ocrx_word' id='word_1_37' title='bbox 733 651 859 731; x_wconf 90' lang='lat' dir='ltr'>obliget</span> <span class='ocrx_word' id='word_1_38' title='bbox 875 667 991 710; x_wconf 91' lang='lat' dir='ltr'>omnes</span> <span class='ocrx_word' id='word_1_39' title='bbox 1008 646 1040 707; x_wconf 94' lang='lat' dir='ltr'>in</span> <span class='ocrx_word' id='word_1_40' title='bbox 1058 644 1130 706; x_wconf 85' lang='lat' dir='ltr'>loro</span> 
     </span>
     <span class='ocr_line' id='line_1_7' title="bbox 46 748 1129 835; baseline -0.002 -24"><span class='ocrx_word' id='word_1_41' title='bbox 46 751 173 828; x_wconf 86' lang='lat' dir='ltr'>interno,</span> <span class='ocrx_word' id='word_1_42' title='bbox 185 773 319 816; x_wconf 85' lang='lat' dir='ltr'>necesse</span> <span class='ocrx_word' id='word_1_43' title='bbox 330 762 381 815; x_wconf 93' lang='lat' dir='ltr'>est</span> <span class='ocrx_word' id='word_1_44' title='bbox 397 763 433 816; x_wconf 91' lang='lat' dir='ltr'>ut</span> <span class='ocrx_word' id='word_1_45' title='bbox 449 753 678 835; x_wconf 84' lang='lat' dir='ltr'>promulgetur</span> <span class='ocrx_word' id='word_1_46' title='bbox 690 771 756 816; x_wconf 94' lang='lat' dir='ltr'>non</span> <span class='ocrx_word' id='word_1_47' title='bbox 770 753 878 814; x_wconf 88' lang='lat' dir='ltr'>solum</span> <span class='ocrx_word' id='word_1_48' title='bbox 895 751 928 814; x_wconf 91' lang='lat' dir='ltr'>in</span> <span class='ocrx_word' id='word_1_49' title='bbox 942 769 1010 813; x_wconf 94' lang='lat' dir='ltr'>uno</span> <span class='ocrx_word' id='word_1_50' title='bbox 1021 757 1080 810; x_wconf 87' lang='lat' dir='ltr'>aut</span> <span class='ocrx_word' id='word_1_51' title='bbox 1096 748 1129 810; x_wconf 93' lang='lat' dir='ltr'>in</span> 
     </span>
     <span class='ocr_line' id='line_1_8' title="bbox 46 851 1130 939; baseline -0.005 -22"><span class='ocrx_word' id='word_1_52' title='bbox 46 854 138 918; x_wconf 74' lang='lat' dir='ltr'>altero</span> <span class='ocrx_word' id='word_1_53' title='bbox 155 857 238 932; x_wconf 89' lang='lat' dir='ltr'>loco,</span> <span class='ocrx_word' id='word_1_54' title='bbox 249 857 308 919; x_wconf 91' lang='lat' dir='ltr'>sed</span> <span class='ocrx_word' id='word_1_55' title='bbox 325 857 426 920; x_wconf 85' lang='lat' dir='ltr'>etiarn</span> <span class='ocrx_word' id='word_1_56' title='bbox 444 859 533 939; x_wconf 88' lang='lat' dir='ltr'>apud</span> <span class='ocrx_word' id='word_1_57' title='bbox 550 877 667 922; x_wconf 92' lang='lat' dir='ltr'>omnes</span> <span class='ocrx_word' id='word_1_58' title='bbox 683 865 810 938; x_wconf 71' lang='lat' dir='ltr'>gentes</span> <span class='ocrx_word' id='word_1_59' title='bbox 826 855 894 916; x_wconf 91' lang='lat' dir='ltr'>imo</span> <span class='ocrx_word' id='word_1_60' title='bbox 910 853 999 935; x_wconf 87' lang='lat' dir='ltr'>apud</span> <span class='ocrx_word' id='word_1_61' title='bbox 1016 851 1130 913; x_wconf 90' lang='lat' dir='ltr'>omnia</span> 
     </span>
     <span class='ocr_line' id='line_1_9' title="bbox 46 956 1129 1042; baseline -0.003 -24"><span class='ocrx_word' id='word_1_62' title='bbox 46 957 233 1035; x_wconf 52' lang='lat' dir='ltr'>individue,</span> <span class='ocrx_word' id='word_1_63' title='bbox 258 959 350 1040; x_wconf 89' lang='lat' dir='ltr'>atqui</span> <span class='ocrx_word' id='word_1_64' title='bbox 375 959 524 1023; x_wconf 88' lang='lat' dir='ltr'>infideles</span> <span class='ocrx_word' id='word_1_65' title='bbox 547 960 691 1042; x_wconf 85' lang='lat' dir='ltr'>negativi</span> <span class='ocrx_word' id='word_1_66' title='bbox 716 979 885 1042; x_wconf 87' lang='lat' dir='ltr'>nunquam</span> <span class='ocrx_word' id='word_1_67' title='bbox 910 959 953 1021; x_wconf 89' lang='lat' dir='ltr'>de</span> <span class='ocrx_word' id='word_1_68' title='bbox 976 956 1031 1018; x_wconf 68' lang='lat' dir='ltr'>ille</span> <span class='ocrx_word' id='word_1_69' title='bbox 1056 975 1129 1037; x_wconf 91' lang='lat' dir='ltr'>pro·</span> 
     </span>
     <span class='ocr_line' id='line_1_10' title="bbox 46 1060 1130 1142; baseline -0.001 -21"><span class='ocrx_word' id='word_1_70' title='bbox 46 1061 239 1142; x_wconf 86' lang='lat' dir='ltr'>mulgatione</span> <span class='ocrx_word' id='word_1_71' title='bbox 256 1062 441 1137; x_wconf 87' lang='lat' dir='ltr'>audierunt,</span> <span class='ocrx_word' id='word_1_72' title='bbox 456 1073 490 1126; x_wconf 90' lang='lat' dir='ltr'>et</span> <span class='ocrx_word' id='word_1_73' title='bbox 511 1062 611 1126; x_wconf 90' lang='lat' dir='ltr'>hodie</span> <span class='ocrx_word' id='word_1_74' title='bbox 632 1063 740 1126; x_wconf 87' lang='lat' dir='ltr'>adhuc</span> <span class='ocrx_word' id='word_1_75' title='bbox 762 1063 976 1124; x_wconf 91' lang='lat' dir='ltr'>inveniuntur</span> <span class='ocrx_word' id='word_1_76' title='bbox 992 1060 1130 1140; x_wconf 78' lang='lat' dir='ltr'>integrae</span> 
     </span>
     <span class='ocr_line' id='line_1_11' title="bbox 45 1161 1131 1248; baseline -0.003 -22"><span class='ocrx_word' id='word_1_77' title='bbox 45 1176 158 1244; x_wconf 82' lang='lat' dir='ltr'>gentes,</span> <span class='ocrx_word' id='word_1_78' title='bbox 174 1168 207 1228; x_wconf 92' lang='lat' dir='ltr'>in</span> <span class='ocrx_word' id='word_1_79' title='bbox 225 1167 349 1248; x_wconf 87' lang='lat' dir='ltr'>quibus</span> <span class='ocrx_word' id='word_1_80' title='bbox 369 1167 423 1228; x_wconf 90' lang='lat' dir='ltr'>lex</span> <span class='ocrx_word' id='word_1_81' title='bbox 448 1166 640 1248; x_wconf 84' lang='lat' dir='ltr'>evangelica</span> <span class='ocrx_word' id='word_1_82' title='bbox 663 1167 800 1228; x_wconf 90' lang='lat' dir='ltr'>minime</span> <span class='ocrx_word' id='word_1_83' title='bbox 824 1163 1037 1246; x_wconf 86' lang='lat' dir='ltr'>promulgata</span> <span class='ocrx_word' id='word_1_84' title='bbox 1060 1161 1131 1235; x_wconf 83' lang='lat' dir='ltr'>luit,</span> 
     </span>
     <span class='ocr_line' id='line_1_12' title="bbox 45 1263 1131 1349; baseline -0.003 -22"><span class='ocrx_word' id='word_1_85' title='bbox 45 1277 92 1328; x_wconf 87' lang='lat' dir='ltr'>aut</span> <span class='ocrx_word' id='word_1_86' title='bbox 114 1268 232 1330; x_wconf 90' lang='lat' dir='ltr'>saltem</span> <span class='ocrx_word' id='word_1_87' title='bbox 256 1267 352 1331; x_wconf 89' lang='lat' dir='ltr'>valde</span> <span class='ocrx_word' id='word_1_88' title='bbox 375 1265 631 1347; x_wconf 83' lang='lat' dir='ltr'>insufficienter;</span> <span class='ocrx_word' id='word_1_89' title='bbox 658 1288 738 1349; x_wconf 89' lang='lat' dir='ltr'>ergo</span> <span class='ocrx_word' id='word_1_90' title='bbox 762 1268 818 1330; x_wconf 91' lang='lat' dir='ltr'>lex</span> <span class='ocrx_word' id='word_1_91' title='bbox 842 1265 1033 1347; x_wconf 86' lang='lat' dir='ltr'>evangelica</span> <span class='ocrx_word' id='word_1_92' title='bbox 1057 1263 1131 1326; x_wconf 89' lang='lat' dir='ltr'>illos</span> 
     </span>
     <span class='ocr_line' id='line_1_13' title="bbox 46 1370 606 1451; baseline 0.004 -23"><span class='ocrx_word' id='word_1_93' title='bbox 46 1388 100 1430; x_wconf 92' lang='lat' dir='ltr'>non</span> <span class='ocrx_word' id='word_1_94' title='bbox 116 1370 253 1451; x_wconf 85' lang='lat' dir='ltr'>obligat.</span> <span class='ocrx_word' id='word_1_95' title='bbox 603 1377 606 1383; x_wconf 85' lang='lat'>&#39;</span> 
     </span>
    </p>

    <p class='ocr_par' dir='ltr' id='par_1_4' title="bbox 45 1467 1131 1862">
     <span class='ocr_line' id='line_1_14' title="bbox 82 1467 1129 1554; baseline -0.004 -20"><span class='ocrx_word' id='word_1_96' title='bbox 82 1485 114 1534; x_wconf 87' lang='lat'>20</span> <span class='ocrx_word' id='word_1_97' title='bbox 124 1473 344 1537; x_wconf 89' lang='lat' dir='ltr'>Communius</span> <span class='ocrx_word' id='word_1_98' title='bbox 360 1483 473 1536; x_wconf 86' lang='lat' dir='ltr'>tamen</span> <span class='ocrx_word' id='word_1_99' title='bbox 491 1471 637 1554; x_wconf 86' lang='lat' dir='ltr'>theologi</span> <span class='ocrx_word' id='word_1_100' title='bbox 653 1474 776 1536; x_wconf 86' lang='lat' dir='ltr'>docent</span> <span class='ocrx_word' id='word_1_101' title='bbox 791 1492 864 1534; x_wconf 87' lang='lat' dir='ltr'>curn</span> <span class='ocrx_word' id='word_1_102' title='bbox 878 1471 1005 1533; x_wconf 65' lang='lat' dir='ltr'>Suara-‘r</span> <span class='ocrx_word' id='word_1_103' title='bbox 1021 1467 1129 1550; x_wconf 88' lang='lat' dir='ltr'>legem</span> 
     </span>
     <span class='ocr_line' id='line_1_15' title="bbox 46 1571 1129 1656; baseline -0.001 -23"><span class='ocrx_word' id='word_1_104' title='bbox 46 1571 195 1655; x_wconf 87' lang='lat' dir='ltr'>Baptismi</span> <span class='ocrx_word' id='word_1_105' title='bbox 213 1575 361 1656; x_wconf 90' lang='lat' dir='ltr'>obligare</span> <span class='ocrx_word' id='word_1_106' title='bbox 376 1577 477 1638; x_wconf 86' lang='lat' dir='ltr'>etiam</span> <span class='ocrx_word' id='word_1_107' title='bbox 496 1572 645 1636; x_wconf 89' lang='lat' dir='ltr'>infideles</span> <span class='ocrx_word' id='word_1_108' title='bbox 661 1575 846 1655; x_wconf 85' lang='lat' dir='ltr'>negativos.</span> <span class='ocrx_word' id='word_1_109' title='bbox 897 1573 984 1636; x_wconf 90' lang='lat' dir='ltr'>Nam</span> <span class='ocrx_word' id='word_1_110' title='bbox 1002 1571 1057 1634; x_wconf 89' lang='lat' dir='ltr'>illa</span> <span class='ocrx_word' id='word_1_111' title='bbox 1074 1572 1129 1632; x_wconf 82' lang='lat' dir='ltr'>lex</span> 
     </span>
     <span class='ocr_line' id='line_1_16' title="bbox 45 1673 1129 1758; baseline 0 -22"><span class='ocrx_word' id='word_1_112' title='bbox 45 1686 87 1737; x_wconf 87' lang='lat' dir='ltr'>est</span> <span class='ocrx_word' id='word_1_113' title='bbox 107 1677 246 1750; x_wconf 77' lang='lat' dir='ltr'>irritanS,</span> <span class='ocrx_word' id='word_1_114' title='bbox 262 1697 319 1740; x_wconf 94' lang='lat' dir='ltr'>seu</span> <span class='ocrx_word' id='word_1_115' title='bbox 342 1677 529 1740; x_wconf 88' lang='lat' dir='ltr'>invalidans</span> <span class='ocrx_word' id='word_1_116' title='bbox 546 1677 720 1758; x_wconf 87' lang='lat' dir='ltr'>antiquum</span> <span class='ocrx_word' id='word_1_117' title='bbox 743 1675 926 1738; x_wconf 91' lang='lat' dir='ltr'>remedium</span> <span class='ocrx_word' id='word_1_118' title='bbox 943 1683 1021 1736; x_wconf 88' lang='lat' dir='ltr'>ante</span> <span class='ocrx_word' id='word_1_119' title='bbox 1038 1673 1129 1737; x_wconf 88' lang='lat' dir='ltr'>Chri·</span> 
     </span>
     <span class='ocr_line' id='line_1_17' title="bbox 46 1777 1131 1862; baseline -0.001 -23"><span class='ocrx_word' id='word_1_120' title='bbox 46 1787 121 1840; x_wconf 89' lang='lat' dir='ltr'>stum</span> <span class='ocrx_word' id='word_1_121' title='bbox 135 1781 340 1856; x_wconf 89' lang='lat' dir='ltr'>institutum;</span> <span class='ocrx_word' id='word_1_122' title='bbox 361 1780 454 1862; x_wconf 89' lang='lat' dir='ltr'>atqui</span> <span class='ocrx_word' id='word_1_123' title='bbox 469 1779 524 1842; x_wconf 87' lang='lat' dir='ltr'>lex</span> <span class='ocrx_word' id='word_1_124' title='bbox 538 1779 667 1842; x_wconf 86' lang='lat' dir='ltr'>irritans</span> <span class='ocrx_word' id='word_1_125' title='bbox 680 1779 808 1861; x_wconf 85' lang='lat' dir='ltr'>obligat</span> <span class='ocrx_word' id='word_1_126' title='bbox 820 1779 933 1842; x_wconf 89' lang='lat' dir='ltr'>statim</span> <span class='ocrx_word' id='word_1_127' title='bbox 947 1798 986 1840; x_wconf 88' lang='lat' dir='ltr'>ac</span> <span class='ocrx_word' id='word_1_128' title='bbox 999 1777 1131 1861; x_wconf 90' lang='lat' dir='ltr'>publice</span> 
     </span>
    </p>
   </div>
   <div class='ocr_carea' id='block_1_4' title="bbox 46 1879 1360 1963">
    <p class='ocr_par' dir='ltr' id='par_1_5' title="bbox 46 1879 1360 1963">
     <span class='ocr_line' id='line_1_18' title="bbox 46 1879 1360 1963; baseline -0.004 -22"><span class='ocrx_word' id='word_1_129' title='bbox 46 1879 98 1942; x_wconf 85' lang='lat' dir='ltr'>suit</span> <span class='ocrx_word' id='word_1_130' title='bbox 113 1882 332 1962; x_wconf 83' lang='lat' dir='ltr'>promulgata,</span> <span class='ocrx_word' id='word_1_131' title='bbox 342 1882 473 1944; x_wconf 86' lang='lat' dir='ltr'>etiamsi</span> <span class='ocrx_word' id='word_1_132' title='bbox 491 1901 548 1962; x_wconf 90' lang='lat' dir='ltr'>per</span> <span class='ocrx_word' id='word_1_133' title='bbox 563 1881 717 1944; x_wconf 88' lang='lat' dir='ltr'>accidens</span> <span class='ocrx_word' id='word_1_134' title='bbox 734 1903 753 1944; x_wconf 87' lang='lat' dir='ltr'>a</span> <span class='ocrx_word' id='word_1_135' title='bbox 770 1881 970 1963; x_wconf 80' lang='lat' dir='ltr'>quibusdam</span> <span class='ocrx_word' id='word_1_136' title='bbox 988 1879 1130 1942; x_wconf 91' lang='lat' dir='ltr'>subditis</span> <span class='ocrx_word' id='word_1_137' title='bbox 1244 1931 1248 1936; x_wconf 93' lang='lat'>.</span> <span class='ocrx_word' id='word_1_138' title='bbox 1359 1889 1360 1892; x_wconf 73' lang='grc'>’</span> 
     </span>
    </p>
   </div>
   <div class='ocr_carea' id='block_1_5' title="bbox 35 1981 1129 3172">
    <p class='ocr_par' dir='ltr' id='par_1_6' title="bbox 46 1981 1129 2169">
     <span class='ocr_line' id='line_1_19' title="bbox 46 1981 1129 2065; baseline 0.002 -23"><span class='ocrx_word' id='word_1_139' title='bbox 46 1981 212 2062; x_wconf 84' lang='lat' dir='ltr'>ignoretur,</span> <span class='ocrx_word' id='word_1_140' title='bbox 229 1985 275 2046; x_wconf 87' lang='lat' dir='ltr'>ita</span> <span class='ocrx_word' id='word_1_141' title='bbox 291 2005 320 2046; x_wconf 92' lang='lat' dir='ltr'>v.</span> <span class='ocrx_word' id='word_1_142' title='bbox 336 2003 366 2065; x_wconf 90' lang='lat' dir='ltr'>g.</span> <span class='ocrx_word' id='word_1_143' title='bbox 383 1983 439 2046; x_wconf 89' lang='lat' dir='ltr'>lex</span> <span class='ocrx_word' id='word_1_144' title='bbox 463 1984 594 2046; x_wconf 87' lang='lat' dir='ltr'>irritans</span> <span class='ocrx_word' id='word_1_145' title='bbox 617 1983 825 2049; x_wconf 88' lang='lat' dir='ltr'>clandestina</span> <span class='ocrx_word' id='word_1_146' title='bbox 847 1983 1058 2045; x_wconf 88' lang='lat' dir='ltr'>matrimonia</span> <span class='ocrx_word' id='word_1_147' title='bbox 1074 2003 1129 2044; x_wconf 86' lang='lat' dir='ltr'>va-</span> 
     </span>
     <span class='ocr_line' id='line_1_20' title="bbox 46 2083 923 2169; baseline 0.006 -26"><span class='ocrx_word' id='word_1_148' title='bbox 46 2083 84 2146; x_wconf 85' lang='lat' dir='ltr'>let</span> <span class='ocrx_word' id='word_1_149' title='bbox 98 2087 194 2148; x_wconf 90' lang='lat' dir='ltr'>etiam</span> <span class='ocrx_word' id='word_1_150' title='bbox 212 2106 272 2166; x_wconf 91' lang='lat' dir='ltr'>pro</span> <span class='ocrx_word' id='word_1_151' title='bbox 289 2085 352 2147; x_wconf 93' lang='lat' dir='ltr'>illis</span> <span class='ocrx_word' id='word_1_152' title='bbox 369 2087 527 2166; x_wconf 90' lang='lat' dir='ltr'>personis,</span> <span class='ocrx_word' id='word_1_153' title='bbox 542 2107 618 2167; x_wconf 86' lang='lat' dir='ltr'>quae</span> <span class='ocrx_word' id='word_1_154' title='bbox 635 2086 742 2168; x_wconf 84' lang='lat' dir='ltr'>legem</span> <span class='ocrx_word' id='word_1_155' title='bbox 760 2088 923 2169; x_wconf 90' lang='lat' dir='ltr'>ignorant.</span> 
     </span>
    </p>

    <p class='ocr_par' dir='ltr' id='par_1_7' title="bbox 35 2186 1129 3172">
     <span class='ocr_line' id='line_1_21' title="bbox 83 2186 1128 2260; baseline -0.002 -12"><span class='ocrx_word' id='word_1_156' title='bbox 83 2188 167 2248; x_wconf 88' lang='lat' dir='ltr'>Prior</span> <span class='ocrx_word' id='word_1_157' title='bbox 184 2198 296 2249; x_wconf 86' lang='lat' dir='ltr'>tamen</span> <span class='ocrx_word' id='word_1_158' title='bbox 313 2189 479 2250; x_wconf 89' lang='lat' dir='ltr'>sententia</span> <span class='ocrx_word' id='word_1_159' title='bbox 495 2189 691 2251; x_wconf 90' lang='lat' dir='ltr'>nullomodo</span> <span class='ocrx_word' id='word_1_160' title='bbox 707 2188 769 2252; x_wconf 83' lang='lat' dir='ltr'>luit</span> <span class='ocrx_word' id='word_1_161' title='bbox 784 2187 1016 2260; x_wconf 86' lang='lat' dir='ltr'>condemnata,</span> <span class='ocrx_word' id='word_1_162' title='bbox 1032 2196 1066 2249; x_wconf 88' lang='lat' dir='ltr'>et</span> <span class='ocrx_word' id='word_1_163' title='bbox 1082 2186 1128 2248; x_wconf 92' lang='lat' dir='ltr'>vi·</span> 
     </span>
     <span class='ocr_line' id='line_1_22' title="bbox 46 2288 1128 2371; baseline 0.002 -23"><span class='ocrx_word' id='word_1_164' title='bbox 46 2289 130 2352; x_wconf 88' lang='lat' dir='ltr'>detur</span> <span class='ocrx_word' id='word_1_165' title='bbox 144 2289 345 2352; x_wconf 79' lang='lat' dir='ltr'>conformior</span> <span class='ocrx_word' id='word_1_166' title='bbox 360 2291 532 2371; x_wconf 86' lang='lat' dir='ltr'>sapientiae</span> <span class='ocrx_word' id='word_1_167' title='bbox 548 2302 582 2353; x_wconf 87' lang='lat' dir='ltr'>et</span> <span class='ocrx_word' id='word_1_168' title='bbox 604 2290 837 2353; x_wconf 71' lang='lat' dir='ltr'>misericordiae</span> <span class='ocrx_word' id='word_1_169' title='bbox 855 2289 918 2352; x_wconf 94' lang='lat' dir='ltr'>Dei</span> <span class='ocrx_word' id='word_1_170' title='bbox 935 2313 942 2364; x_wconf 88' lang='lat'>;</span> <span class='ocrx_word' id='word_1_171' title='bbox 965 2288 1128 2369; x_wconf 91' lang='lat' dir='ltr'>quidquid</span> 
     </span>
     <span class='ocr_line' id='line_1_23' title="bbox 46 2389 1128 2473; baseline 0.002 -23"><span class='ocrx_word' id='word_1_172' title='bbox 46 2391 121 2453; x_wconf 89' lang='lat' dir='ltr'>enirn</span> <span class='ocrx_word' id='word_1_173' title='bbox 133 2393 263 2455; x_wconf 84' lang='lat' dir='ltr'>dicatur</span> <span class='ocrx_word' id='word_1_174' title='bbox 274 2392 316 2454; x_wconf 93' lang='lat' dir='ltr'>de</span> <span class='ocrx_word' id='word_1_175' title='bbox 329 2393 360 2454; x_wconf 94' lang='lat' dir='ltr'>vi</span> <span class='ocrx_word' id='word_1_176' title='bbox 375 2391 456 2473; x_wconf 89' lang='lat' dir='ltr'>legis</span> <span class='ocrx_word' id='word_1_177' title='bbox 473 2393 631 2458; x_wconf 83' lang='lat' dir='ltr'>irritantis</span> <span class='ocrx_word' id='word_1_178' title='bbox 644 2393 808 2466; x_wconf 68' lang='lat' dir='ltr'>humanae,</span> <span class='ocrx_word' id='word_1_179' title='bbox 823 2412 888 2453; x_wconf 96' lang='lat' dir='ltr'>non</span> <span class='ocrx_word' id='word_1_180' title='bbox 905 2391 1002 2454; x_wconf 92' lang='lat' dir='ltr'>decet</span> <span class='ocrx_word' id='word_1_181' title='bbox 1019 2399 1055 2454; x_wconf 92' lang='lat' dir='ltr'>ut</span> <span class='ocrx_word' id='word_1_182' title='bbox 1072 2389 1128 2453; x_wconf 91' lang='lat' dir='ltr'>lex</span> 
     </span>
     <span class='ocr_line' id='line_1_24' title="bbox 45 2492 1129 2577; baseline 0.005 -27"><span class='ocrx_word' id='word_1_183' title='bbox 45 2492 144 2554; x_wconf 83' lang='lat' dir='ltr'>divina</span> <span class='ocrx_word' id='word_1_184' title='bbox 159 2495 192 2556; x_wconf 93' lang='lat' dir='ltr'>in</span> <span class='ocrx_word' id='word_1_185' title='bbox 206 2494 410 2556; x_wconf 88' lang='lat' dir='ltr'>conscientia</span> <span class='ocrx_word' id='word_1_186' title='bbox 423 2493 496 2558; x_wconf 90' lang='lat' dir='ltr'>illos</span> <span class='ocrx_word' id='word_1_187' title='bbox 508 2496 635 2576; x_wconf 91' lang='lat' dir='ltr'>obliget</span> <span class='ocrx_word' id='word_1_188' title='bbox 650 2496 706 2577; x_wconf 92' lang='lat' dir='ltr'>qui</span> <span class='ocrx_word' id='word_1_189' title='bbox 723 2515 797 2558; x_wconf 84' lang='lat' dir='ltr'>eam</span> <span class='ocrx_word' id='word_1_190' title='bbox 815 2514 948 2577; x_wconf 89' lang='lat' dir='ltr'>prorsus</span> <span class='ocrx_word' id='word_1_191' title='bbox 965 2495 1129 2575; x_wconf 84' lang='lat' dir='ltr'>ignorant,</span> 
     </span>
     <span class='ocr_line' id='line_1_25' title="bbox 45 2596 1128 2673; baseline 0.002 -18"><span class='ocrx_word' id='word_1_192' title='bbox 45 2597 213 2673; x_wconf 74' lang='lat' dir='ltr'>presertim</span> <span class='ocrx_word' id='word_1_193' title='bbox 227 2596 260 2657; x_wconf 92' lang='lat' dir='ltr'>in</span> <span class='ocrx_word' id='word_1_194' title='bbox 275 2596 412 2658; x_wconf 63' lang='lat' dir='ltr'>materia</span> <span class='ocrx_word' id='word_1_195' title='bbox 425 2597 466 2659; x_wconf 87' lang='lat' dir='ltr'>ad</span> <span class='ocrx_word' id='word_1_196' title='bbox 480 2597 620 2661; x_wconf 84' lang='lat' dir='ltr'>salutern</span> <span class='ocrx_word' id='word_1_197' title='bbox 631 2599 783 2662; x_wconf 89' lang='lat' dir='ltr'>absolute</span> <span class='ocrx_word' id='word_1_198' title='bbox 797 2598 989 2660; x_wconf 55' lang='lat' dir='ltr'>necessarie.</span> <span class='ocrx_word' id='word_1_199' title='bbox 1035 2597 1128 2659; x_wconf 89' lang='lat' dir='ltr'>Deus</span> 
     </span>
     <span class='ocr_line' id='line_1_26' title="bbox 45 2697 1127 2781; baseline 0.003 -25"><span class='ocrx_word' id='word_1_200' title='bbox 45 2698 120 2760; x_wconf 90' lang='lat' dir='ltr'>enim</span> <span class='ocrx_word' id='word_1_201' title='bbox 142 2699 198 2781; x_wconf 91' lang='lat' dir='ltr'>qui</span> <span class='ocrx_word' id='word_1_202' title='bbox 222 2697 294 2761; x_wconf 91' lang='lat' dir='ltr'>vult</span> <span class='ocrx_word' id='word_1_203' title='bbox 317 2699 442 2760; x_wconf 93' lang='lat' dir='ltr'>sincere</span> <span class='ocrx_word' id='word_1_204' title='bbox 469 2701 610 2764; x_wconf 89' lang='lat' dir='ltr'>salutem</span> <span class='ocrx_word' id='word_1_205' title='bbox 634 2701 793 2774; x_wconf 90' lang='lat' dir='ltr'>omnium,</span> <span class='ocrx_word' id='word_1_206' title='bbox 816 2720 883 2762; x_wconf 93' lang='lat' dir='ltr'>non</span> <span class='ocrx_word' id='word_1_207' title='bbox 911 2707 1020 2781; x_wconf 88' lang='lat' dir='ltr'>potest</span> <span class='ocrx_word' id='word_1_208' title='bbox 1045 2698 1127 2762; x_wconf 91' lang='lat' dir='ltr'>mul·</span> 
     </span>
     <span class='ocr_line' id='line_1_27' title="bbox 35 2799 1128 2881; baseline 0.003 -22"><span class='ocrx_word' id='word_1_209' title='bbox 35 2801 89 2862; x_wconf 88' lang='lat' dir='ltr'>&#39;tos</span> <span class='ocrx_word' id='word_1_210' title='bbox 122 2801 273 2864; x_wconf 88' lang='lat' dir='ltr'>homines</span> <span class='ocrx_word' id='word_1_211' title='bbox 310 2801 381 2864; x_wconf 92' lang='lat' dir='ltr'>sine</span> <span class='ocrx_word' id='word_1_212' title='bbox 418 2801 593 2866; x_wconf 87' lang='lat' dir='ltr'>sufficienti</span> <span class='ocrx_word' id='word_1_213' title='bbox 632 2801 748 2864; x_wconf 87' lang='lat' dir='ltr'>salutis</span> <span class='ocrx_word' id='word_1_214' title='bbox 780 2802 891 2864; x_wconf 91' lang='lat' dir='ltr'>medio</span> <span class='ocrx_word' id='word_1_215' title='bbox 922 2799 1128 2881; x_wconf 88' lang='lat' dir='ltr'>relinquere;</span> 
     </span>
     <span class='ocr_line' id='line_1_28' title="bbox 45 2902 1127 2980; baseline 0.002 -18"><span class='ocrx_word' id='word_1_216' title='bbox 45 2905 121 2980; x_wconf 89' lang='lat' dir='ltr'>quod</span> <span class='ocrx_word' id='word_1_217' title='bbox 147 2912 260 2966; x_wconf 88' lang='lat' dir='ltr'>tamen</span> <span class='ocrx_word' id='word_1_218' title='bbox 287 2902 465 2966; x_wconf 90' lang='lat' dir='ltr'>dicendum</span> <span class='ocrx_word' id='word_1_219' title='bbox 489 2913 577 2968; x_wconf 91' lang='lat' dir='ltr'>esset</span> <span class='ocrx_word' id='word_1_220' title='bbox 600 2904 643 2966; x_wconf 93' lang='lat' dir='ltr'>de</span> <span class='ocrx_word' id='word_1_221' title='bbox 670 2903 745 2966; x_wconf 89' lang='lat' dir='ltr'>filiis</span> <span class='ocrx_word' id='word_1_222' title='bbox 769 2903 961 2978; x_wconf 85' lang='lat' dir='ltr'>infidelium,</span> <span class='ocrx_word' id='word_1_223' title='bbox 985 2903 1011 2964; x_wconf 93' lang='lat' dir='ltr'>si</span> <span class='ocrx_word' id='word_1_224' title='bbox 1040 2921 1127 2965; x_wconf 89' lang='lat' dir='ltr'>novo</span> 
     </span>
     <span class='ocr_line' id='line_1_29' title="bbox 45 3004 1128 3088; baseline 0.006 -27"><span class='ocrx_word' id='word_1_225' title='bbox 45 3004 144 3067; x_wconf 88' lang='lat' dir='ltr'>salutis</span> <span class='ocrx_word' id='word_1_226' title='bbox 174 3006 287 3068; x_wconf 91' lang='lat' dir='ltr'>medio</span> <span class='ocrx_word' id='word_1_227' title='bbox 318 3007 466 3069; x_wconf 90' lang='lat' dir='ltr'>nondum</span> <span class='ocrx_word' id='word_1_228' title='bbox 497 3005 683 3088; x_wconf 87' lang='lat' dir='ltr'>divulgat0,</span> <span class='ocrx_word' id='word_1_229' title='bbox 712 3015 824 3069; x_wconf 88' lang='lat' dir='ltr'>vetera</span> <span class='ocrx_word' id='word_1_230' title='bbox 855 3006 965 3068; x_wconf 86' lang='lat' dir='ltr'>media</span> <span class='ocrx_word' id='word_1_231' title='bbox 996 3004 1128 3068; x_wconf 81' lang='lat' dir='ltr'>sublata</span> 
     </span>
     <span class='ocr_line' id='line_1_30' title="bbox 46 3104 200 3172; baseline 0.039 -8"><span class='ocrx_word' id='word_1_232' title='bbox 46 3104 168 3172; x_wconf 83' lang='lat' dir='ltr'>fuissent</span> <span class='ocrx_word' id='word_1_233' title='bbox 181 3119 200 3170; x_wconf 89' lang='lat'>¹.</span> 
     </span>
    </p>
   </div>
   <div class='ocr_carea' id='block_1_6' title="bbox 64 3239 1105 3316">
    <p class='ocr_par' dir='ltr' id='par_1_8' title="bbox 64 3239 1105 3316">
     <span class='ocr_line' id='line_1_31' title="bbox 64 3239 1105 3316; baseline 0.005 -22"><span class='ocrx_word' id='word_1_234' title='bbox 64 3239 105 3296; x_wconf 87' lang='lat' dir='ltr'>ll.</span> <span class='ocrx_word' id='word_1_235' title='bbox 121 3241 175 3300; x_wconf 88' lang='lat' dir='ltr'>De</span> <span class='ocrx_word' id='word_1_236' title='bbox 190 3241 331 3298; x_wconf 78' lang='lat' dir='ltr'>mediis</span> <span class='ocrx_word' id='word_1_237' title='bbox 350 3241 495 3315; x_wconf 86' lang='lat' dir='ltr'>qulbus</span> <span class='ocrx_word' id='word_1_238' title='bbox 513 3243 719 3316; x_wconf 86' lang='lat' dir='ltr'>suppletur</span> <span class='ocrx_word' id='word_1_239' title='bbox 737 3243 962 3314; x_wconf 83' lang='lat' dir='ltr'>Baptismus</span> <span class='ocrx_word' id='word_1_240' title='bbox 978 3257 1105 3314; x_wconf 78' lang='lat' dir='ltr'>aquae.</span> 
     </span>
    </p>
   </div>
   <div class='ocr_carea' id='block_1_7' title="bbox 47 3365 1126 3656">
    <p class='ocr_par' dir='ltr' id='par_1_9' title="bbox 47 3365 1126 3656">
     <span class='ocr_line' id='line_1_32' title="bbox 81 3365 1126 3451; baseline 0.003 -22"><span class='ocrx_word' id='word_1_241' title='bbox 81 3365 187 3430; x_wconf 84' lang='lat' dir='ltr'>Media</span> <span class='ocrx_word' id='word_1_242' title='bbox 210 3367 266 3430; x_wconf 91' lang='lat' dir='ltr'>illa</span> <span class='ocrx_word' id='word_1_243' title='bbox 290 3369 357 3430; x_wconf 93' lang='lat' dir='ltr'>duo</span> <span class='ocrx_word' id='word_1_244' title='bbox 380 3378 482 3432; x_wconf 89' lang='lat' dir='ltr'>sunt:</span> <span class='ocrx_word' id='word_1_245' title='bbox 509 3369 638 3444; x_wconf 82' lang='lat' dir='ltr'>caritas,</span> <span class='ocrx_word' id='word_1_246' title='bbox 662 3379 722 3431; x_wconf 85' lang='lat' dir='ltr'>aut</span> <span class='ocrx_word' id='word_1_247' title='bbox 743 3369 891 3432; x_wconf 76' lang='lat' dir='ltr'>contritio</span> <span class='ocrx_word' id='word_1_248' title='bbox 915 3367 1068 3451; x_wconf 66' lang='lat' dir='ltr'>perfed&#39;ta,</span> <span class='ocrx_word' id='word_1_249' title='bbox 1092 3379 1126 3432; x_wconf 92' lang='lat' dir='ltr'>et</span> 
     </span>
     <span class='ocr_line' id='line_1_33' title="bbox 47 3467 1123 3555; baseline 0.008 -29"><span class='ocrx_word' id='word_1_250' title='bbox 47 3472 246 3550; x_wconf 79' lang='lat' dir='ltr'>rrrartyrr&#39;um;</span> <span class='ocrx_word' id='word_1_251' title='bbox 270 3472 359 3553; x_wconf 92' lang='lat' dir='ltr'>prius</span> <span class='ocrx_word' id='word_1_252' title='bbox 372 3472 460 3536; x_wconf 88' lang='lat' dir='ltr'>solos</span> <span class='ocrx_word' id='word_1_253' title='bbox 473 3467 615 3549; x_wconf 85' lang='lat' dir='ltr'>adultos,</span> <span class='ocrx_word' id='word_1_254' title='bbox 628 3473 791 3555; x_wconf 90' lang='lat' dir='ltr'>posterius</span> <span class='ocrx_word' id='word_1_255' title='bbox 808 3484 879 3538; x_wconf 91' lang='lat' dir='ltr'>tum</span> <span class='ocrx_word' id='word_1_256' title='bbox 896 3471 1039 3546; x_wconf 70' lang='lat' dir='ltr'>adultos</span> <span class='ocrx_word' id='word_1_257' title='bbox 1052 3483 1123 3535; x_wconf 91' lang='lat' dir='ltr'>tum</span> 
     </span>
     <span class='ocr_line' id='line_1_34' title="bbox 48 3575 342 3656; baseline 0.014 -23"><span class='ocrx_word' id='word_1_258' title='bbox 48 3575 184 3650; x_wconf 73' lang='lat' dir='ltr'>pan-&#39;ulos</span> <span class='ocrx_word' id='word_1_259' title='bbox 201 3575 342 3656; x_wconf 91' lang='lat' dir='ltr'>respicit.</span> 
     </span>
    </p>
   </div>
   <div class='ocr_carea' id='block_1_8' title="bbox 356 3709 808 3794">
    <p class='ocr_par' dir='ltr' id='par_1_10' title="bbox 356 3709 808 3794">
     <span class='ocr_line' id='line_1_35' title="bbox 356 3709 808 3794; baseline 0.004 -22"><span class='ocrx_word' id='word_1_260' title='bbox 356 3723 388 3772; x_wconf 87' lang='lat'>10</span> <span class='ocrx_word' id='word_1_261' title='bbox 404 3709 456 3772; x_wconf 86' lang='lat' dir='ltr'>De</span> <span class='ocrx_word' id='word_1_262' title='bbox 470 3710 640 3792; x_wconf 59' lang='lat' dir='ltr'>Baptrlrmo</span> <span class='ocrx_word' id='word_1_263' title='bbox 646 3712 808 3794; x_wconf 77' lang='lat' dir='ltr'>staminis.</span> 
     </span>
    </p>
   </div>
   <div class='ocr_carea' id='block_1_9' title="bbox 48 3843 1126 4129">
    <p class='ocr_par' dir='ltr' id='par_1_11' title="bbox 48 3843 1126 4129">
     <span class='ocr_line' id='line_1_36' title="bbox 80 3843 1122 3930; baseline 0.003 -22"><span class='ocrx_word' id='word_1_264' title='bbox 80 3857 123 3920; x_wconf 80' lang='grc' dir='ltr'>4ο.</span> <span class='ocrx_word' id='word_1_265' title='bbox 169 3843 327 3908; x_wconf 84' lang='lat' dir='ltr'>Contrr’tr&#39;o</span> <span class='ocrx_word' id='word_1_266' title='bbox 342 3855 403 3906; x_wconf 85' lang='lat' dir='ltr'>aut</span> <span class='ocrx_word' id='word_1_267' title='bbox 415 3846 537 3908; x_wconf 83' lang='lat' dir='ltr'>caritas</span> <span class='ocrx_word' id='word_1_268' title='bbox 544 3847 696 3927; x_wconf 66' lang='lat' dir='ltr'>perfetio,</span> <span class='ocrx_word' id='word_1_269' title='bbox 712 3869 783 3909; x_wconf 84' lang='lat' dir='ltr'>cum</span> <span class='ocrx_word' id='word_1_270' title='bbox 799 3857 870 3910; x_wconf 86' lang='lat' dir='ltr'>voto</span> <span class='ocrx_word' id='word_1_271' title='bbox 885 3847 999 3910; x_wconf 84' lang='lat' dir='ltr'>saltem</span> <span class='ocrx_word' id='word_1_272' title='bbox 1016 3849 1122 3930; x_wconf 84' lang='lat' dir='ltr'>irrrplr&#39;·</span> 
     </span>
     <span class='ocr_line' id='line_1_37' title="bbox 48 3942 1126 4033; baseline 0.013 -33"><span class='ocrx_word' id='word_1_273' title='bbox 48 3942 95 4004; x_wconf 79' lang='lat' dir='ltr'>citu</span> <span class='ocrx_word' id='word_1_274' title='bbox 108 3945 274 4026; x_wconf 64' lang='lat' dir='ltr'>Baptrrmr&#39;,</span> <span class='ocrx_word' id='word_1_275' title='bbox 289 3947 412 4028; x_wconf 79' lang='lat' dir='ltr'>supplet</span> <span class='ocrx_word' id='word_1_276' title='bbox 430 3948 466 4009; x_wconf 84' lang='lat' dir='ltr'>in</span> <span class='ocrx_word' id='word_1_277' title='bbox 485 3949 611 4011; x_wconf 86' lang='lat' dir='ltr'>adultis</span> <span class='ocrx_word' id='word_1_278' title='bbox 625 3949 708 4011; x_wconf 82' lang='lat' dir='ltr'>vices</span> <span class='ocrx_word' id='word_1_279' title='bbox 723 3949 890 4030; x_wconf 79' lang='lat' dir='ltr'>Baptismr&#39;</span> <span class='ocrx_word' id='word_1_280' title='bbox 901 3973 1000 4032; x_wconf 79' lang='lat' dir='ltr'>aqure,</span> <span class='ocrx_word' id='word_1_281' title='bbox 1017 3954 1126 4033; x_wconf 79' lang='lat' dir='ltr'>quoad</span> 
     </span>
     <span class='ocr_line' id='line_1_38' title="bbox 49 4047 711 4129; baseline 0.021 -28"><span class='ocrx_word' id='word_1_282' title='bbox 49 4047 244 4110; x_wconf 84' lang='lat' dir='ltr'>remr&#39;ssr&#39;onem</span> <span class='ocrx_word' id='word_1_283' title='bbox 254 4059 463 4129; x_wconf 83' lang='lat' dir='ltr'>peccatorum.</span> <span class='ocrx_word' id='word_1_284' title='bbox 512 4052 641 4116; x_wconf 80' lang='lat' dir='ltr'>Certum</span> <span class='ocrx_word' id='word_1_285' title='bbox 658 4062 711 4116; x_wconf 79' lang='lat' dir='ltr'>est.</span> 
     </span>
    </p>
   </div>
   <div class='ocr_carea' id='block_1_10' title="bbox 913 4187 1121 4197">
    <p class='ocr_par' dir='ltr' id='par_1_12' title="bbox 913 4187 1121 4197">
     <span class='ocr_line' id='line_1_39' title="bbox 913 4187 1121 4197; baseline 0.01 -2"><span class='ocrx_word' id='word_1_286' title='bbox 913 4187 1121 4197; x_wconf 69' lang='lat' dir='ltr'>-u-——-.-</span> 
     </span>
    </p>
   </div>
   <div class='ocr_carea' id='block_1_11' title="bbox 78 4231 886 4313">
    <p class='ocr_par' dir='ltr' id='par_1_13' title="bbox 78 4231 886 4313">
     <span class='ocr_line' id='line_1_40' title="bbox 78 4231 886 4313; baseline 0.01 -23"><span class='ocrx_word' id='word_1_287' title='bbox 78 4231 84 4260; x_wconf 90' lang='lat'><strong>¹</strong></span> <span class='ocrx_word' id='word_1_288' title='bbox 96 4238 138 4304; x_wconf 85' lang='lat' dir='ltr'>lta,</span> <span class='ocrx_word' id='word_1_289' title='bbox 148 4239 218 4296; x_wconf 89' lang='lat' dir='ltr'>inter</span> <span class='ocrx_word' id='word_1_290' title='bbox 228 4238 307 4308; x_wconf 88' lang='lat' dir='ltr'>alios,</span> <span class='ocrx_word' id='word_1_291' title='bbox 320 4239 410 4308; x_wconf 87' lang='lat' dir='ltr'>arguit</span> <span class='ocrx_word' id='word_1_292' title='bbox 422 4240 597 4311; x_wconf 82' lang='lat' dir='ltr'>Dublanclry,</span> <span class='ocrx_word' id='word_1_293' title='bbox 610 4259 653 4312; x_wconf 90' lang='lat' dir='ltr'>op.</span> <span class='ocrx_word' id='word_1_294' title='bbox 666 4241 711 4297; x_wconf 85' lang='lat' dir='ltr'>cir.</span> <span class='ocrx_word' id='word_1_295' title='bbox 725 4260 751 4312; x_wconf 93' lang='lat' dir='ltr'>p.</span> <span class='ocrx_word' id='word_1_296' title='bbox 763 4259 886 4313; x_wconf 58' lang='lat'><strong>203404.</strong></span> 
     </span>
    </p>
   </div>
   <div class='ocr_carea' id='block_1_12' title="bbox 0 0 1376 4646">
    <p class='ocr_par' dir='ltr' id='par_1_14' title="bbox 0 0 1376 4646">
     <span class='ocr_line' id='line_1_41' title="bbox 0 0 1376 4646; baseline 0 0"><span class='ocrx_word' id='word_1_297' title='bbox 0 0 1376 4646; x_wconf 95' lang='lat' dir='ltr'> </span> 
     </span>
    </p>
   </div>
  </div>
 </body>
</html>
