2738 4646
431 171 487 221 DE
505 171 590 221 mu
595 171 724 221 1sm0.
1058 171 1123 222 253

48 357 153 409 statum
165 349 420 424 suum,.aliorum
437 371 549 412 curam
562 370 675 432 gerere
691 359 860 431 nequeunt
874 371 880 426 ;
903 346 954 430 (b)
967 349 1125 430 conjuges

49 449 178 530 respectu
194 453 386 533 conjugum,
402 463 434 515 et
450 465 603 534 parentes
628 451 777 534 respectu
799 451 940 515 filiorum
957 475 964 530 ;
987 453 1034 534 ic)
1050 471 1125 534 pec·

49 563 158 616 catores
179 556 301 636 publici
321 565 354 618 et
375 576 394 617 a
417 556 540 619 fortiori
565 557 720 632 haerctici,
744 576 847 637 quum
872 555 905 617 hi
929 554 1125 617 catholicam

49 655 260 721 educationem
285 660 342 721 vix
366 679 540 740 procurare
563 661 703 724 valeant.
753 661 791 722 ln
817 680 895 722 casu
920 667 1032 722 autem
1059 677 1127 740 quo

50 759 216 821 maximum
241 761 489 824 incommodum
512 763 691 838 timeretur,
708 763 734 823 si
752 761 924 824 haereticus
943 781 962 822 a
984 760 1126 842 parenti·

49 861 99 922 bus
119 864 308 945 designatus
328 864 458 946 publice
481 865 678 946 rejiceretur,
695 874 806 948 potest
822 864 955 927 admitti
971 873 1008 926 ut
1024 864 1127 938 testis,

49 965 114 1043 quin
140 975 250 1029 tamen
279 969 499 1031 admoneatur
529 969 571 1030 de
602 967 772 1050 tangendo
803 987 914 1048 puer0,
942 986 1016 1030 cum
1042 987 1128 1048 aqua

50 1067 236 1148 infunditur;
259 1091 326 1152 quo
343 1082 454 1160 tamen
471 1093 549 1135 casu
571 1072 745 1135 hereticus
767 1091 832 1132 non
854 1071 916 1132 erit
938 1089 1013 1131 vere
1028 1070 1128 1150 patri-

50 1190 119 1247 nus,
139 1175 195 1236 sed
213 1174 331 1237 melius
347 1185 397 1237 est
412 1175 537 1238 nullum
554 1177 712 1238 adhibere
727 1174 895 1256 patrinum
912 1193 1011 1254 quam
1028 1173 1128 1233 haere-

49 1274 146 1351 ticum,
163 1287 199 1339 ut
216 1288 346 1341 constat
367 1298 410 1340 ex
430 1299 588 1360 responso
605 1278 641 1342 S.
662 1277 745 1359 Offic.
762 1278 817 1340 die
835 1293 851 1355 3
870 1276 946 1338 maii
968 1277 1056 1354 1893,
1073 1275 1128 1337 ubi

49 1377 173 1442 dicitur:
197 1387 383 1462 “praestare
400 1391 436 1444 ut
452 1382 645 1462 Baptismus
661 1380 850 1443 conseratur
866 1379 935 1441 sine
951 1378 1091 1460 patrino,
1102 1377 1129 1438 si

50 1481 131 1543 aliter
145 1482 212 1546 lieri
230 1503 297 1545 non
314 1485 419 1564 possit
431 1485 454 1547 '’.
502 1485 627 1547 Pariter
646 1483 817 1547 catholicis
833 1501 899 1544 non
917 1480 994 1543 licet
1011 1499 1130 1542 munus

50 1587 156 1662 patrini
180 1606 334 1649 exercere
357 1589 467 1668 quoad
490 1587 670 1656 haereticos,
687 1586 848 1667 quidquid
874 1585 906 1646 in
930 1585 1130 1646 contrarium

51 1687 182 1751 dixerint
198 1689 345 1769 theologi
362 1709 428 1751 non
446 1691 541 1771 pauci
557 1703 575 1752 ¹.

85 1804 129 1868 32.
177 1791 247 1877 (D)
267 1794 390 1857 Patrini
414 1800 568 1855 tenentur
589 1791 749 1853 instruere
773 1789 978 1870 baptizatum
1003 1786 1044 1849 de
1068 1785 1133 1849 fide

52 1907 78 1955 et
92 1897 233 1958 moribus
250 1895 445 1968 christianis,
462 1891 593 1958 defedlu
611 1901 794 1975 parentum.

90 1995 152 2084 (E)
168 2000 308 2080 Insuper
320 1999 440 2080 patrini
452 1996 653 2059 contrahunt
666 1994 943 2076 impedimentum
956 1990 1134 2072 spiritualis

53 2103 257 2182 cognationis,
280 2103 381 2164 etiam
407 2103 439 2163 in
463 2101 631 2182 baptismo
655 2099 795 2180 privato,
818 2097 859 2158 dc
883 2114 950 2176 quo
974 2093 1006 2155 in
1028 2092 1080 2154 Tr.
1096 2093 1136 2156 de

52 2205 191 2269 illatrim.
208 2207 324 2287 agitur.

500 2793 680 3179 „

60 3775 1142 3806 ffl-

87 3865 93 3888 ¹
107 3861 273 3935 liujusmodi
287 3860 414 3916 autlores
428 3859 595 3929 ignorabant
609 3854 780 3910 decisionem
794 3852 825 3905 S.
841 3849 932 3917 Officii
942 3864 975 3900 10
984 3845 1049 3900 maii
1064 3859 1139 3912 1770,

61 3964 171 4006 recenter
183 3950 303 4021 publicis
312 3948 381 4018 juris
394 3945 499 4001 latiam
518 3962 562 4014 ap.
577 3944 650 3997 Atta
670 3944 700 3994 S.
717 3940 803 4004 Sedis,
821 3937 874 3990 vol.
891 3935 1014 4001 XXVll,
1028 3951 1054 4002 p.
1071 3947 1140 4002 455:

63 4037 274 4094 ''Sanillssimus
288 4034 420 4098 decrevit,
434 4031 580 4088 catholicis
594 4028 758 4098 regulariter
776 4041 832 4077 non
850 4024 934 4076 licere
947 4022 1142 4074 haereticorum

62 4136 99 4177 aut
122 4125 359 4180 schismaticorum
385 4119 575 4183 concionibus,
600 4111 757 4184 baptismis,
782 4107 966 4163 matrimoniis
997 4107 1141 4161 interesse.

63 4210 181 4267 Absolute
201 4221 296 4265 autern
319 4225 374 4260 non
395 4207 479 4260 licere
501 4221 553 4259 nec
576 4219 625 4272 per
650 4217 680 4254 se
705 4215 757 4251 nec
782 4213 832 4264 per
853 4195 923 4249 alios
948 4194 1025 4262 fungi
1051 4193 1142 4246 officio

64 4298 148 4360 patrini
162 4300 188 4352 in
201 4295 357 4366 baptismis,
368 4311 430 4364 quae
443 4291 637 4346 haereticorum
648 4285 710 4340 filiis
721 4285 757 4338 ab
767 4282 906 4338 haereticis
916 4281 1109 4334 ministrantur
1118 4279 1137 4330 ''.
