2794 4662
396 207 472 258 ,DE
491 208 728 260 mummoli
736 210 786 260 10.
1082 213 1149 263 659

46 385 169 448 Esther
186 387 363 468 conjun&a
379 400 429 452 est
442 389 590 454 Assuero
603 392 672 472 jam
690 414 828 457 uxorem
847 394 983 458 habenti
1001 415 1061 457 nec
1078 417 1151 478 pro-

45 501 162 571 pterea
187 491 456 574 reprehenditur;
480 495 526 557 ita
550 497 672 576 pariter
696 496 903 572 Abimelech,
926 501 982 579 qui
1011 519 1150 562 uxorem

44 593 204 668 habebat,
221 595 337 658 Soram
354 597 476 658 ducere
493 597 605 673 voluit,
622 618 682 660 nec
704 600 910 682 vituperatus
926 611 977 664 est
995 602 1056 664 nisi
1073 604 1151 683 quia

44 716 188 758 uxorem
206 697 341 760 alterius
358 698 486 762 tulerat.

89 838 139 901 44
190 819 253 907 (C)
273 823 465 906 Polygnrm'a
480 828 676 892 simultanea
689 831 770 911 fiere
790 831 904 893 divino
926 833 984 894 sub
1008 834 1051 895 N.
1070 833 1153 915 Lege

35 925 210 1006 prohibita
224 927 322 1004 fui&
347 928 388 990 dc
412 928 476 992 fide
500 941 549 993 est
573 953 616 993 ex
646 933 676 994 T
675 935 787 996 nilent.
822 935 908 1000 .·“Si
933 937 1006 1016 quis
1030 938 1152 1000 dixerit

45 1030 145 1091 licere
163 1029 361 1093 Christianis
385 1032 494 1112 plures
518 1035 616 1097 simul
640 1037 762 1099 habere
785 1057 917 1111 uxores
932 1048 966 1102 et
983 1039 1045 1101 hoc
1063 1040 1152 1102 nulla

44 1133 120 1212 lege
137 1133 251 1194 divind
266 1153 338 1194 esse
355 1135 567 1214 prohibitum.
584 1139 625 1200 A.
644 1139 699 1202 S.”
716 1139 807 1220 (sess.
826 1141 956 1216 XXIV,
972 1161 1041 1204 can.
1060 1145 1102 1222 2.)

44 1237 96 1312 (a)
115 1235 267 1299 Christus
292 1238 380 1300 enim
405 1241 653 1304 matrimonium
677 1245 718 1305 ad
742 1244 882 1324 primam
905 1263 1000 1305 suam
1021 1245 1151 1307 institu-

44 1341 175 1401 tionem
200 1340 384 1402 revocavit:
409 1341 630 1423 interrogatus
653 1345 740 1405 enim
758 1364 799 1405 an
818 1345 930 1407 liceret
946 1365 1086 1407 uxorem
1105 1367 1152 1408 re-

43 1440 195 1521 pudiare,
219 1442 389 1522 respondit
413 1462 479 1505 non
505 1445 609 1522 licere,
633 1448 784 1528 hancque
807 1448 937 1513 addidit
966 1451 1151 1513 rationem:

42 1553 59 1578 ‘⁶
76 1547 157 1607 Non
176 1547 300 1626 legistis
315 1547 394 1627 quia
416 1550 472 1629 qui
496 1549 572 1613 iecit
593 1550 762 1613 hominem
785 1551 828 1613 ab
848 1553 951 1627 initio,
968 1553 1150 1615 masculum

42 1659 77 1710 et
96 1648 257 1711 seminam
275 1649 352 1711 iecit
367 1651 448 1711 eos?
471 1662 504 1714 et
520 1653 629 1716 dixit:
658 1655 793 1735 Propter
808 1654 871 1717 hoc
887 1655 1035 1719 dimittet
1051 1645 1152 1718 homo

42 1765 179 1834 patrem
196 1764 229 1815 et
247 1762 386 1814 matrem
406 1764 439 1815 et
463 1753 645 1816 adherebit
664 1751 760 1815 ux'ori
779 1775 853 1827 sure,
870 1765 902 1817 et
926 1765 1022 1818 erunt
1038 1757 1102 1818 duo
1119 1758 1151 1818 in

42 1861 251 1917 carneuna:
275 1857 387 1936 itaque
400 1855 470 1936 jam
489 1875 553 1916 non
571 1866 648 1918 sunt
664 1857 740 1930 duo,
753 1857 810 1917 sed
828 1877 894 1918 una
906 1857 1009 1919 caro”
1024 1869 1043 1921 ¹.
1090 1858 1151 1920 At-

42 1960 103 2039 qui
123 1959 283 2040 primaeva
299 1957 500 2022 matrimonii
522 1957 685 2019 institutio
708 1956 934 2037 polygamiam
951 1958 1152 2022 excludebat

42 2083 90 2124 ex
116 2063 185 2140 jam
210 2059 315 2136 dietis,
338 2071 370 2124 et
394 2082 437 2124 ex
463 2059 570 2124 verbis
594 2060 695 2140 ipsius
720 2059 864 2123 Christi:
887 2066 1011 2122 “erunt
1033 2061 1096 2122 duo
1120 2061 1150 2122 in

42 2185 148 2227 carne
164 2169 230 2227 und
243 2165 267 2229 '’.
313 2163 537 2228 Confirmatur
553 2163 624 2224 aliis
641 2163 778 2224 Domini
794 2163 922 2227 verbis:
946 2163 1040 2245 “Qui
1056 2165 1148 2225 dimi-

42 2267 127 2331 serit
152 2288 291 2330 uxorem
315 2287 418 2340 suam,
441 2276 475 2328 et
498 2267 596 2328 aliam
621 2266 764 2340 duxerit,
788 2261 1028 2329 moechatur'’²
1041 2287 1048 2343 ;
1069 2285 1151 2328 'nam

43 2374 125 2434 ideo
143 2371 328 2432 moechatur
342 2369 515 2432 dimittens
539 2389 678 2430 uxorem
704 2378 739 2430 et
763 2369 901 2430 alteram
925 2367 1153 2451 ducens‚'quia

43 2475 140 2556 prior
155 2493 221 2535 non
238 2473 359 2535 desinit
376 2493 462 2534 uxor
477 2493 549 2534 esse
564 2493 570 2548 ;
594 2473 685 2552 atqui
708 2473 841 2552 quando
858 2492 923 2534 non
941 2468 991 2535 est
1007 2473 1153 2546 dimissa,

42 2599 63 2639 a
85 2576 211 2638 fortiori
230 2586 378 2638 remanet
395 2595 500 2651 uxor;
524 2595 603 2656 ergo
626 2576 683 2656 qui
707 2576 845 2638 alteram
870 2577 963 2639 ducit
978 2595 1054 2639 vere
1072 2597 1152 2638 moe÷

43 2681 176 2742 chatur.
223 2679 312 2741 Hinc
339 2678 370 2742 S.
396 2677 517 2740 Paulus
540 2679 672 2759 quotics
695 2680 737 2741 de
762 2680 975 2741 matrimonio
999 2677 1152 2760 loquitur,

43 2783 131 2845 illud
149 2782 308 2861 supponit
323 2800 395 2842 esse
412 2781 508 2843 unius
524 2781 584 2842 viri
601 2801 676 2844 cum
693 2785 760 2842 unit
777 2801 891 2856 uxore,
908 2791 940 2843 et
958 2782 1004 2843 ait
1023 2805 1029 2844 :
1054 2781 1152 2852 “Mu-

43 2887 109 2948 lier
122 2885 254 2946 vivente
267 2883 337 2954 viro
348 2883 520 2944 vocabitur
532 2883 691 2958 adultera,
703 2883 729 2944 si
741 2882 838 2945 suerit
849 2903 923 2946 cum
938 2882 1003 2945 alio
1017 2884 1086 2944 viro
1098 2883 1114 2910 ''
1123 2895 1153 2957 ³;

43 3006 158 3070 porro,
185 3007 228 3048 ex
255 2987 372 3049 eodem
403 2986 604 3067 Apostolos,
630 2987 722 3066 paria
748 2998 825 3049 sunt
850 2986 1030 3067 conjugum
1053 2986 1152 3067 jura:

43 3099 60 3124 ‘⁴
79 3089 202 3152 Mulier
217 3091 267 3150 sui
284 3089 430 3170 corporis
447 3096 648 3168 potestatem
674 3107 739 3150 non
764 3088 875 3162 habet,
890 3090 947 3151 sed
970 3090 1040 3150 vir:
1063 3089 1153 3150 simi-

43 3195 124 3256 liter
147 3201 257 3254 autem
281 3203 314 3254 et
337 3193 385 3253 vir
409 3193 457 3254 sui
482 3191 627 3271 corporis
652 3200 853 3271 potestatem
877 3210 943 3252 non
968 3191 1077 3267 habet,
1094 3190 1152 3252 sed

44 3296 168 3360 mulier
181 3296 219 3372 ’';
243 3315 320 3375 ergo
340 3315 399 3357 nec
418 3295 464 3356 vir
480 3303 599 3374 potest,
616 3295 747 3355 vivente
771 3314 884 3366 uxore,
901 3294 1000 3356 aliam
1024 3295 1152 3356 ducere.

43 3401 100 3480 (b)
115 3399 209 3461 Idem
227 3399 386 3480 probatur
402 3397 550 3458 unanimi
566 3397 701 3458 Patrum
716 3397 904 3459 testimonio
920 3397 1153 3476 constantique

44 3501 208 3566 Ecclesiae
241 3503 346 3583 praxi.
394 3501 447 3563 lta
475 3501 509 3564 S.
537 3498 771 3580 Augustinus
799 3500 911 3561 scribit
942 3500 974 3560 in
1004 3498 1153 3560 Ecclesia
1228 3543 1230 3548 ,

44 3615 252 3687 praeceptum
278 3625 349 3666 esse
373 3609 439 3666 “ut
460 3623 521 3665 nec
546 3604 689 3665 sterilem
713 3602 889 3682 conjugem
916 3602 964 3664 sas
989 3601 1031 3663 sit
1055 3602 1150 3663 relin-

44 3727 158 3789 quere,
176 3708 291 3769 utalia
309 3707 449 3770 secunda
464 3708 613 3769 ducatur.
660 3705 759 3787 Quod
776 3706 802 3766 si
819 3706 994 3786 quisquam
1012 3704 1149 3766 fecerit...

45 3813 122 3892 lege
148 3811 322 3891 Evangelii
350 3831 424 3872 reus
452 3821 500 3871 est
525 3810 676 3872 adulterii
691 3811 714 3871 ”.
762 3809 851 3870 Hinc
878 3809 948 3871 RR.
975 3807 1150 3870 Pontifices

45 3917 186 3980 unitatis
217 3916 418 3978 matrimonii
449 3915 573 3978 strenui
604 3914 750 3976 vindices
781 3933 911 3994 semper
941 3915 1150 3984 exstiterunt,

44 4022 150 4086 etiam
167 4031 282 4082 contra
300 4020 488 4099 Principum
508 4018 696 4081 lasciviam:
721 4019 775 4091 ita,
791 4038 863 4080 saec.
881 4017 948 4090 lX.‚
965 4015 1154 4079 Nicolausl

83 4245 187 4299 'rllalt
202 4245 282 4311 XIX,
296 4242 647 4312 3sq.-²Luc.XVl,18;
664 4241 747 4292 Matr.
765 4240 845 4304 XIX,
855 4253 879 4306 9.
890 4231 1031 4292 -tnonr
1044 4239 1111 4300 Vll,
1126 4253 1149 4304 3.

82 4333 197 4385 ‘lCon
213 4331 278 4397 Vll,
296 4345 311 4382 2
326 4347 367 4399 sq.
381 4357 415 4366 -
428 4321 438 4351 ³
452 4331 497 4382 De
512 4327 635 4396 Nuptiis
651 4327 668 4379 l.
688 4327 708 4392 1,
722 4343 744 4380 c.
764 4339 801 4393 ro,
816 4342 842 4379 n.
862 4341 901 4379 11.
