2752 4648
189 143 244 192 DE
264 141 482 192 MYSTERIO
500 141 775 192 PRAESENTIAE
796 141 958 192 nanus,
1069 140 1136 192 337.

43 319 197 400 desinit¹;
218 323 338 385 merito
353 323 453 404 igitur
468 323 538 385 haec
554 324 725 386 conversio
737 323 899 386 mirabilis
911 332 944 386 et
955 322 1137 404 singularis

43 443 57 481 a
77 421 264 487 Tridentino
285 425 415 501 dicitur,
430 446 534 506 quum
563 425 653 489 nulla
679 426 744 488 alia
767 427 866 489 detur
889 422 1035 507 periet‘te
1059 420 1135 488 huic

43 526 159 588 similis

79 629 136 708 (C)
151 629 365 693 Manentibus
379 633 560 713 speciebus:
579 633 742 716 siquidem
760 633 792 696 in
810 635 901 697 omni
923 635 1137 698 conversione

42 734 217 810 generatim
234 733 358 814 aliquid
376 741 525 797 remanet
540 733 671 814 utrique
687 733 832 796 termino
843 753 1037 808 commune;
1051 732 1136 813 jam·

43 853 119 904 vero,
135 855 211 898 cum
232 845 304 898 tota
322 835 509 898 substantia
531 833 627 915 panis
649 846 683 898 et
704 835 771 898 vini
793 836 932 910 desinat,
948 855 1015 898 non
1032 855 1136 897 rema·

43 946 113 998 nent
130 938 192 999 nisi
208 939 395 1000 accidentia
415 937 511 1020 panis
532 948 566 1000 et
585 939 663 1014 vini,
678 959 754 1019 quae
770 949 931 1002 vocantur
952 939 1066 1019 species
1083 959 1137 1000 au-

42 1038 218 1116 rlraristica,
229 1052 285 1104 aut
296 1062 317 1103 a
328 1041 527 1122 quibusdam
540 1043 745 1121 apparentia,
755 1042 906 1123 quamvis
917 1041 1027 1104 minus
1040 1039 1137 1112 reite,

43 1153 73 1204 ut
84 1143 166 1206 inira
179 1145 410 1225 explicabitur.
453 1143 544 1207 Hinc
561 1145 890 1208 transsubstantiatio
902 1144 1136 1225 distinguitur:

43 1245 85 1323 (a)
100 1265 119 1306 a
134 1247 276 1328 simplici
294 1246 586 1327 transformatione,
598 1268 674 1328 qute
691 1249 910 1311 mutationem
928 1247 1035 1312 solum
1052 1247 1137 1308 acci·

43 1346 202 1412 dentalem
220 1351 379 1430 importat
393 1371 400 1424 ;
421 1347 470 1430 (b)
483 1348 526 1410 ab
539 1349 765 1429 impanatione,
774 1370 848 1431 quae
862 1350 1018 1412 unionem
1032 1349 1137 1430 hypo·

43 1452 187 1515 staticam
212 1453 296 1514 inter
318 1452 540 1514 substantiam
562 1452 656 1532 panis
684 1462 717 1513 et
741 1451 959 1516 substantiam
986 1451 1134 1533 corporis

44 1551 156 1617 Christi
184 1557 362 1636 supponit;
399 1555 447 1636 (c)
474 1575 493 1616 a
518 1554 850 1630 cousubstanttatrone,
876 1575 951 1636 quae
978 1555 1137 1637 importat

44 1658 245 1733 praesentiam
272 1657 506 1720 simultaneam
534 1656 732 1719 substantiae
759 1657 854 1739 panis
880 1670 914 1721 et
940 1656 1137 1721 substantiae

8 1821 10 1844 ,
44 1761 181 1838 corporis
197 1760 319 1824 Christi
334 1785 341 1839 ;
364 1759 418 1842 (d)
434 1760 477 1822 ab
492 1758 737 1832 annihilatione,
754 1761 786 1822 in
806 1762 872 1841 qui
888 1759 968 1825 nihil
985 1759 1138 1824 absolute

7 1882 8 1896 ¹
45 1874 184 1925 remanet
207 1863 324 1944 prioris
347 1863 454 1940 entis3
484 1863 534 1945 (e)
557 1883 577 1924 a
599 1863 763 1936 creatione,
784 1883 859 1944 quae
883 1860 1137 1944 productionem

45 1963 174 2046 alicujus
190 1966 276 2027 entis
293 1965 432 2028 involvit
448 1966 519 2027 sine
535 1964 695 2026 relatione
711 1966 753 2028 ad
770 1965 869 2028 aliud.

80 2079 126 2146 35
175 2082 210 2132 2⁰
235 2069 381 2132 Errores.
431 2069 483 2149 (a)
508 2067 681 2143 Luthetns,
701 2067 769 2149 qui,
792 2078 830 2131 ut
855 2087 954 2149 supra
980 2066 1138 2143 diximus,

46 2173 247 2248 praesentiam
271 2172 393 2234 realem
418 2172 606 2246 retinuerat,
621 2171 735 2233 docuit
752 2169 921 2233 Christum
939 2179 1137 2251 praesentem

46 2290 108 2333 esse
128 2274 161 2335 in
184 2274 393 2338 Eucharistia
413 2293 472 2355 per
493 2271 860 2347 consubstantiatrhnan,
875 2272 894 2334 i.
909 2291 937 2337 e.
953 2271 1050 2334 simul
1066 2293 1138 2334 cum
1227 2261 1232 2268 ’

46 2373 89 2434 vel
105 2377 147 2451 in,
163 2385 220 2439 aut
234 2377 294 2440 sub
310 2396 396 2458 pane
411 2386 445 2440 et
459 2376 546 2450 vinc,
562 2377 669 2451 itaut,
682 2374 783 2454 juxta
799 2374 917 2454 ipsum,
932 2393 1048 2436 sensus
1068 2394 1139 2436 ver-

46 2475 151 2542 borum
178 2480 436 2542 consecrationis
463 2480 532 2555 sit;
565 2479 630 2541 Hic
653 2478 915 2559 (adverbialiter)
941 2487 992 2541 est
1019 2498 1139 2559 corpus

6 2630 7 2658 ,
47 2599 147 2644 meum
164 2583 256 2658 (ltere
269 2582 299 2644 is
313 2603 367 2662 my
382 2582 490 2662 bodo).

47 2681 89 2762 lb)
107 2683 274 2760 Osiander,
287 2706 373 2748 unus
389 2706 433 2747 ex
449 2685 521 2766 ejus
537 2683 718 2766 discipulis,
730 2683 864 2746 admisit
880 2683 1141 2763 impanationem‚

47 2803 95 2847 seu
111 2788 266 2850 unionem
283 2787 529 2869 hypostaticam
548 2787 672 2852 Christi
688 2807 763 2848 cum
782 2807 868 2868 pane
884 2796 917 2849 et
933 2787 1017 2849 vino.
1067 2786 1138 2847 Ho-

47 2886 93 2948 die
111 2909 186 2952 vero
206 2890 365 2972 praecipui
383 2889 566 2952 Lutherani
589 2890 661 2952 illas
681 2889 924 2969 explicationes
941 2887 1091 2967 rejiciunt
1106 2897 1141 2949 et

48 2988 219 3055 admittunt
240 2994 421 3073 quamdam
443 2993 599 3056 unionem
624 2991 811 3073 specialem,
829 3009 930 3070 quam
953 3009 1139 3054 sacramen·

48 3091 137 3155 talem
154 3104 284 3170 vocant,
301 3095 386 3157 inter
404 3114 525 3175 panem
549 3106 582 3158 et
601 3115 719 3176 corpus
738 3094 869 3169 Christi,
886 3095 917 3156 vi
933 3093 1026 3173 cujus
1042 3094 1140 3157 simul

49 3212 113 3257 cum
139 3217 225 3278 pane
253 3198 432 3278 accipimus
458 3218 573 3261 verum
600 3218 719 3279 corpus
748 3197 896 3272 Domini,
922 3199 1048 3279 absque
1075 3198 1141 3260 ulta

50 3302 223 3363 mutatione
240 3301 335 3381 panis
351 3310 383 3362 et
400 3301 475 3362 vini.

52 3400 90 3480 lc)
113 3401 242 3466 Nostris
273 3403 399 3478 diebus,
429 3404 565 3484 quidam
598 3405 746 3484 germani
778 3405 926 3486 theologi
957 3405 1141 3466 docuerunt

51 3505 444 3568 transsubstantiationem
469 3506 501 3566 in
526 3525 566 3566 eo
589 3507 769 3569 consistere
792 3505 881 3587 quod
907 3498 1027 3568 natura
1047 3507 1141 3586 panis

52 3616 195 3683 remanet,
219 3607 278 3668 sed
309 3606 431 3668 desinit
459 3627 532 3670 esse
563 3610 757 3684 substantia,
786 3611 863 3691 quia
893 3619 1142 3671 sustentatura

52 3723 173 3789 corpore
196 3710 329 3788 Christi,
344 3710 498 3774 videlicet
525 3732 644 3793 corpus
668 3712 801 3788 Christi,
825 3714 904 3773 dum
929 3710 965 3774 lit
989 3710 1141 3772 substan-

52 3809 159 3878 tialiter
185 3834 332 3897 praesens
359 3815 391 3876 in
420 3815 638 3890 Eucharistit,
666 3823 833 3876 sustentat
860 3825 1014 3876 naturam
1033 3815 1143 3895 parrr's,

82 3981 254 4039 ¹Durandus
273 3987 406 4040 docuerat
426 3987 541 4056 quidem
561 3987 589 4052 (4
604 3987 676 4040 Dist.
694 4000 736 4050 11,
750 4003 776 4056 q.
794 3986 821 4051 3)
841 3986 931 4039 solam
943 3985 1072 4051 sormam,
1086 4001 1143 4038 non

53 4077 134 4126 autem
143 4071 290 4127 materiam
300 4071 383 4141 panis
395 4073 572 4126 transmutari
582 4091 589 4138 ;
609 4073 659 4126 sed
670 4073 731 4124 haec
742 4071 836 4139 opinio
846 4072 1013 4126 contradicit
1029 4073 1054 4124 T
1051 4073 1142 4124 raiten-

53 4153 103 4208 lt'ao
121 4159 274 4214 declaranti
294 4159 639 4214 transsubstantiationem
663 4175 725 4213 esse
745 4159 956 4214 conversionem
975 4163 1061 4214 totins
1080 4159 1143 4212 sub·

54 4245 152 4300 stantia
164 4245 350 4316 (proindeque
364 4246 488 4300 materiae
502 4258 529 4300 et
543 4244 660 4312 iormae).
1167 4233 1169 4242 ’

130 4365 252 4413 Svuorsrs
265 4367 310 4413 111.
323 4391 350 4400 -
363 4380 391 4412 22
