2794 4662
438 215 494 266 DE
513 212 804 266 marmonio.
1104 211 1172 262 683

62 397 319 463 matrimonium
344 398 525 462 invalidum
550 398 620 472 erit,
636 399 683 460 ita
708 397 742 460 S.
762 395 795 461 C.
811 397 850 460 P.
870 396 903 458 F.
929 409 944 475 5
964 403 1058 458 mart
1079 394 1170 456 1816.

65 501 278 564 Attamen‘si
296 501 518 583 interpellatio
535 501 577 563 sit
595 501 762 565 moraliter
776 498 999 581 impossibilis,
1009 496 1060 559 vel
1074 496 1171 559 valde

61 602 224 678 difficilis,
247 604 337 667 solus
362 604 518 668 Pontifex
541 604 585 667 ab
608 609 647 666 ea
670 605 863 686 dispensare
886 602 982 664 valet.
1030 601 1171 681 Insuper

64 707 98 768 in
119 707 290 771 nonnullis
307 709 437 771 casibus
453 730 473 772 a
490 709 597 790 rigore
613 705 889 790 interpellationis
904 705 1086 786 dispensat,
1100 723 1170 784 per-

64 810 238 874 mittendo
265 820 302 874 ut
329 811 438 875 solum
464 821 631 892 quaeratur
657 810 700 873 ab
733 808 857 873 infideli
885 817 996 872 utrum
1024 806 1170 870 converti

64 912 160 988 velit,
177 915 256 994 quin
281 914 425 977 addatur
441 924 550 978 utrum
574 914 654 977 velit
676 911 813 995 pacifice
835 911 1052 976 cohabitare:
1080 907 1170 991 quod

64 1014 105 1078 fit
136 1037 180 1079 ue
207 1016 314 1082 fidelis
344 1027 534 1101 exponatur
560 1017 707 1100 periculo
737 1015 965 1099 perversionis,
993 1014 1081 1095 quod
1113 1012 1172 1075 ali·

63 1121 209 1200 quando
232 1120 393 1198 imminet,
408 1122 509 1186 etiam
534 1132 610 1205 post
632 1121 886 1204 promissionem
911 1115 1057 1201 pacificae
1072 1116 1170 1180 coba·

64 1223 253 1287 bitationis.
742 1310 746 1319 Ι

115 1325 189 1412 (D)
209 1328 245 1393 Si
261 1327 377 1406 fidelis,
392 1330 531 1392 obtenta
546 1330 803 1411 dispensatione,
822 1325 1070 1392 matrimonium
1094 1345 1170 1388 cum

66 1429 199 1494 infideli
217 1432 335 1508 inierit,
348 1452 414 1495 non
431 1443 542 1515 potest
554 1435 601 1497 uti
618 1434 791 1517 privilegio
803 1433 951 1508 Paulino,
961 1431 1039 1513 quia
1052 1441 1172 1512 sponte

66 1553 146 1596 sese
169 1534 228 1598 tali
252 1536 398 1617 periculo
420 1537 588 1618 exposuit,
611 1557 672 1600 nec
700 1538 839 1620 proinde
866 1535 1023 1617 conqueri
1051 1542 1172 1616 potest.

68 1637 163 1700 Item
179 1638 206 1698 si
222 1638 378 1704 alteruter
389 1639 570 1722 conjugum
584 1642 615 1704 in
630 1642 779 1705 haeresim
794 1640 844 1705 vel
861 1640 1065 1724 apostasiam
1083 1637 1171 1700 laba-

67 1749 136 1814 tur,
148 1759 215 1802 non
229 1749 339 1822 potest
352 1739 459 1805 fidelis
471 1743 596 1824 conjux
610 1745 651 1806 ad
666 1745 828 1808 secundas
842 1745 975 1827 nuptias
987 1742 1172 1817 convolare,

68 1851 108 1906 ut
134 1862 293 1924 expresse
316 1845 504 1908 declaratur
524 1845 568 1908 ab
588 1846 772 1910 Innocentio
787 1847 848 1910 III
860 1845 893 1928 (l.
910 1847 988 1927 cit),
1003 1846 1081 1927 quia
1104 1864 1172 1906 ma-

68 1945 266 2010 trimonium
290 1968 310 2010 a
333 1946 486 2011 fidelibus
509 1947 718 2013 contractum
734 1959 768 2013 et
788 1957 1057 2013 consummatum
1081 1947 1172 2011 nulla

68 2048 272 2113 auctoritate
288 2050 435 2115 humana
451 2052 534 2115 solvi
552 2061 671 2134 potest.

110 2205 162 2273 70.
211 2198 357 2255 Thesara
372 2225 383 2258 .·
409 2197 681 2263 Matrimonium
706 2197 864 2262 fidelium
887 2201 1017 2276 ratum,
1037 2201 1074 2262 et
1097 2215 1168 2260 non

69 2297 375 2373 consummatum,
405 2294 557 2358 solvitur
592 2313 656 2373 per
689 2295 887 2360 solemnem
916 2295 1065 2359 alterius
1092 2312 1172 2358 con·

69 2389 199 2468 iugum
228 2390 486 2467 professionem
516 2391 551 2456 in
580 2393 752 2471 religione
781 2393 989 2471 approbata,
1017 2391 1074 2455 vel
1110 2409 1174 2470 per

70 2485 380 2564 dispensationem
415 2506 437 2553 a
466 2487 501 2553 S.
535 2489 710 2554 Pontifice
745 2489 847 2568 gravi
879 2490 925 2555 de
951 2493 1063 2554 causa
1091 2506 1172 2553 con-

70 2599 217 2646 cessam
227 2584 245 2646 ¹.

116 2691 166 2760 71.
213 2681 273 2762 (A)
285 2682 395 2746 Prima
407 2704 482 2765 pars
492 2685 630 2748 definita
641 2696 722 2748 esta
736 2685 927 2748 Tridentino
937 2685 1028 2767 (sess.
1041 2685 1173 2762 XXIV,

70 2803 143 2847 can.
154 2783 211 2864 6):
235 2785 294 2849 “Si
311 2787 385 2866 quis
398 2787 521 2851 dixerit
538 2789 787 2852 matrimonium
805 2799 923 2864 ratum,
936 2809 1001 2850 non
1019 2808 1172 2851 consum-

72 2895 212 2963 matum,
229 2874 287 2970 per
302 2889 485 2953 solemnem
503 2890 670 2972 religionis
688 2891 926 2973 professionem
945 2892 1079 2954 alterius
1095 2911 1172 2953 con-

69 2983 190 3071 jugum
214 3010 280 3054 non
305 2993 425 3068 dirimi,
443 2993 483 3058 A.
502 2993 553 3058 S.”
603 2996 764 3058 Probatur
788 2997 922 3077 insuper
937 2997 985 3076 (a)
1003 3015 1047 3056 ex
1070 2995 1171 3057 discr·

72 3095 117 3156 tis
140 3093 420 3158 declarationibus
436 3095 624 3160 Alexandri
643 3097 705 3159 III
724 3098 847 3180 (1180),
864 3107 897 3161 et
917 3097 1098 3160 innocentii
1115 3097 1176 3159 Ill

71 3193 190 3274 (1210)
206 3196 262 3276 qui
284 3197 423 3259 scribit:
446 3203 462 3230 “
476 3199 546 3260 Nos
564 3197 715 3261 nolentes
732 3218 748 3260 a
761 3199 1027 3279 prodecessorum
1045 3206 1172 3261 nostro-

72 3317 147 3359 rum
163 3298 312 3380 vestigiis
329 3299 503 3376 declinare,
520 3301 576 3381 qui
601 3302 800 3381 respondere
824 3301 976 3377 consulti,
992 3311 1171 3384 antequam

73 3400 324 3463 matrimonium
348 3403 390 3464 sit
412 3423 470 3484 per
486 3403 651 3466 carnalem
669 3405 823 3486 copulam
841 3415 1120 3481 consummatum,
1137 3406 1173 3467 li·

73 3523 148 3566 cere
160 3503 253 3567 alteri
267 3504 456 3586 conjugum,
471 3505 584 3571 reliclo
598 3507 794 3583 inconsult0,
805 3509 846 3571 ad
862 3509 1053 3589 religionem
1068 3519 1172 3572 trans-

72 3606 128 3680 ire,
146 3607 191 3669 ita
207 3609 296 3688 quod
319 3629 363 3670 ex
388 3619 467 3672 tunc
492 3610 639 3691 legitime
663 3613 785 3692 poterit
800 3612 894 3674 alteri
911 3611 1057 3694 copulari
1070 3613 1105 3689 ”3
1129 3633 1172 3674 ex

73 3730 142 3792 quo
165 3721 258 3792 patet
281 3712 367 3774 hanc
389 3711 574 3776 doctrinam
593 3724 670 3776 ante
686 3735 759 3777 saec.
777 3715 847 3777 XII
873 3715 972 3777 fuisse
996 3725 1172 3797 receptam,

73 3833 175 3895 quum
194 3813 227 3879 S.
245 3816 402 3878 Pontifex
420 3817 462 3879 ad
480 3837 557 3880 suos
574 3819 832 3899 praedecessores
850 3818 1002 3900 appellet.
1048 3820 1099 3901 (b)
1117 3820 1171 3881 Ex

74 3918 172 3999 praxi
197 3919 379 3999 Ecclesiae;
408 3931 535 3984 certum
560 3932 609 3984 est
632 3923 730 3997 enim,
748 3921 818 4002 jam
843 3942 862 3984 a
885 3943 957 3985 saec.
983 3923 1064 3998 XII,
1087 3922 1172 3986 hanc

110 4144 116 4165 ¹
132 4139 162 4191 S.
181 4139 207 4191 T
204 4138 289 4206 hom„
306 4141 371 4209 Sup.
387 4157 414 4209 q.
430 4141 480 4208 61;
500 4142 633 4208 Sanclrer,
647 4143 662 4196 l.
681 4143 719 4208 ll,
732 4141 803 4212 disp.
825 4145 917 4210 18·23;
937 4145 1059 4211 Drouin,
1073 4163 1099 4216 q.
1119 4148 1169 4210 IV,

78 4243 100 4280 c.
115 4232 166 4294 3,§
183 4239 215 4290 1;
242 4227 381 4294 Billuorf,
394 4228 461 4282 diss.
476 4230 548 4293 V,a.
564 4230 666 4298 2,§4;
694 4229 830 4296 Carriire,
844 4248 870 4284 n.
886 4245 935 4298 302
950 4247 1013 4301 sq.;
1037 4233 1168 4296 Perrone,

77 4314 93 4365 l.
108 4311 163 4378 ΙΙΙ,
174 4310 242 4366 sedi.
256 4330 281 4379 2,
292 4331 352 4384 cap.
366 4314 391 4381 6,
401 4332 428 4368 a.
443 4333 467 4380 ις
486 4317 632 4383 Palmim',
644 4318 681 4371 tb.
693 4327 738 4386 25;
757 4319 790 4372 do
802 4317 983 4388 Angusfrnr's,
993 4321 1032 4373 th.
1050 4335 1090 4374 ιο.
