2776 4644
368 163 423 213 DE
442 161 603 211 cnam
623 157 821 210 acrum.
1107 149 1145 198 41

56 341 251 398 necessitatem
271 349 376 399 contra
393 339 571 410 Pelagianos
590 336 697 394 acriter
711 334 896 399 defenderet,
909 331 961 402 qui
981 333 1058 386 hanc
1072 328 1147 386 veri-

56 439 136 485 tatem
158 446 275 500 prorsus
294 425 453 498 negabant,
467 441 686 494 nonnunquam
699 421 796 479 verbis
810 437 896 477 usum
911 418 1001 476 fuisse
1021 433 1089 486 quae
1108 415 1147 472 ad

55 514 127 571 aliud
146 527 308 572 extremum
331 515 482 573 declinare
502 513 651 570 videntur.
700 509 791 582 Quod
810 509 872 579 jam
897 504 1148 563 animadverterat

55 601 82 656 S.
95 601 301 658 Bonaaentura
316 623 326 656 .·
345 601 438 658 “Hoc
457 597 642 656 credendum
656 606 700 654 est
712 595 839 653 sensisse
854 593 1066 664 Augustinum,
1079 590 1148 646 iicet

55 685 136 742 rerba
154 686 246 757 ipsius
267 688 392 744 exterius
407 695 529 758 propter
548 683 778 742 detestationem
799 681 905 739 erroris
921 677 1148 748 Pelagianorum

54 771 127 829 aliud
153 773 263 830 sentire
290 773 454 831 videantur.
500 771 544 829 Ut
570 787 622 828 eos
645 769 800 826 reduceret
825 767 864 824 ad
888 763 1030 832 medium,
1056 761 1149 818 abun-

55 857 165 916 dantius
192 859 354 918 declinavit
384 858 423 916 ad
449 868 613 916 extremum
644 855 711 928 plus
736 854 842 911 dicens
867 863 896 911 et
922 851 1021 908 minus
1046 848 1149 906 volens

55 943 169 1017 intelligi
180 946 196 970 ”
207 975 223 1002 ι.

90 1075 136 1142 37.
182 1067 282 1125 Thesis
307 1067 379 1125 ΠΡ
399 1086 409 1120 .·
447 1066 567 1130 Homo
601 1065 726 1143 lapsus
761 1068 893 1142 potest,
918 1061 995 1125 sine
1030 1059 1151 1138 gratia

54 1163 188 1240 actuali,
215 1180 300 1226 cum
325 1163 403 1228 solo
421 1163 487 1227 Dei
507 1179 685 1226 concursu
709 1159 873 1236 naturali,
890 1157 1033 1235 aliquod
1059 1173 1151 1234 opus

55 1261 231 1324 moraliter
252 1260 387 1324 bonum
410 1262 538 1326 iacere.
586 1263 640 1324 Ita
663 1260 841 1324 communis
856 1268 887 1320 et
902 1277 980 1319 aura
993 1255 1151 1317 sententia

54 1375 157 1425 corrrra
172 1365 440 1446 Augustinenses.
488 1366 651 1428 Probatur

93 1466 150 1548 (A)
167 1467 286 1548 Script.
334 1469 390 1530 Ex
408 1468 558 1530 textibus
577 1488 677 1548 supra
698 1466 817 1538 allatis,
834 1473 967 1528 constat
990 1463 1152 1538 homines,

55 1570 149 1631 etiam
162 1581 355 1651 peccatores
367 1581 400 1633 et
413 1570 573 1644 infideles
586 1570 665 1632 boni
678 1569 802 1648 aliquid
812 1568 955 1630 'moralis
965 1585 1063 1648 posse
1074 1585 1152 1646 ope-

56 1673 128 1747 rari;
151 1675 244 1754 atqui
256 1673 373 1735 nullibi
389 1673 546 1735 asseritur
557 1693 614 1734 eos
627 1671 869 1753 supernaturali
880 1670 986 1751 gratia
1003 1668 1152 1749 adjuvari

55 1776 129 1836 dum
145 1774 217 1837 haec
233 1795 336 1856 opera
352 1774 492 1859 iaciunt)
519 1775 703 1856 im0,juxta
720 1775 752 1838 S.
765 1774 905 1837 Paulum
917 1773 1040 1854 (supra,
1050 1793 1080 1834 n.
1092 1790 1109 1852 3
1115 1770 1150 1857 5)

56 1876 200 1940 Gentiles
217 1879 413 1940 naturaliter
429 1878 462 1959 (i.
479 1897 505 1941 e.
523 1879 664 1960 propriis
679 1877 824 1939 viribus²
836 1876 938 1957 juxta
953 1876 1153 1957 probabilio-

57 1999 117 2040 rem
149 1978 479 2065 interpretationem)
509 1981 663 2061 quaedam
689 1989 857 2061 praecepta
884 1979 966 2058 legis
994 1977 1153 2040 naturalis

56 2082 263 2163 adimplent:
300 2087 318 2114 “
336 2082 421 2146 Cum
445 2084 533 2144 enim
552 2083 688 2157 Gentes,
704 2102 779 2162 quae
803 2082 910 2162 legem
935 2101 1001 2142 non
1029 2080 1154 2143 habent

57 2186 250 2248 normaliter
268 2205 309 2248 ea
332 2206 407 2266 quae
431 2187 513 2268 legis
533 2197 611 2250 sunt
637 2184 809 2260 faciunt'';
847 2205 935 2264 erg0,
954 2186 1025 2246 sine
1048 2185 1154 2266 gratia

57 2290 295 2369 supernaturali
311 2289 447 2370 aliquod
465 2291 590 2354 bonum
607 2310 765 2372 peragere
781 2289 900 2352 valent.

102 2392 161 2472 (B)
187 2391 312 2454 Tradit.
360 2393 416 2455 Ex
440 2393 659 2457 damnatione
678 2395 843 2455 variarum
860 2391 942 2454 Bait·
954 2393 1154 2473 propositio·

58 2513 131 2556 num
150 2491 329 2580 (Denaing.
342 2509 416 2575 905,
436 2513 510 2576 907,
526 2500 600 2575 908,
615 2495 793 2579 910,917),
810 2495 950 2557 liberum
975 2495 1153 2558 arbitrium

58 2598 122 2658 sine
136 2598 247 2678 gratia
263 2595 395 2672 attuatii,
410 2600 453 2661 ad
470 2599 597 2679 aliquid
614 2599 704 2660 aliud
724 2599 814 2659 valet
830 2615 931 2677 quam
956 2597 997 2658 ad
1015 2618 1154 2677 peccan-

58 2702 143 2776 dum,
190 2701 287 2763 alicui
332 2701 510 2763 tentationi
554 2702 704 2763 resistere
746 2709 866 2781 potest,
904 2697 983 2760 boni
1030 2700 1154 2779 aliquid

59 2803 217 2866 naturalis
239 2823 283 2864 ex
308 2814 436 2865 naturae
470 2803 549 2864 solis
572 2804 696 2865 viribus
721 2813 833 2884 potest
860 2800 1031 2882 perficere;
1075 2803 1154 2864 item

59 2925 98 2966 ex
112 2906 328 2969 damnatione
347 2904 511 2982 Quesnrlli
523 2906 643 2984 (Dana.
665 2905 770 2986 1254),
785 2904 949 2974 voluntas
965 2923 1065 2983 quarn
1082 2925 1156 2985 gra·

59 3007 100 3068 tia
115 3028 182 3070 non
200 3009 370 3089 praevenit,
387 3017 438 3069 est
451 3028 561 3088 capax
577 3009 716 3088 alicujus
729 3008 825 3084 boni;
848 3007 941 3086 atqui
955 3005 1026 3067 haec
1042 3007 1156 3068 omnia

59 3111 174 3174 thesim
192 3120 341 3174 nostram
359 3111 543 3172 luculenter
558 3111 791 3174 demonstrant
801 3132 808 3186 ;
832 3129 919 3185 nam,
935 3129 979 3171 ex
995 3118 1157 3172 contextu

60 3211 107 3273 hic
129 3214 240 3294 agitur
261 3213 304 3274 de
327 3214 435 3294 gratia
459 3210 590 3287 actuali,
605 3224 640 3276 et
656 3216 732 3277 ideo
755 3215 826 3276 sine
843 3214 898 3275 illa
922 3213 1024 3275 homo
1046 3223 1158 3294 potest

60 3314 186 3396 aliquod
205 3315 309 3377 vitare
326 3314 461 3389 malum,
479 3336 607 3377 necnon
625 3316 760 3397 aliquod
776 3314 931 3398 perficere
948 3315 1102 3378 bonum&

93 3521 228 3588 *Brevin
242 3539 269 3591 p.
286 3536 311 3589 3,
328 3521 343 3592 ἕ
358 3536 432 3592 5.-
452 3523 495 3576 Cf.
510 3523 628 3587 Saurea,
645 3521 681 3574 de
696 3520 803 3584 Gratia,
817 3519 832 3573 l.
850 3521 871 3584 Ι,
891 3536 914 3573 c.
940 3533 1030 3584 rq·21;
1057 3519 1159 3584 Ernst,

65 3606 113 3661 Die
125 3605 229 3664 Werke
248 3609 306 3662 und
320 3609 478 3677 Tugenden
493 3609 543 3662 der
559 3607 768 3675 Unglaiibigen,
788 3606 924 3674 Freiburg
940 3606 1018 3674 1871,
1039 3605 1158 3672 Hurler,

64 3691 145 3764 58sq.

93 3805 102 3827 ν
114 3781 247 3835 Nonnulli
262 3792 357 3835 tamen
372 3782 539 3850 interpretes
549 3781 726 3834 naturaliter
733 3781 788 3834 alio
802 3780 887 3834 modo
901 3779 1069 3848 intelligunt,
1083 3781 1121 3834 ita
1131 3791 1160 3834 ut

66 3865 194 3934 significet
207 3871 269 3922 sine
280 3869 339 3938 Iege
350 3869 473 3939 scripna-
492 3887 547 3938 quo
562 3869 590 3922 in
604 3885 671 3944 casu
687 3885 798 3935 semper
811 3881 908 3920 verum
922 3877 1048 3920 remanet
1065 3866 1160 3920 Genti-

66 3952 108 4021 les,
121 3959 166 4026 qui
184 3957 355 4012 revelatione
370 3957 518 4010 illuminati
533 3973 590 4010 non
603 3959 721 4021 fuerant,
732 3955 864 4024 quaedam
879 3955 980 4008 saltem
995 3955 1066 4023 legis
1080 3963 1160 4006 natu-

68 4041 124 4094 ralis
136 4053 278 4112 praecepta
292 4044 429 4106 servasse,
450 4060 503 4096 nec
517 4044 590 4096 ullus
612 4043 730 4095 inveniri
745 4052 837 4110 potest
858 4041 1010 4110 Scripturae
1031 4041 1108 4094 iocus
1127 4056 1160 4092 ex

69 4139 115 4194 quo
128 4130 258 4197 probetur
270 4146 321 4184 eos
335 4128 421 4184 fuisse
436 4130 463 4182 in
477 4131 531 4184 hoc
541 4146 608 4182 casu
621 4128 714 4198 gratia
728 4127 933 4198 supernaturali
948 4136 1115 4197 praeventos.

97 4215 195 4282 ³Quod
208 4226 238 4270 ut
255 4217 355 4269 melius
369 4216 547 4285 intelligatur,
561 4216 699 4285 quasdam
712 4231 746 4269 ex
765 4216 808 4269 his
830 4214 1067 4284 propositionibus
1080 4213 1158 4266 dam·
