2776 4644
457 177 511 225 DE
529 177 699 225 GRATIA.
1093 179 1130 228 15

53 377 328 479 Ohjectum,
348 378 546 458 utilitas
568 383 618 458 et
634 375 821 457 divisio
838 377 1128 456 Tractatus

88 529 244 592 Absoluto
266 531 319 592 Tr.
336 530 374 592 dc
403 529 501 592 Verbo
522 529 705 602 lucarnam,
720 529 790 609 jam
815 529 856 590 de
881 529 949 590 Deo
975 527 1128 610 Serntirfi-

51 643 127 692 rnrrte
147 634 386 714 disputandum
412 642 488 694 est:
530 631 605 694 ideo
628 633 716 693 enim
735 633 882 694 Verbum
907 651 983 692 caro
1007 628 1130 692 sartum

52 745 92 796 est
106 743 138 796 ut
154 755 212 796 nos
229 733 461 810 sanctificaret,
477 735 617 815 gratiam
637 755 696 814 pro
713 735 808 796 nobis
831 735 1006 809 merend0;
1040 734 1131 795 Deus

52 847 156 912 autem,
166 858 222 899 seu
235 837 379 918 Spiritus
393 837 424 900 S.
437 857 496 897 nos
510 834 696 898 sanitificat
704 837 900 916 snrrunlitcr
910 855 968 916 per
980 837 1130 916 gratiam,

50 949 75 999 et
89 940 379 1001 instrumentaliter
393 960 452 1019 per
470 941 695 1003 Sacramenta.

86 1056 109 1104 1.
153 1043 191 1104 ln
208 1043 271 1104 hoc
289 1043 389 1123 igitur
407 1042 460 1103 ’[ν.
477 1042 515 1102 de
534 1041 654 1104 Cratini
677 1042 837 1102 disserere
861 1041 1065 1102 intendimus
1089 1041 1131 1101 de

50 1143 93 1204 illa
109 1145 172 1206 rita
188 1145 349 1226 spirituali
367 1155 400 1207 et
417 1145 668 1224 supernaturali,
685 1165 785 1225 quam
804 1165 861 1225 per
878 1153 1050 1225 peccatum
1067 1145 1130 1204 ori-

50 1246 145 1324 ginale
161 1246 385 1320 amiseramus
402 1257 434 1309 et
452 1246 603 1310 Christus
626 1267 684 1328 per
708 1249 825 1309 merita
842 1267 902 1308 sua
927 1246 1021 1308 nobis
1038 1246 1130 1307 resti-

49 1349 108 1420 tuit,
121 1348 219 1427 juxta
236 1349 338 1411 illud:
363 1349 466 1429 “Ego
483 1350 556 1411 reni
574 1360 610 1412 ut
627 1351 731 1412 vitum
748 1349 893 1412 habeant
909 1359 942 1411 et
959 1348 1131 1411 abundan-

49 1451 103 1512 tius
118 1451 260 1514 habeant
274 1453 289 1476 ''
303 1463 321 1512 ¹.
1134 1510 1136 1514 ,

86 1551 163 1614 Haec
180 1555 265 1615 enim
286 1554 354 1615 vita
371 1553 450 1614 nihil
467 1554 557 1615 aliud
582 1564 632 1616 est
650 1555 711 1615 nisi
729 1553 797 1615 vitu
815 1553 944 1636 grutr'ce,
961 1573 1035 1632 quae
1052 1552 1130 1614 alibi

51 1665 170 1716 vocatur
188 1662 202 1686 “
216 1654 290 1716 lons
313 1675 409 1735 aquae
434 1655 582 1717 salientis
608 1656 638 1716 in
657 1657 760 1718 vitam
778 1666 937 1718 aeternam
951 1655 993 1716 ’'2.
1041 1655 1130 1716 Hinc

49 1759 139 1834 gratia
151 1768 199 1820 est
211 1757 309 1820 veluti
327 1759 568 1820 Incarnationis
586 1754 719 1832 fructus
732 1778 770 1820 ac
783 1759 922 1839 proinde
940 1757 1129 1819 Tractatum

48 1859 314 1922 delacrimatione
331 1861 439 1942 logico
456 1862 571 1922 ordine
588 1862 736 1941 sequitur
754 1861 927 1924 Trutintrrs
943 1861 980 1922 de
1001 1859 1128 1922 Gratirl.

82 1977 107 2026 2.
140 1962 275 2025 Utilitas
284 1963 434 2043 ejusdem
450 1964 571 2044 triplex
584 1965 767 2045 praesertim
782 1965 991 2045 agnoscitur:
1007 1965 1054 2043 (a)
1064 1977 1130 2044 spc-

47 2065 182 2141 culnffln,
193 2087 236 2128 ex
253 2068 326 2148 ipsa
342 2068 507 2148 dignitate
520 2065 642 2147 objecti
660 2069 856 2148 desumpta:
880 2067 1043 2147 siquidem
1057 2087 1130 2146 gra-

48 2166 92 2238 tia,
105 2168 133 2228 in
153 2173 211 2230 sua
228 2168 352 2249 origine
369 2167 527 2250 spettata,
544 2178 594 2230 est
612 2166 736 2231 fructus
753 2169 924 2248 sanguinis
943 2167 1075 2242 Christi,
1092 2189 1129 2230 ac

49 2271 170 2346 proinde
186 2273 270 2334 tanti
287 2273 376 2333 valet
392 2273 508 2352 quanti
526 2273 634 2348 Deus;
658 2273 690 2333 in
709 2275 768 2331 sua
785 2269 915 2343 rantra,
929 2279 978 2331 est
996 2270 1127 2350 partici-

49 2371 125 2446 patio
140 2374 291 2453 quaedam
310 2374 431 2435 divinae
449 2383 584 2446 naturae,
598 2375 628 2435 vi
646 2371 750 2452 cujuS,
763 2393 805 2434 ex
825 2381 930 2433 morte
947 2374 989 2433 ad
1004 2391 1126 2433 novam

49 2475 135 2537 vitam
152 2478 304 2550 revocati,
319 2475 375 2538 filii
392 2477 455 2539 Dei
470 2479 681 2540 nominamur
697 2486 730 2538 et
747 2476 1041 2556 sumu3,novisqi1e
1055 2477 1129 2538 viri-

49 2575 98 2637 bus
114 2580 255 2641 roborati
272 2578 396 2641 diaboli
420 2581 661 2642 tentationibus
678 2580 862 2659 superiores
886 2577 1061 2656 efficimur3
1096 2581 1128 2640 in

48 2695 97 2738 suo
113 2681 253 2754 terruino,
270 2701 384 2742 semen
409 2691 458 2743 est
482 2682 606 2762 gloriae,
623 2691 656 2742 et
679 2701 813 2761 gemma
839 2681 983 2760 pretiosa
1000 2686 1065 2760 qua
1082 2702 1129 2742 re-

48 2797 135 2855 gnum
152 2783 311 2844 coelorum
326 2795 571 2863 comparatur3;
596 2784 644 2862 (b)
655 2783 820 2862 palentini,
835 2783 929 2843 multi
948 2793 1024 2844 sunt
1040 2785 1128 2845 enim

48 2901 156 2945 errores
173 2886 322 2947 hodierni
340 2887 425 2947 circa
442 2887 583 2966 gratiam
601 2909 607 2948 :
642 2885 872 2946 Ratr'onalr'stoe
886 2885 957 2965 ejus
981 2887 1129 2949 existen-

49 2985 125 3060 tiam,
141 2991 370 3052 necessitatem
390 2990 456 3051 imo
473 3000 506 3052 et
524 2990 779 3070 possibilitatem
798 3011 929 3070 prorsus
947 2992 1129 3072 denegant;

48 3085 250 3153 Prorcsrantcs
266 3101 377 3154 autem
390 3094 475 3154 circa
489 3092 735 3172 justificationis
754 3091 905 3154 naturam
920 3103 953 3154 et
965 3094 1129 3154 conditio-

48 3207 102 3264 nes,
118 3203 241 3256 nec'non
267 3196 352 3256 circa
376 3197 531 3257 meritum
555 3198 700 3277 graviter
723 3208 842 3271 errant,
858 3205 890 3258 ct
916 3199 1030 3277 quanti
1056 3218 1126 3258 mo·

48 3297 136 3356 menti
161 3299 203 3359 sit
220 3297 379 3378 praelatos
396 3318 522 3359 errores
547 3299 720 3359 confutare
737 3319 832 3360 nemo
849 3308 899 3360 est
916 3301 970 3380 qui
990 3320 1055 3360 non
1080 3301 1127 3360 vi-

48 3393 127 3473 deat,
149 3399 196 3479 (c)
211 3401 358 3479 praltr'cn
374 3425 385 3463 .·
418 3421 494 3462 nam
514 3402 655 3462 multum
681 3423 759 3462 sane
774 3401 867 3480 juvat
885 3401 997 3462 fideles
1015 3402 1129 3463 sedulo

49 3495 191 3561 instruere
214 3503 256 3563 de
280 3503 397 3582 gratiae
420 3508 547 3578 natura,
566 3505 682 3584 pretio,
699 3505 863 3584 dignitate
880 3513 912 3564 et
929 3503 1129 3578 effectibus,

48 3597 82 3657 (le
103 3601 242 3680 ejusdem
267 3604 310 3664 ad
335 3604 515 3666 christiane
540 3623 706 3684 agendum
737 3606 943 3684 gloriamque
978 3605 1129 3668 obtinen-

49 3701 114 3762 dam
134 3708 336 3780 necessitate,
353 3718 398 3781 ut,
417 3707 466 3768 his
490 3709 646 3769 omnibus
672 3719 799 3770 mature
824 3710 1003 3789 perpensis,
1021 3713 1129 3772 media

49 3831 95 3842 ι.-

78 3893 147 3959 ¹J0u.
163 3898 196 3962 X,
213 3914 252 3951 1o.
268 3928 303 3936 -
315 3900 395 3968 ²J0a.
416 3899 463 3965 IV,
485 3913 522 3963 rit.
540 3929 574 3937 —
588 3902 691 3952 ³2llrrlt.
711 3901 779 3959 XII,
795 3915 836 3964 44.

79 3979 159 4035 ⁴llrec
171 3985 263 4038 omnia
276 3985 411 4053 praeclare
425 3985 559 4038 describit
572 3987 764 4054 Ntrrcmberg,
779 3977 823 4040 De
844 3987 933 4055 pretio
949 3987 1128 4042 inestimabili

50 4059 138 4118 divinae
149 4069 243 4135 gratiae
251 4086 259 4138 ;
278 4070 357 4137 cujus
371 4087 441 4138 opus
450 4072 611 4139 germanice
625 4071 765 4124 redditum
779 4089 812 4124 ac
824 4073 1000 4141 recognitum
1014 4072 1129 4127 auclore

51 4147 172 4222 Sctcetrn,
188 4159 296 4225 anglice
310 4157 475 4210 translatum
490 4167 532 4209 est
552 4157 604 4210 sub
623 4159 676 4210 hoc
696 4158 776 4210 titulo
794 4160 819 4210 T
816 4159 849 4210 lte
865 4161 974 4212 (ilorr'es
987 4161 1021 4228 os
1032 4161 1130 4211 divine

53 4237 133 4307 tinne,
150 4245 221 4308 1886;
236 4247 341 4314 gallice
351 4244 455 4312 pariter
468 4261 577 4298 versum
591 4245 630 4297 le
643 4247 718 4297 Prix
729 4247 761 4298 de
775 4246 803 4297 tn
817 4246 911 4298 Grrice.
