2752 4648
246 158 315 208 ⁴26
687 159 827 210 CAPUT
846 159 908 210 111.

246 351 284 404 ut
299 341 345 404 sic
362 341 480 404 melius
496 351 696 425 agnoscatur
712 361 904 424 supremum
922 341 987 404 Dei
1004 341 1202 418 dominium,
1217 341 1267 423 qui
1285 360 1326 404 so·

247 445 298 507 lus
314 454 363 507 est
380 446 457 508 vitae
474 455 507 508 et
524 445 640 508 mortis
656 442 780 522 audior,
796 446 953 527 solusque
969 445 1024 527 jus
1039 446 1142 510 habet
1159 455 1194 509 ut
1209 446 1288 508 vivat
1301 457 1326 507 et

247 543 472 624 glorificetur;
505 540 560 631 (c)
583 545 750 626 legitimus
771 548 929 624 minister,
945 558 983 611 ut
1005 559 1163 631 acceptus
1185 549 1327 612 mediator

247 669 320 712 esse
335 651 438 730 possit
456 650 540 713 inter
558 649 668 714 Deum
690 661 724 713 et
745 652 940 716 societatem
955 674 962 730 ;
989 652 1041 734 (d)
1056 653 1203 734 supremi
1215 653 1275 716 Dei
1285 651 1325 713 du·

249 753 348 816 minii
362 755 533 836 recognitio
549 779 561 818 .·
586 755 639 818 hic
656 764 706 819 est
722 756 811 819 enim
830 756 980 820 sacrificii
993 757 1079 838 finis
1093 757 1273 832 essentialis,
1286 757 1326 818 cui

248 867 361 920 tamen
378 858 461 921 alius
477 859 612 922 additur
626 860 657 922 in
674 869 763 923 statu
781 870 908 924 naturae
925 860 1203 942 lapsae,videlicet
1219 858 1326 922 satisfa-

248 958 315 1024 ctio
331 981 391 1043 pro
406 959 543 1024 offensis
560 961 634 1024 Deo
651 963 812 1045 irrogatis.

294 1059 360 1142 154
409 1078 444 1127 2⁰
460 1065 616 1147 Definitio
630 1067 786 1148 sacrificii
798 1067 845 1129 M
843 1068 922 1130 issu.

292 1165 351 1248 (A)
370 1167 487 1246 Quoad
500 1189 611 1232 nornen
629 1193 640 1232 .·
665 1169 766 1250 Apud
785 1171 929 1247 Graecos,
945 1168 1142 1235 sacrificium
1161 1171 1269 1234 Missae
1283 1188 1328 1230 vo-

250 1282 343 1334 catur
359 1269 568 1356 μυσταγωγία,
585 1273 602 1334 i.
619 1293 644 1336 c.
662 1270 809 1354 peradtio
831 1275 990 1355 mysterii,
1007 1272 1157 1361 ἱερουργία
1181 1295 1236 1336 seu
1258 1269 1329 1336 allio

250 1395 352 1450 sacra,
373 1371 503 1457 λατρεία,
522 1374 637 1438 cultus.
692 1376 794 1457 Apud
821 1377 962 1440 Latinos
985 1387 1122 1440 vocatur
1144 1377 1265 1440 colleilu
1284 1393 1328 1436 seu

250 1488 443 1554 conventus,
459 1479 591 1560 agenda,
607 1500 664 1542 seu
688 1477 777 1542 actio
798 1501 856 1562 per
872 1481 1117 1556 excellentiam,
1133 1483 1190 1544 sed
1214 1499 1329 1564 praeser-

251 1583 311 1646 tim
324 1581 450 1653 Missa,·
473 1584 582 1662 quoad
601 1603 732 1657 nomen,
740 1583 841 1664 juxta
856 1585 1029 1666 quosdam,
1039 1587 1130 1647 venit
1143 1605 1184 1646 ex
1195 1583 1330 1646 hebraico

250 1687 393 1763 Missale,
411 1683 613 1772 (spontanea
629 1685 773 1773 oblatio)
790 1711 797 1767 ;
824 1691 881 1752 sed
900 1689 1066 1752 immerito
1082 1711 1089 1766 ;
1116 1709 1194 1752 nam
1210 1707 1271 1751 vox
1288 1685 1330 1747 illa

252 1811 318 1854 non
344 1788 509 1871 significat
534 1801 754 1872 spontaneam
780 1792 993 1866 oblationem,
1014 1801 1046 1855 et
1071 1793 1206 1855 aliunde
1229 1786 1331 1854 sacrifi·

252 1896 339 1957 cium
356 1894 610 1957 eucharisticum
628 1915 693 1957 uon
711 1896 814 1977 coepit
829 1896 938 1958 vocari
953 1895 1063 1958 Missa
1076 1897 1138 1958 nisi
1155 1903 1271 1977 quarto
1285 1912 1331 1954 sa·
1366 1939 1367 1988 ζ

252 1999 327 2062 culo
340 2022 347 2078 ;
369 2000 591 2062 communiter
603 2009 715 2062 autem
732 2000 900 2062 derivatur
912 2021 932 2062 a
948 2001 1050 2064 latina
1063 2019 1144 2062 voce
1157 1997 1332 2078 mittuquia.

253 2113 328 2185 post
349 2122 545 2177 sermonem,
561 2111 639 2165 ante
658 2102 874 2179 offertorium,
889 2103 1120 2166 catechumeni
1137 2101 1333 2165 dimitteban-

253 2217 312 2282 tur,
325 2206 426 2287 juxta
449 2205 528 2268 illud
555 2205 589 2276 S,
606 2205 792 2286 Augustini
806 2230 817 2269 .·
844 2208 953 2269 “Post
976 2225 1174 2280 sermonem,
1191 2203 1226 2267 fit
1240 2203 1333 2266 Missa

253 2311 507 2380 catechumenis.
525 2310 707 2373 manebunt
725 2308 838 2372 fideles
849 2311 885 2388 ’';
908 2311 985 2372 hinc
998 2311 1099 2373 etiam
1116 2309 1224 2382 hodie,
1237 2309 1266 2370 in
1283 2306 1333 2370 fine

254 2413 401 2477 sacrificii
418 2413 558 2477 dicitur:
583 2419 597 2445 “
612 2413 671 2488 lte,
688 2415 788 2475 missa
804 2423 855 2476 est
866 2413 892 2489 '’,
909 2414 925 2476 i.
939 2435 965 2476 e.
979 2414 1132 2488 recedite,
1145 2413 1238 2476 vobis
1253 2413 1334 2474 datur

254 2519 372 2593 missio,
388 2538 443 2580 seu
462 2517 595 2580 licentia
611 2517 761 2580 abeundi.

296 2621 356 2704 (B)
373 2621 489 2698 Quoad
498 2643 564 2684 reru
580 2645 586 2684 τ
612 2621 815 2685 Sacrificium
831 2621 944 2684 Missae
957 2619 1134 2684 definitur:
1157 2619 1332 2702 sucrificium

255 2747 343 2790 uevce
357 2727 462 2809 Legis,
478 2727 512 2789 ire
529 2748 590 2808 que
608 2725 759 2790 Christus
774 2725 910 2808 effertur
928 2736 958 2787 et
976 2726 1137 2788 incruente
1158 2723 1333 2796 immolatur,

253 2831 312 2894 sub
331 2830 486 2912 speciebus
502 2830 646 2910 periise!
661 2829 986 2910 uiui,perleeminem
1009 2827 1200 2890 ministrum
1214 2837 1272 2908 pre
1286 2823 1332 2886 Ec·

254 2935 349 2998 clesiel
360 2935 408 2996 ud
415 2934 649 3015 agnoscendum
663 2933 728 2994 Dei
738 2933 919 2994 dominium
931 2943 1127 3012 supremum,
1139 2931 1281 3010 nubesque
1290 2937 1333 3008 up·

251 3041 438 3121 plicandum
454 3039 690 3116 mummium
708 3048 737 3099 er
759 3038 875 3099 merita
889 3057 957 3098 sure
970 3035 1144 3117 passionis.
1199 3035 1333 3098 Dicitur:

148 3157 153 3168 ’
255 3144 305 3224 (a)
323 3141 526 3206 Sacrificium
548 3161 637 3202 norece
651 3141 756 3222 Legis,
772 3151 809 3202 ut
832 3141 878 3202 sic
901 3141 1127 3221 distinguatur
1146 3161 1165 3201 a
1186 3135 1332 3202 sacrificiis

265 3247 299 3310 V.
311 3245 406 3326 Legis
418 3264 492 3325 quae
508 3243 615 3306 solum
633 3243 805 3324 figurativa
818 3252 921 3318 erant,
933 3242 1013 3305 dum
1030 3241 1225 3305 sacrificium
1239 3241 1332 3302 Mrssae

256 3361 305 3413 cst
322 3347 497 3431 figurarum
513 3347 700 3428 completio.

256 3455 306 3534 (b)
324 3453 361 3515 ln
384 3473 451 3534 quo
470 3449 619 3515 Christus
634 3460 694 3511 etc.
714 3474 720 3512 :
752 3449 872 3530 quibus
896 3448 1004 3510 verbis
1026 3449 1192 3511 indicatur
1211 3458 1275 3510 tum
1295 3441 1332 3503 ri·

255 3559 362 3633 eu'ura,
378 3567 448 3619 tum
458 3553 656 3636 principalis
671 3552 823 3626 sacerdes,
839 3553 895 3632 qui
913 3551 1065 3615 Christus
1081 3562 1152 3628 est;
1179 3553 1245 3632 ipse
1259 3547 1330 3609 enim

257 3662 387 3723 realiter
410 3676 556 3739 praesens
580 3656 610 3716 in
630 3655 840 3717 Eucharistilr
863 3653 1008 3735 seipsum
1028 3654 1102 3716 Deo
1123 3653 1217 3716 offert
1236 3660 1264 3713 et
1285 3649 1330 3709 in·
1363 3739 1364 3744 η

258 3765 371 3831 molat.
1363 3747 1364 3762 ¹

258 3867 305 3947 (c)
323 3866 393 3930 Sub
408 3863 563 3945 speciebus
579 3873 638 3924 etc.
659 3883 665 3924 :
693 3861 745 3922 hic
768 3861 932 3924 indicatur
951 3859 1065 3921 merlus
1084 3879 1152 3940 quo
1175 3858 1211 3923 fit
1232 3849 1330 3920 sacril-

258 3970 344 4030 cium
360 3967 472 4028 Missae
486 3987 493 4042 ;
517 3965 668 4027 Christus
681 3965 769 4024 enim
788 3983 852 4025 non
871 3963 1063 4024 immolatur
1076 3963 1174 4024 modo
1187 3956 1292 4023 visibili
1305 3963 1330 4013 et

258 4079 393 4131 cruento
410 4089 507 4149 super
523 4067 635 4140 altare,
652 4076 687 4129 ut
704 4067 736 4128 iu
754 4087 849 4128 cruce
866 4063 990 4128 ladrum
1007 4073 1067 4140 est,
1080 4066 1137 4127 sed
1156 4065 1251 4127 modo
1267 4055 1329 4122 iuri·
1362 4129 1363 4140 χ

259 4171 344 4234 sibili
361 4180 395 4232 ct
410 4171 580 4245 incruente,
597 4170 652 4249 qui
678 4179 789 4232 tamen
814 4169 1013 4231 sensibiliter
1037 4189 1094 4251 per
1110 4167 1328 4251 separationem

261 4275 441 4356 specierum
459 4273 662 4352 exprimitur.
