2758 4652
231 173 287 222 DE
306 172 598 223 POENITENTIAE
617 175 918 226 sscitant-:ltro
1063 178 1123 228 519

45 370 123 430 spem
138 352 251 427 veniae,
267 362 300 414 et
318 351 354 414 fit
369 354 544 434 dispositio
567 355 721 435 proxima
737 357 779 418 ad
800 353 1072 436 justificationem
1090 357 1122 416 in

44 464 271 517 sacramentum
299 456 534 536 recipiendum.
597 457 688 537 Ergo
716 477 781 519 non
807 457 968 539 probatur
996 460 1124 520 ratione

43 575 174 618 amorem
192 557 387 620 nobiliorem
402 559 519 640 requiri
531 569 650 639 praeter
662 578 810 620 amorem
823 559 994 621 attritione
1004 578 1124 640 appre-

42 659 141 719 tiative
156 664 287 721 summa
304 662 477 723 inclusum.
522 660 574 742 (b)
592 660 663 722 Nec
679 661 885 730 aration'tata·
907 671 1024 723 textus
1034 664 1122 724 enim

46 755 243 820 Tridentinus
258 779 358 840 supra
374 761 496 821 citatus
514 760 654 821 “Deum
677 769 838 839 tanquam
862 757 972 821 omnis
978 761 1126 840 justitioe

39 859 143 926 fonnem
166 862 303 942 diligere
326 863 489 943 incipiunt
501 863 527 938 '’,
551 863 594 923 de
617 882 730 924 amore
752 861 820 942 spei
841 861 980 943 intelligi
1005 873 1124 943 potest,

40 979 105 1021 nam
122 962 213 1024 Deus
229 975 359 1026 amatus
376 974 412 1026 ut
425 963 674 1045 justificationis
691 973 814 1026 nostrae
832 961 956 1040 aufton
968 975 1018 1027 est
1032 965 1123 1026 Deus

40 1075 123 1141 prout
138 1075 188 1128 est
204 1065 304 1128 bonus
318 1067 414 1130 nebia
461 1067 610 1129 Aliunde
626 1087 741 1129 omnes
757 1065 851 1130 adius
864 1068 917 1129 hic
932 1069 1088 1148 descripti
1105 1087 1124 1128 a

44 1165 219 1229 Tridentino
235 1189 301 1232 non
318 1179 396 1232 sunt
411 1170 564 1232 absolute
588 1171 764 1232 necessarii
789 1171 831 1232 ad
853 1169 1124 1250 justificationem

39 1285 102 1329 cum
125 1282 357 1335 sacramento:
389 1273 525 1353 quidam
551 1273 726 1334 necessarii
751 1282 829 1335 sunt
852 1273 921 1335 sive
945 1274 1031 1334 lntra
1056 1273 1123 1334 sive

39 1381 121 1432 extra
137 1384 392 1449 sacramentum,
408 1374 463 1436 alii
480 1374 585 1436 solum
611 1385 701 1438 extra
724 1385 979 1450 sacramentum,
996 1385 1033 1437 ut
1053 1375 1123 1455 jam

39 1483 197 1538 notaverat
213 1477 350 1553 Saarna,
367 1477 385 1539 l.
403 1497 441 1553 c.;
476 1476 520 1537 ibi
537 1478 626 1539 enim
644 1477 830 1540 Concilium
853 1479 984 1540 disserit
1000 1477 1042 1539 de
1059 1477 1123 1539 dis-

38 1579 244 1652 positionibus
272 1580 314 1642 ad
340 1577 615 1658 justificationem
640 1581 675 1641 in
685 1599 820 1662 genera·
862 1590 898 1642 at
922 1579 977 1642 ubi
997 1579 1066 1661 agit
1091 1579 1121 1640 in

38 1681 133 1756 specie
149 1681 191 1742 de
206 1691 416 1744 sacramento
434 1681 646 1744 Poenitentiae
663 1682 755 1764 (sess,
770 1681 867 1756 XIV,
883 1702 953 1763 cap.
970 1677 1008 1765 4)
1021 1681 1122 1743 decla·

39 1790 79 1840 rat
91 1785 292 1848 attritionem
303 1805 347 1846 ex
366 1793 457 1846 metu
469 1784 641 1864 gehennae,
653 1804 728 1865 quae
745 1785 815 1846 sine
832 1794 1041 1846 sacramento
1058 1805 1121 1845 non

37 1883 152 1960 sufficit,
168 1898 377 1968 peccatorem
402 1886 443 1947 ad
461 1887 603 1967 gratiam
620 1888 654 1948 in
671 1897 881 1949 sacramento
905 1888 1122 1949 obtinendam

37 1985 208 2067 disponere.

72 2088 116 2168 65„
164 2091 228 2152 His
244 2091 385 2154 breviter
405 2092 578 2173 expositis
588 2091 784 2154 concludere
801 2092 878 2153 licet
893 2112 969 2154 cum
982 2091 1120 2154 hisAle-

35 2192 150 2252 xnndri
170 2193 241 2256 VII
252 2193 360 2255 verbis
376 2194 409 2275 (5
429 2195 506 2257 maii
535 2195 644 2274 1667);
671 2194 737 2258 “Si
754 2195 913 2275 deinceps
928 2194 969 2256 de
986 2196 1124 2257 materiai

37 2295 203 2357 attritionis
220 2295 367 2377 praesatae
383 2297 526 2359 scribent
580 2317 646 2358 non
664 2298 811 2360 audeant
834 2297 973 2378 alicujus
997 2297 1124 2360 theolo-

36 2396 109 2471 gica
121 2419 268 2461 censurae
279 2399 457 2462 alteriusve
473 2399 601 2480 injuriae
611 2409 670 2462 aut
681 2400 893 2462 contumelia,
911 2411 991 2463 nota
1007 2410 1124 2464 taxare

37 2497 218 2563 alterutram
229 2503 440 2576 sententiam,
454 2502 521 2562 sive
538 2512 716 2583 negantem
731 2503 961 2564 necessitatem
973 2501 1124 2584 aliqualis

36 2599 212 2666 diledlionis
229 2605 293 2667 Dei
311 2606 343 2667 in
361 2605 499 2686 praesata
515 2607 687 2668 attritione
703 2627 746 2667 ex
765 2615 856 2666 metu
871 2604 1034 2685 gehenna:
1047 2625 1122 2666 con-

36 2709 132 2784 cepta,
147 2728 221 2789 quae
237 2708 336 2771 hodie
352 2709 437 2770 inter
452 2708 666 2771 scholasticos
683 2709 892 2770 communior
907 2708 1046 2784 videtur,
1056 2710 1125 2770 sive

35 2822 226 2873 asserentem
258 2810 358 2875 didtae
381 2809 569 2874 dilectionis
596 2813 838 2886 necessitatem,
864 2811 971 2873 donec
998 2811 1040 2872 ab
1062 2813 1125 2873 hac

36 2908 62 2970 S.
80 2912 163 2975 Sede
179 2914 276 2976 suerit
292 2914 416 2995 aliquid
434 2915 496 2976 hae
513 2917 546 2976 in
560 2935 594 2976 re
609 2914 783 2976 definitum
796 2914 820 2976 '’.
871 2913 1123 2994 Jamvero'nihil

35 3013 133 3077 adhuc
160 3016 333 3079 delinitum
362 3027 420 3090 est,
436 3026 469 3078 et
500 3018 726 3098 unusquisque
750 3016 783 3078 in
807 3036 902 3078 suam
924 3018 1123 3078 sententiam

35 3116 117 3178 abire
141 3129 260 3198 potest.
315 3119 352 3180 ln
370 3119 467 3198 praxi
484 3140 560 3181 vero
578 3121 668 3182 nulla
684 3119 779 3181 adest
794 3119 987 3199 difficultas;
1003 3111 1123 3181 ‘statim

35 3233 67 3278 ac
82 3232 211 3284 constat
226 3223 447 3303 poenitentem
469 3242 544 3283 vere
561 3243 632 3285 esse
648 3223 810 3297 attritum,
826 3233 859 3284 et
876 3233 1012 3304 peccata
1028 3242 1126 3304 super

34 3323 138 3384 omnia
153 3325 319 3399 detestari,
336 3323 464 3386 absolvi
481 3334 614 3404 potest:
643 3325 740 3400 Nam,
758 3334 843 3386 teste
861 3325 1040 3406 Scriptura,
1056 3329 1073 3356 “
1085 3325 1124 3387 ti-

35 3442 100 3487 mor
115 3427 177 3488 Dei
195 3428 324 3491 initium
350 3424 538 3488 diledtionis
562 3428 633 3510 ejus
645 3428 661 3454 '’
675 3441 703 3507 1;
736 3439 769 3491 et
788 3429 843 3510 qui
860 3429 990 3489 veniam
1015 3448 1035 3489 a
1052 3427 1126 3488 Deo

35 3533 222 3611 sperat,jam
238 3555 314 3596 eum
331 3534 441 3614 diligit
457 3543 618 3613 tanquam
633 3531 773 3610 justitiae
789 3531 927 3593 iontem.
974 3530 1125 3610 Expedit

35 3637 138 3696 tamen
163 3647 200 3699 ut
226 3639 287 3718 ipsi
319 3647 549 3718 proponantur
576 3636 702 3696 motiva
726 3634 937 3696 contritionis
960 3631 1126 3714 perledlan

35 3741 97 3797 tum
113 3740 191 3818 quia
208 3737 405 3820 perfeetiora
421 3749 507 3814 sunt,
524 3749 595 3801 tum
613 3738 747 3819 majoris
764 3737 951 3799 securitatis
966 3737 1082 3818 gratia.

70 3845 116 3911 66.
166 3846 389 3912 Corollariurn.
434 3849 610 3922 Peninus,
633 3845 810 3927 recapiendo
825 3844 1129 3926 sacramentum‚fit

35 3963 68 4003 en
79 3949 191 4012 attrito
205 3952 370 4026 contritus,
386 3972 452 4014 non
469 3953 605 4033 quidem
622 3971 663 4012 eo
678 3970 777 4013 sensu
801 3949 890 4029 quod
915 3949 1042 4010 attritio
1058 3946 1126 4009 fieri

36 4053 131 4124 possit
154 4056 319 4130 contritio,
335 4076 438 4136 quum
462 4057 529 4117 sint
549 4057 618 4117 duo
639 4053 733 4116 adius
756 4055 866 4134 specie
888 4049 1046 4124 distineri,
1068 4055 1125 4112 sed

67 4245 165 4302 1ΕιεΙί.
181 4248 272 4313 XXV,
291 4248 330 4300 16.
