2770 4646
259 159 317 211 166
347 159 403 208 DE
416 158 597 209 NATURA
612 157 663 206 ΕΤ
675 157 933 208 ΕΧΙΒΤΕΝΤΙᾸ
947 158 1370 211 sncnaussnoncu

255 342 309 403 his
331 341 487 403 omnibus
510 345 784 422 propugnarunt;
810 351 938 420 quanto
961 342 1067 422 magis
1089 343 1116 403 si
1140 363 1228 404 nova
1253 365 1371 404 sacra-

257 455 372 506 menta
387 444 431 506 ab
446 443 557 525 aliquo
572 445 753 524 impostore
770 444 905 504 inventa
921 442 1060 506 luissent
1076 445 1087 505 ἲ
1132 445 1241 526 Atqui
1269 447 1371 507 nulla

258 549 470 610 inveniuntur
499 548 638 628 vestigia
668 547 966 610 controversiarum
993 549 1036 609 de
1062 547 1370 610 Sacramentorum

258 671 397 714 numero
414 652 445 713 in
463 649 626 733 prioribus
642 647 781 724 saeculis,
797 649 897 711 nullae
919 649 1174 712 reclamationes
1189 653 1262 713 sire
1282 652 1370 732 Epi-

258 773 444 835 scoporum,
470 755 540 816 sive
565 751 712 814 fidelium
724 763 744 814 ¹.
790 752 881 834 Ergo
908 751 997 817 refte
1023 774 1098 816 cum
1131 755 1369 816 ΤιντιιΙΙιὶυιιι3

257 857 486 920 concludimus
508 880 516 920 :
540 857 699 937 “Ecquid
717 857 881 919 versimile
903 867 954 920 est
978 869 1014 921 ut
1037 869 1088 921 tot
1110 879 1150 920 ac
1171 871 1279 922 tantae
1298 861 1366 921 Ec-

257 960 367 1021 clesiae
383 961 416 1022 in
433 979 533 1022 unam
551 957 650 1020 fidem
667 959 849 1022 erraverint
862 961 874 1022 ?
886 1010 894 1022 .
908 1009 932 1022 ..
979 961 1134 1024 Ceterum
1159 964 1250 1043 quod
1268 967 1364 1043 apud

259 1063 382 1126 multos
398 1082 500 1125 unum
517 1063 691 1136 invenitur,
708 1081 773 1125 non
791 1075 843 1126 est
857 1076 1002 1127 erratum
1020 1066 1077 1127 sed
1095 1066 1294 1128 traditum

299 1165 349 1229 26.
394 1180 433 1244 4⁰
452 1165 677 1230 Confirmatur
699 1179 889 1247 argumento
910 1169 1140 1230 conuenientia.
1188 1170 1270 1231 vna
1294 1173 1362 1251 spi-

258 1271 384 1332 ritualis
399 1269 668 1332 conformitatem
685 1269 786 1332 habet
801 1291 877 1332 cum
895 1273 963 1334 vita
978 1273 1149 1352 corporali,
1162 1294 1201 1335 ac
1217 1276 1361 1354 proinde

258 1375 412 1435 convenit
428 1383 478 1435 tot
494 1392 566 1434 esse
583 1372 694 1434 media
709 1374 752 1436 ad
769 1374 872 1436 vitam
889 1376 1095 1455 spiritualem
1118 1376 1357 1439 conserendam

257 1476 308 1537 vel
333 1476 519 1556 augendam
543 1487 625 1556 quot
649 1484 726 1539 sunt
749 1477 791 1538 ad
816 1477 918 1539 vitam
942 1478 1173 1557 corporalem;
1195 1481 1299 1562 ,atqui
1325 1482 1356 1540 in

257 1581 324 1642 vita
341 1579 501 1660 corporali
517 1588 646 1659 septem
659 1589 738 1641 sunt
750 1582 934 1660 praesertim
948 1580 1141 1652 necessaria,
1152 1581 1301 1660 quinque
1313 1581 1354 1641 ad

257 1681 492 1764 perfeetionem
510 1682 685 1757 individui,
700 1684 769 1745 duo
791 1684 833 1745 ad
857 1683 1016 1746 societatis
1031 1679 1289 1766 persediionem
1312 1686 1352 1744 ad

258 1781 493 1866 perledlionem
510 1783 679 1846 individui
693 1785 888 1865 requiritur:
910 1787 947 1867 a)
963 1797 1000 1848 ut
1012 1795 1176 1858 nascatur,
1186 1787 1276 1866 quod
1289 1788 1351 1866 spi-

257 1888 417 1950 ritualiter
427 1886 464 1949 lit
476 1907 533 1970 per
545 1889 752 1970 baptismum
767 1913 774 1966 ;
790 1887 825 1966 b)
840 1899 877 1951 ut
888 1900 1015 1952 crescat
1027 1899 1061 1951 et
1073 1889 1256 1963 roboretur,
1265 1892 1349 1970 quod

257 1989 294 2053 lit
309 1991 525 2072 spiritualiter
541 2010 599 2073 per
615 1991 912 2055 Confirmationem
929 2015 936 2069 ;
958 1994 993 2072 c)
1016 2003 1053 2055 ut
1076 1993 1250 2066 nutriatur,
1265 1994 1348 2073 quod

256 2095 289 2156 in
306 2095 375 2158 vita
391 2094 553 2176 spirituali
571 2113 628 2176 per
645 2094 890 2157 Eucharistiam
907 2094 1097 2174 obtinetur;
1115 2096 1153 2176 d)
1170 2105 1208 2157 ut
1224 2107 1349 2156 sanetur

255 2198 298 2260 ab
323 2197 578 2274 infirmitatibus
603 2198 692 2278 quod
717 2197 930 2280 spiritualiter
954 2197 991 2260 lit
1014 2217 1072 2280 per
1096 2198 1348 2270 Poenitentiam;

255 2301 290 2382 e)
307 2311 351 2377 ut,
367 2312 443 2383 post
459 2301 621 2374 morbum,
638 2311 807 2382 recuperet
823 2301 996 2382 pristinam
1013 2299 1249 2376 valetudinem,
1265 2300 1345 2381 quod

256 2405 287 2464 in
305 2405 373 2466 vita
389 2405 550 2488 spirituali
567 2405 760 2486 producitur
776 2425 835 2486 per
851 2403 946 2467 Extr.
962 2401 1176 2480 Unflionem,
1188 2425 1263 2486 quat
1280 2424 1345 2485 pec·

254 2508 319 2568 cati
337 2506 491 2589 reliquias
507 2507 675 2590 abstergit
723 2507 779 2569 Ad
804 2505 1040 2588 perledliouem
1063 2505 1226 2570 societatis
1249 2505 1344 2586 requi·

255 2609 360 2672 ritur:
392 2613 427 2691 a)
459 2621 603 2692 potestas
634 2609 769 2691 regendi
802 2609 1060 2683 multitudinem,
1090 2610 1142 2671 cui
1176 2610 1344 2691 respondet

255 2713 349 2776 Ordo
364 2735 372 2790 ;
394 2712 431 2794 b)
447 2713 646 2795 propagatio
661 2713 791 2795 generis
806 2713 954 2786 humani,
971 2732 1046 2793 quae
1071 2712 1103 2773 in
1127 2713 1246 2775 ordine
1262 2711 1343 2793 spiri·

186 2843 190 2849 ·
254 2816 334 2878 tuali
351 2835 410 2898 per
422 2816 671 2879 Matrimonium
689 2813 921 2879 sanetificatur.
962 2814 1060 2895 Ergo.
1077 2813 1129 2895 (S.
1147 2813 1205 2876 Th.
1217 2832 1244 2894 3,
1260 2834 1287 2895 q.
1299 2815 1341 2898 65,

253 2939 280 2980 a.
304 2921 340 3000 ι).
394 2921 553 2983 Nonnulli
580 2922 804 2983 l'rotestantes
826 2920 861 3004 id
885 2937 1065 3000 agnoscere
1087 2914 1195 2980 coabli
1219 2927 1300 2987 sunt,
1314 2927 1340 2976 et

253 3023 342 3103 stylo
359 3025 490 3104 poetico
513 3023 720 3085 harmoniam
746 3033 780 3086 ct
803 3022 1069 3085 convenientiam
1093 3031 1222 3101 septem
1247 3039 1339 3082 sacra·

254 3134 441 3187 mentorum
459 3126 703 3206 descripserunt
714 3137 735 3187 ³.

288 3287 439 3356 ¹Aliunde,
455 3304 484 3346 ut
503 3294 588 3348 verba
608 3311 772 3363 usurpemus
793 3295 906 3346 llroru'n
925 3291 1036 3359 (leit),
1055 3292 1071 3318 “
1084 3290 1251 3346 Edisserant
1268 3289 1337 3343 nobis

228 3381 231 3388 '
251 3380 412 3447 adversarii,
423 3380 486 3449 quis
500 3381 613 3435 tandein
628 3382 673 3435 ille
687 3382 768 3436 suerit
782 3373 881 3448 insan'i,
899 3393 929 3436 ut
942 3382 1100 3450 loquuntur,
1113 3379 1254 3447 dogmatis
1267 3375 1336 3431 labri·

252 3469 349 3522 catur?
386 3469 450 3536 Quo
463 3467 576 3521 nomine
589 3469 770 3537 appellatus?
808 3469 872 3536 Qud
885 3467 975 3537 patrii
988 3463 1144 3520 oriundus?
1173 3467 1259 3535 Cujus
1273 3463 1335 3518 insti·

252 3554 303 3607 tuti
318 3555 478 3624 professor?
515 3555 578 3622 Qud
597 3554 718 3623 denique
731 3553 883 3623 praeditlus
896 3553 1071 3620 sullimitate,
1085 3563 1187 3606 utnon
1203 3549 1334 3606 Occidenti

252 3651 361 3694 tantum
382 3641 432 3695 sed
453 3641 562 3694 Orienti
583 3640 722 3702 universo,
744 3651 841 3694 contra
860 3639 1018 3694 dollrinam
1038 3649 1162 3693 veterem
1181 3637 1334 3707 persuadere

251 3728 380 3796 potuerit,
393 3745 450 3781 non
465 3727 521 3782 duo
534 3739 582 3780 aut
596 3729 649 3781 tria
662 3729 712 3782 sed
726 3739 834 3798 septem
853 3744 915 3782 esse
935 3725 1082 3795 Evangelii
1097 3739 1273 3780 sacramenta
1284 3739 1333 3792 gra·

252 3815 297 3868 tite
310 3815 453 3868 efficacia?
491 3815 572 3884 Quod
592 3815 614 3868 si
634 3816 662 3868 in
681 3832 710 3869 re
729 3827 785 3869 tam
805 3815 964 3868 necessaria
982 3813 1187 3878 obmutescant,
1205 3823 1235 3866 ut
1252 3825 1333 3864 revera

252 3899 395 3969 lratlenus,
412 3901 515 3971 saepius
532 3902 597 3956 licet
616 3903 767 3970 provocati,
787 3889 929 3966 siluerunt,
948 3917 996 3953 eos
1012 3900 1074 3968 jure
1093 3909 1190 3952 nostro
1208 3895 1331 3951 mendacii

250 3989 454 4053 accusabimus,
467 3990 643 4059 fruenturque
658 3988 767 4043 interim
781 3988 937 4042 hereditate
950 3983 1093 4040 nostrd...''

284 4077 294 4106 r
309 4076 352 4128 De
366 4074 517 4144 praescript.
532 4092 553 4128 c.
569 4077 609 4128 28.

285 4173 292 4202 ¹
310 4163 352 4214 lta
365 4161 519 4230 prasertim
535 4162 635 4226 Goeilre,
650 4163 780 4223 (Euvres
796 4171 813 4214 t.
832 4163 870 4227 18,
887 4177 913 4229 p.
928 4161 998 4224 262;
1018 4159 1126 4228 anglice
1143 4157 1326 4223 AutoBiogra·

330 4245 434 4300 llohn's
447 4249 571 4301 translat.
589 4247 642 4299 vol.
661 4249 682 4311 1,
696 4265 722 4315 p.
740 4248 862 4316 245·248.
