2770 4652
241 176 311 226 45⁴
685 174 825 226 CAPUT
842 175 900 224 111.

241 351 350 414 bilem.
360 390 404 398 -
415 351 640 427 Consuetudo
650 373 724 435 quae
736 353 852 415 existit
869 352 901 414 in
919 351 1066 434 pluribus
1078 351 1241 413 Americae
1253 348 1319 410 dioe·

242 455 380 530 cesibus,
396 456 555 536 pinguem
572 456 722 537 pecuniae
738 476 903 518 summam
920 453 1097 537 colligendi
1118 455 1173 517 die
1194 471 1321 515 comme·

243 559 437 621 morationis
460 557 710 622 Desunttorum
749 578 916 640 unamque
946 559 1076 622 dicendi
1110 557 1246 619 Missam
1274 575 1321 637 pro
1373 581 1374 584 ¹

242 663 397 724 omnibus
413 663 544 724 tolerari
561 672 671 742 potest
687 663 871 725 dummodo
886 671 1074 742 apponatur
1091 653 1214 723 tabella
1229 659 1259 720 in
1272 660 1321 720 Ec-

242 764 351 840 clesia,
363 769 429 848 qua
444 764 557 828 fideles
573 764 634 828 hac
647 767 690 829 de
705 786 739 827 re
755 766 908 828 certiores
924 763 1005 826 fiant
1018 776 1037 826 ¹.

289 864 358 952 (D)
377 867 453 949 Qui,
468 878 606 950 accepto
629 868 804 949 stipendio,
824 867 990 930 celebrare
1016 866 1202 928 notabiliter
1221 865 1256 926 di
1278 873 1322 938 erl,

242 981 376 1052 pecccat
392 972 542 1052 graviter.
589 971 754 1033 Notabilis
767 980 879 1033 autern
896 971 1013 1033 dilatio
1025 991 1069 1032 ex
1086 969 1267 1031 intentione
1280 988 1322 1028 eo·

243 1081 315 1137 rum
340 1075 395 1155 qui
422 1076 504 1138 dant
535 1075 747 1156 stipendium,
770 1085 803 1137 et
833 1096 877 1136 ex
908 1074 1165 1137 circumstantiis
1193 1071 1323 1154 pendet:
1373 1117 1374 1154 ,

245 1181 290 1258 (a)
306 1179 331 1240 si
347 1179 451 1241 Missa
467 1199 527 1260 pro
543 1179 653 1261 aliqua
670 1179 815 1241 instante
830 1179 937 1260 gratia
954 1179 1163 1259 impetranda
1179 1177 1323 1259 promissa
1373 1175 1374 1186 ¹

244 1280 349 1357 luerit,
372 1282 459 1343 intra
482 1291 614 1362 tempus
642 1279 816 1361 praefixum
841 1280 903 1343 sub
925 1282 1017 1362 gravi
1040 1280 1196 1343 celebrari
1220 1280 1323 1353 debet;

243 1404 337 1448 secus
368 1386 570 1467 stipendium
602 1385 844 1449 restituendum
875 1394 946 1460 est;
980 1384 1030 1464 (b)
1059 1385 1090 1445 in
1119 1384 1229 1446 Missis
1254 1383 1324 1445 cele-

243 1489 378 1551 brandis
402 1508 461 1570 pro
485 1498 623 1550 recenter
641 1485 815 1562 defunctis,
831 1487 948 1550 dilatio
970 1487 1069 1549 unius
1092 1486 1210 1549 eraclesis
1229 1487 1323 1568 gravis

244 1599 404 1665 censetur,
421 1591 483 1653 nisi
501 1591 701 1653 contrarium
718 1589 838 1654 diredle
854 1600 912 1653 aut
933 1587 1090 1652 indirecte
1106 1590 1282 1672 stipuletur,
1294 1601 1324 1651 ut

244 1693 281 1757 fit
296 1716 324 1758 v.
340 1715 370 1776 g.
387 1694 522 1774 quando
543 1695 648 1756 multa
664 1695 827 1775 stipendia
842 1694 939 1756 simul
963 1696 1105 1773 dantur;
1128 1693 1177 1775 (c)
1192 1713 1250 1775 pro
1263 1693 1324 1754 aliis

245 1799 366 1874 Missis,
383 1796 500 1861 dilatio
515 1798 654 1859 duorum
672 1798 831 1860 mensium
847 1797 977 1860 tolerari
995 1807 1113 1879 potest.

289 1897 358 1987 (E)
373 1900 545 1981 Obligatio
558 1899 745 1962 celebrandi
762 1920 806 1961 ex
823 1910 962 1982 accepto
973 1900 1140 1981 stipendio
1157 1910 1262 1982 potest
1276 1919 1324 1981 per

244 2005 344 2068 alium
361 2002 568 2066 sacerdotem
586 2002 769 2084 adimpleri,
784 2003 842 2065 sed
859 2011 938 2064 tunc
955 2003 1119 2084 integrum
1137 2003 1323 2086 stipendium

243 2109 319 2172 huic
330 2109 414 2171 tradi
428 2106 606 2182 debet,nisi
620 2127 776 2169 excessus
789 2107 908 2169 intuitu
920 2127 1071 2188 personae
1083 2109 1223 2172 traditus
1233 2108 1325 2182 luerit,

244 2223 301 2276 aut
321 2212 404 2274 alter
419 2210 572 2272 sacerdos
589 2219 707 2290 sponte
730 2218 763 2271 et
787 2230 852 2271 non
878 2219 1021 2291 rogatus,
1037 2230 1212 2274 excessum
1228 2211 1324 2272 remit-

243 2325 293 2378 tat
303 2327 324 2379 ².
372 2315 442 2376 Nec
458 2312 534 2374 licet
548 2311 729 2392 Episcopis‚
742 2314 812 2374 sine
824 2313 957 2393 speciali
971 2313 1003 2378 S.
1016 2313 1113 2379 Sedis
1129 2315 1265 2388 licentia,
1277 2313 1325 2374 ali-

244 2419 322 2501 quid
339 2417 511 2480 detrahere
527 2436 570 2477 ex
587 2415 806 2496 eleemosynis
823 2417 999 2481 Missarum
1017 2439 1091 2499 quae
1107 2418 1325 2481 celebrioribus

244 2519 437 2585 sanetuariis
453 2520 537 2582 tradi
554 2517 669 2595 solent,
682 2519 782 2581 etiam
800 2529 835 2580 ut
848 2540 960 2583 corum
973 2521 1083 2584 decori
1100 2523 1289 2586 consulatur.

288 2623 348 2705 (F)
365 2623 484 2688 Omnis
501 2632 693 2685 mercaturae
710 2623 835 2704 species
851 2625 961 2704 quoad
980 2625 1157 2688 Missarum
1175 2626 1326 2708 stipendia

247 2726 449 2791 stridlissime
466 2724 665 2807 prohibetur.
713 2726 768 2787 Ex
787 2726 882 2788 Bulla
898 2726 1006 2808 Apost.
1026 2727 1123 2791 Sedis
1145 2749 1325 2793 excommu-

245 2831 442 2895 nicationem
457 2829 533 2891 laice
545 2828 708 2890 sententie
719 2828 912 2909 simpliciter
924 2831 961 2893 R.
973 2829 1124 2892 Pontifici
1142 2843 1327 2895 reservatam

246 2937 414 2997 incurrunt
430 2931 650 3011 “colligentes
667 2929 895 3012 eleemosynas
913 2931 1046 3012 majoris
1065 2934 1161 3014 pretii
1183 2955 1242 3016 pro
1258 2935 1326 2996 Mis·

245 3039 298 3113 sis,
321 3047 354 3100 et
378 3058 420 3100 ex
445 3037 492 3097 eis
515 3037 640 3097 lucrum
666 3044 847 3114 captantes,
872 3035 1023 3099 faciendo
1045 3057 1101 3098 eas
1125 3037 1277 3100 celebrari
1300 3039 1326 3099 in

246 3141 326 3202 locis
348 3140 402 3201 ubi
427 3140 604 3202 Missarum
629 3138 795 3218 stipendia
819 3139 954 3200 minoris
981 3139 1077 3220 pretii
1101 3159 1173 3201 esse
1196 3140 1326 3202 solent''⁸

246 3244 393 3324 Insuper,
420 3261 464 3302 ex
490 3243 624 3303 decreto
647 3239 680 3304 S.
705 3240 739 3304 C.
765 3241 799 3304 C.
829 3243 941 3320 18743,
966 3251 1061 3322 turpe
1088 3244 1325 3305 mercimonium

245 3347 331 3428 sapit
342 3364 454 3407 eorum
466 3343 720 3425 bibliopolarum
731 3343 781 3405 vel
801 3353 1020 3406 mercatorum
1033 3347 1153 3426 agendi
1172 3347 1261 3420 rati0,
1272 3347 1327 3426 qui,

245 3449 401 3513 adhibitis
417 3446 556 3530 publicis
573 3446 798 3508 invitamentis
815 3455 847 3508 et
864 3448 1017 3529 praemiis,
1033 3447 1084 3509 vel
1101 3448 1167 3511 alio
1183 3468 1326 3531 quocum·

280 3671 332 3725 ¹5.
350 3669 435 3738 Cong.
453 3669 531 3722 Cone.
549 3681 579 3738 27
594 3669 656 3736 Jan.
676 3670 751 3732 1877.
1373 3717 1374 3720 ,

278 3758 330 3810 ²5.
347 3757 376 3811 C.
392 3757 471 3810 Cone.
489 3771 521 3824 19
531 3756 589 3824 jan.
608 3757 676 3823 1869
689 3773 732 3824 ap.
746 3757 820 3808 Arra
834 3755 863 3810 S.
881 3756 970 3822 Sedis,
987 3756 1037 3820 IV,
1053 3774 1079 3825 p.
1099 3770 1157 3826 537.
1199 3758 1271 3811 Hinc
1287 3754 1326 3808 ad·

244 3843 447 3899 ministratores
457 3843 649 3908 ecclesiarum,
658 3861 691 3897 ex
702 3844 887 3912 eleemosynis
898 3844 973 3898 datis
983 3843 1021 3896 ad
1034 3843 1137 3896 Missas
1148 3843 1325 3904 celebrandas,

244 3931 313 3985 nihil
326 3940 443 3998 possunt
456 3930 576 3984 retinere
589 3947 639 3998 pro
652 3932 781 4000 expensis
792 3931 931 3997 altarium,
940 3931 1077 3984 luminum
1087 3941 1150 3996 ete,
1159 3931 1212 3986 nisi
1225 3929 1267 3984 alii
1281 3944 1325 3982 non

244 4017 301 4070 sint
313 4015 433 4080 reditus;
452 4026 480 4070 et
493 4027 559 4070 tunc
573 4018 601 4070 id
615 4019 706 4070 solum
719 4019 831 4072 retineri
845 4028 937 4086 potest
951 4018 1027 4088 quod
1041 4032 1093 4086 pro
1106 4034 1162 4071 uno
1176 4027 1280 4072 tanturn
1292 4031 1325 4068 sa·

244 4101 348 4156 crificio
363 4102 537 4169 expenditur.

279 4186 290 4216 ³
312 4186 354 4240 cf.
381 4187 529 4240 Canom'slc
550 4192 764 4258 contemperata,
790 4191 939 4260 aoht-sept.
963 4189 1039 4262 1893,
1061 4207 1085 4260 p.
1110 4205 1179 4261 5533
1208 4187 1327 4246 Analecta

244 4273 346 4336 eccles,
362 4289 425 4341 aug.
445 4274 519 4342 1896,
533 4292 558 4343 p.
574 4289 634 4341 374.
