<?xml version="1.0" encoding="UTF-8"?>
<!DOCTYPE html PUBLIC "-//W3C//DTD XHTML 1.0 Transitional//EN"
    "http://www.w3.org/TR/xhtml1/DTD/xhtml1-transitional.dtd">
<html xmlns="http://www.w3.org/1999/xhtml" xml:lang="en" lang="en">
 <head>
  <title>
</title>
<meta http-equiv="Content-Type" content="text/html;charset=utf-8" />
  <meta name='ocr-system' content='tesseract 3.04.00' />
  <meta name='ocr-capabilities' content='ocr_page ocr_carea ocr_par ocr_line ocrx_word'/>
</head>
<body>
  <div class='ocr_page' id='page_1' title='image "./synopsistheolog01tanqgoog_0357.png"; bbox 0 0 2752 4648; ppageno 0'>
   <div class='ocr_carea' id='block_1_1' title="bbox 253 154 892 241">
    <p class='ocr_par' dir='ltr' id='par_1_1' title="bbox 253 154 892 241">
     <span class='ocr_line' id='line_1_1' title="bbox 253 154 892 241; baseline 0 -1"><span class='ocrx_word' id='word_1_1' title='bbox 253 173 323 240; x_wconf 61' lang='lat' dir='ltr'><strong>aaa</strong></span> <span class='ocrx_word' id='word_1_2' title='bbox 415 176 479 223; x_wconf 81' lang='lat'><strong>·&#39;</strong></span> <span class='ocrx_word' id='word_1_3' title='bbox 560 154 568 160; x_wconf 64' lang='grc'><em>“</em></span> <span class='ocrx_word' id='word_1_4' title='bbox 712 189 852 241; x_wconf 71' lang='lat' dir='ltr'><strong>capus</strong></span> <span class='ocrx_word' id='word_1_5' title='bbox 869 189 892 240; x_wconf 91' lang='lat'><strong>1.</strong></span> 
     </span>
    </p>
   </div>
   <div class='ocr_carea' id='block_1_2' title="bbox 247 355 1361 2616">
    <p class='ocr_par' dir='ltr' id='par_1_2' title="bbox 247 355 1361 2616">
     <span class='ocr_line' id='line_1_2' title="bbox 251 355 1336 451; baseline -0.005 -20"><span class='ocrx_word' id='word_1_6' title='bbox 251 355 260 412; x_wconf 79' lang='lat'><strong>.‘</strong></span> <span class='ocrx_word' id='word_1_7' title='bbox 298 367 349 451; x_wconf 90' lang='lat' dir='ltr'><strong>(b)</strong></span> <span class='ocrx_word' id='word_1_8' title='bbox 366 367 444 443; x_wconf 89' lang='lat' dir='ltr'><strong>Alii,</strong></span> <span class='ocrx_word' id='word_1_9' title='bbox 459 387 535 430; x_wconf 92' lang='lat' dir='ltr'><strong>cum</strong></span> <span class='ocrx_word' id='word_1_10' title='bbox 550 368 589 430; x_wconf 83' lang='lat' dir='ltr'><strong>de</strong></span> <span class='ocrx_word' id='word_1_11' title='bbox 605 368 704 450; x_wconf 81' lang='lat' dir='ltr'><strong>Lnga,</strong></span> <span class='ocrx_word' id='word_1_12' title='bbox 720 377 835 432; x_wconf 91' lang='lat' dir='ltr'><strong>tenent</strong></span> <span class='ocrx_word' id='word_1_13' title='bbox 854 367 944 431; x_wconf 85' lang='lat' dir='ltr'><strong>illam</strong></span> <span class='ocrx_word' id='word_1_14' title='bbox 964 365 1128 438; x_wconf 72' lang='lat' dir='ltr'><strong>actionem</strong></span> <span class='ocrx_word' id='word_1_15' title='bbox 1151 387 1222 430; x_wconf 92' lang='lat' dir='ltr'><strong>esse</strong></span> <span class='ocrx_word' id='word_1_16' title='bbox 1239 367 1336 428; x_wconf 84' lang='lat' dir='ltr'><strong>consti·</strong></span> 
     </span>
     <span class='ocr_line' id='line_1_3' title="bbox 254 465 1337 553; baseline -0.003 -22"><span class='ocrx_word' id='word_1_17' title='bbox 254 471 393 533; x_wconf 84' lang='lat' dir='ltr'><strong>tutivam</strong></span> <span class='ocrx_word' id='word_1_18' title='bbox 414 472 560 552; x_wconf 92' lang='lat' dir='ltr'><strong>corporis</strong></span> <span class='ocrx_word' id='word_1_19' title='bbox 576 465 699 535; x_wconf 88' lang='lat' dir='ltr'><strong>Christi</strong></span> <span class='ocrx_word' id='word_1_20' title='bbox 715 472 777 535; x_wconf 94' lang='lat' dir='ltr'><strong>sub</strong></span> <span class='ocrx_word' id='word_1_21' title='bbox 793 472 965 553; x_wconf 87' lang='lat' dir='ltr'>speciebus</span> <span class='ocrx_word' id='word_1_22' title='bbox 977 484 998 548; x_wconf 90' lang='lat'><strong>¹,</strong></span> <span class='ocrx_word' id='word_1_23' title='bbox 1012 471 1073 546; x_wconf 91' lang='lat' dir='ltr'><strong>vel,</strong></span> <span class='ocrx_word' id='word_1_24' title='bbox 1088 481 1126 534; x_wconf 89' lang='lat' dir='ltr'><strong>ut</strong></span> <span class='ocrx_word' id='word_1_25' title='bbox 1148 469 1221 534; x_wconf 92' lang='lat' dir='ltr'><strong>aliis</strong></span> <span class='ocrx_word' id='word_1_26' title='bbox 1243 471 1337 551; x_wconf 89' lang='lat' dir='ltr'><strong>placet</strong></span> 
     </span>
     <span class='ocr_line' id='line_1_4' title="bbox 254 567 1336 656; baseline -0.002 -22"><span class='ocrx_word' id='word_1_27' title='bbox 254 573 426 651; x_wconf 82' lang='lat' dir='ltr'><em>unitivam,</em></span> <span class='ocrx_word' id='word_1_28' title='bbox 441 567 606 653; x_wconf 84' lang='lat' dir='ltr'><strong>quatenus</strong></span> <span class='ocrx_word' id='word_1_29' title='bbox 621 574 879 655; x_wconf 86' lang='lat' dir='ltr'><strong>corpus-Christi</strong></span> <span class='ocrx_word' id='word_1_30' title='bbox 895 576 1007 638; x_wconf 91' lang='lat' dir='ltr'><strong>unitur</strong></span> <span class='ocrx_word' id='word_1_31' title='bbox 1021 573 1193 656; x_wconf 87' lang='lat' dir='ltr'><strong>speciebus</strong></span> <span class='ocrx_word' id='word_1_32' title='bbox 1209 574 1297 655; x_wconf 82' lang='lat' dir='ltr'><strong>panis</strong></span> <span class='ocrx_word' id='word_1_33' title='bbox 1310 581 1336 632; x_wconf 90' lang='lat' dir='ltr'><strong>et</strong></span> 
     </span>
     <span class='ocr_line' id='line_1_5' title="bbox 253 675 1256 758; baseline -0.001 -20"><span class='ocrx_word' id='word_1_34' title='bbox 253 677 330 752; x_wconf 91' lang='lat' dir='ltr'><strong>vini,</strong></span> <span class='ocrx_word' id='word_1_35' title='bbox 346 697 412 740; x_wconf 91' lang='lat' dir='ltr'><strong>non</strong></span> <span class='ocrx_word' id='word_1_36' title='bbox 427 677 561 758; x_wconf 89' lang='lat' dir='ltr'><strong>quidem</strong></span> <span class='ocrx_word' id='word_1_37' title='bbox 578 675 796 758; x_wconf 85' lang='lat' dir='ltr'><strong>hypostatice,</strong></span> <span class='ocrx_word' id='word_1_38' title='bbox 811 679 869 739; x_wconf 88' lang='lat' dir='ltr'><strong>sed</strong></span> <span class='ocrx_word' id='word_1_39' title='bbox 885 677 948 740; x_wconf 91' lang='lat' dir='ltr'><strong>sub</strong></span> <span class='ocrx_word' id='word_1_40' title='bbox 962 678 1009 740; x_wconf 91' lang='lat' dir='ltr'><strong>eis</strong></span> <span class='ocrx_word' id='word_1_41' title='bbox 1024 677 1256 740; x_wconf 87' lang='lat' dir='ltr'><strong>delitescendo.</strong></span> 
     </span>
     <span class='ocr_line' id='line_1_6' title="bbox 251 777 1334 861; baseline -0.004 -19"><span class='ocrx_word' id='word_1_42' title='bbox 251 785 254 792; x_wconf 88' lang='lat'>&#39;</span> <span class='ocrx_word' id='word_1_43' title='bbox 297 780 346 860; x_wconf 89' lang='lat' dir='ltr'><strong>(c)</strong></span> <span class='ocrx_word' id='word_1_44' title='bbox 363 777 496 854; x_wconf 77' lang='lat' dir='ltr'><strong>Suarea,</strong></span> <span class='ocrx_word' id='word_1_45' title='bbox 512 777 643 843; x_wconf 67' lang='lat' dir='ltr'><strong>Lessiu&#39;s</strong></span> <span class='ocrx_word' id='word_1_46' title='bbox 660 790 694 842; x_wconf 91' lang='lat' dir='ltr'><strong>et</strong></span> <span class='ocrx_word' id='word_1_47' title='bbox 715 781 745 842; x_wconf 87' lang='lat' dir='ltr'><em>T</em></span> <span class='ocrx_word' id='word_1_48' title='bbox 742 777 887 844; x_wconf 74' lang='lat' dir='ltr'><strong>ltomistie</strong></span> <span class='ocrx_word' id='word_1_49' title='bbox 904 800 969 842; x_wconf 92' lang='lat' dir='ltr'><strong>non</strong></span> <span class='ocrx_word' id='word_1_50' title='bbox 991 781 1110 861; x_wconf 81' lang='lat' dir='ltr'><strong>pauci²</strong></span> <span class='ocrx_word' id='word_1_51' title='bbox 1126 787 1240 841; x_wconf 89' lang='lat' dir='ltr'><strong>tenent</strong></span> <span class='ocrx_word' id='word_1_52' title='bbox 1258 778 1334 840; x_wconf 84' lang='lat' dir='ltr'><strong>illam</strong></span> 
     </span>
     <span class='ocr_line' id='line_1_7' title="bbox 253 881 1336 965; baseline -0.004 -22"><span class='ocrx_word' id='word_1_53' title='bbox 253 881 418 946; x_wconf 70' lang='lat' dir='ltr'><strong>adtionem</strong></span> <span class='ocrx_word' id='word_1_54' title='bbox 435 903 506 946; x_wconf 92' lang='lat' dir='ltr'><strong>esse</strong></span> <span class='ocrx_word' id='word_1_55' title='bbox 523 883 789 963; x_wconf 63' lang='lat' dir='ltr'><strong>reprodullivann</strong></span> <span class='ocrx_word' id='word_1_56' title='bbox 801 886 833 947; x_wconf 93' lang='lat' dir='ltr'><strong>in</strong></span> <span class='ocrx_word' id='word_1_57' title='bbox 850 907 891 948; x_wconf 89' lang='lat' dir='ltr'><strong>eo</strong></span> <span class='ocrx_word' id='word_1_58' title='bbox 906 881 1004 948; x_wconf 86' lang='lat' dir='ltr'><strong>sensu</strong></span> <span class='ocrx_word' id='word_1_59' title='bbox 1021 881 1110 965; x_wconf 84' lang='lat' dir='ltr'><strong>quod</strong></span> <span class='ocrx_word' id='word_1_60' title='bbox 1128 881 1274 946; x_wconf 90' lang='lat' dir='ltr'><strong>Christus</strong></span> <span class='ocrx_word' id='word_1_61' title='bbox 1289 899 1336 962; x_wconf 89' lang='lat' dir='ltr'><strong>per</strong></span> 
     </span>
     <span class='ocr_line' id='line_1_8' title="bbox 252 981 1335 1074; baseline -0.003 -26"><span class='ocrx_word' id='word_1_62' title='bbox 252 987 534 1050; x_wconf 83' lang='lat' dir='ltr'><strong>consecrationem</strong></span> <span class='ocrx_word' id='word_1_63' title='bbox 559 1009 626 1051; x_wconf 91' lang='lat' dir='ltr'><strong>non</strong></span> <span class='ocrx_word' id='word_1_64' title='bbox 651 981 844 1070; x_wconf 89' lang='lat' dir='ltr'><strong>producitur</strong></span> <span class='ocrx_word' id='word_1_65' title='bbox 867 991 1002 1074; x_wconf 89' lang='lat' dir='ltr'><strong>quidem</strong></span> <span class='ocrx_word' id='word_1_66' title='bbox 1026 987 1226 1070; x_wconf 87' lang='lat' dir='ltr'><strong>simpliciter,</strong></span> <span class='ocrx_word' id='word_1_67' title='bbox 1246 1001 1335 1066; x_wconf 88' lang='lat' dir='ltr'><strong>quum</strong></span> 
     </span>
     <span class='ocr_line' id='line_1_9' title="bbox 249 1087 1336 1171; baseline -0.004 -20"><span class='ocrx_word' id='word_1_68' title='bbox 249 1089 319 1170; x_wconf 89' lang='lat' dir='ltr'><strong>jam</strong></span> <span class='ocrx_word' id='word_1_69' title='bbox 336 1091 468 1164; x_wconf 89' lang='lat' dir='ltr'><strong>existat,</strong></span> <span class='ocrx_word' id='word_1_70' title='bbox 481 1091 538 1153; x_wconf 92' lang='lat' dir='ltr'><strong>sed</strong></span> <span class='ocrx_word' id='word_1_71' title='bbox 556 1091 696 1171; x_wconf 85' lang='lat' dir='ltr'>acquirit</span> <span class='ocrx_word' id='word_1_72' title='bbox 713 1112 835 1154; x_wconf 89' lang='lat' dir='ltr'><strong>novum</strong></span> <span class='ocrx_word' id='word_1_73' title='bbox 852 1094 983 1156; x_wconf 91' lang='lat' dir='ltr'><strong>essendi</strong></span> <span class='ocrx_word' id='word_1_74' title='bbox 1001 1092 1146 1164; x_wconf 90' lang='lat' dir='ltr'><strong>modum,</strong></span> <span class='ocrx_word' id='word_1_75' title='bbox 1160 1087 1336 1171; x_wconf 87' lang='lat' dir='ltr'><strong>acproinde</strong></span> 
     </span>
     <span class='ocr_line' id='line_1_10' title="bbox 252 1191 1335 1277; baseline 0 -25"><span class='ocrx_word' id='word_1_76' title='bbox 252 1193 487 1277; x_wconf 89' lang='lat' dir='ltr'><strong>reproducitur.</strong></span> <span class='ocrx_word' id='word_1_77' title='bbox 534 1193 589 1254; x_wconf 89' lang='lat' dir='ltr'><strong>Ex</strong></span> <span class='ocrx_word' id='word_1_78' title='bbox 616 1191 714 1256; x_wconf 71' lang='lat' dir='ltr'><strong>dictis</strong></span> <span class='ocrx_word' id='word_1_79' title='bbox 737 1195 825 1258; x_wconf 90' lang='lat' dir='ltr'><strong>enirn</strong></span> <span class='ocrx_word' id='word_1_80' title='bbox 850 1194 1178 1260; x_wconf 80' lang='lat' dir='ltr'><strong>transsubstantiatio</strong></span> <span class='ocrx_word' id='word_1_81' title='bbox 1200 1201 1249 1255; x_wconf 90' lang='lat' dir='ltr'><strong>est</strong></span> <span class='ocrx_word' id='word_1_82' title='bbox 1270 1209 1335 1253; x_wconf 91' lang='lat' dir='ltr'><strong>cott-</strong></span> 
     </span>
     <span class='ocr_line' id='line_1_11' title="bbox 251 1289 1335 1379; baseline -0.004 -22"><span class='ocrx_word' id='word_1_83' title='bbox 251 1296 358 1358; x_wconf 91' lang='lat' dir='ltr'><strong>versio</strong></span> <span class='ocrx_word' id='word_1_84' title='bbox 373 1295 602 1358; x_wconf 88' lang='lat' dir='ltr'><strong>substantialis</strong></span> <span class='ocrx_word' id='word_1_85' title='bbox 616 1318 623 1374; x_wconf 90' lang='grc'>;</span> <span class='ocrx_word' id='word_1_86' title='bbox 641 1289 738 1379; x_wconf 60' lang='lat' dir='ltr'><strong>&#39;atqui</strong></span> <span class='ocrx_word' id='word_1_87' title='bbox 762 1299 934 1362; x_wconf 86' lang='lat' dir='ltr'><strong>conversio</strong></span> <span class='ocrx_word' id='word_1_88' title='bbox 949 1295 1177 1362; x_wconf 88' lang='lat' dir='ltr'><strong>substantialis</strong></span> <span class='ocrx_word' id='word_1_89' title='bbox 1192 1294 1335 1377; x_wconf 89' lang='lat' dir='ltr'><strong>supponit</strong></span> 
     </span>
     <span class='ocr_line' id='line_1_12' title="bbox 250 1388 1336 1485; baseline -0.002 -24"><span class='ocrx_word' id='word_1_90' title='bbox 250 1388 503 1481; x_wconf 70' lang='lat' dir='ltr'><strong>produdtionem</strong></span> <span class='ocrx_word' id='word_1_91' title='bbox 528 1409 586 1464; x_wconf 94' lang='lat' dir='ltr'><strong>aut</strong></span> <span class='ocrx_word' id='word_1_92' title='bbox 610 1397 899 1482; x_wconf 75' lang='lat' dir='ltr'><strong>reproduc‘tionem</strong></span> <span class='ocrx_word' id='word_1_93' title='bbox 922 1403 1061 1485; x_wconf 87' lang='lat' dir='ltr'><strong>alicujus</strong></span> <span class='ocrx_word' id='word_1_94' title='bbox 1083 1402 1282 1472; x_wconf 71' lang='lat' dir='ltr'><strong>substantia,</strong></span> <span class='ocrx_word' id='word_1_95' title='bbox 1299 1401 1336 1461; x_wconf 86' lang='lat' dir='ltr'><strong>ita</strong></span> 
     </span>
     <span class='ocr_line' id='line_1_13' title="bbox 251 1494 1335 1585; baseline -0.003 -23"><span class='ocrx_word' id='word_1_96' title='bbox 251 1509 287 1562; x_wconf 92' lang='lat' dir='ltr'><strong>ut</strong></span> <span class='ocrx_word' id='word_1_97' title='bbox 304 1520 390 1563; x_wconf 93' lang='lat' dir='ltr'><strong>novo</strong></span> <span class='ocrx_word' id='word_1_98' title='bbox 406 1499 525 1562; x_wconf 91' lang='lat' dir='ltr'><strong>saltem</strong></span> <span class='ocrx_word' id='word_1_99' title='bbox 543 1502 644 1562; x_wconf 92' lang='lat' dir='ltr'><strong>modo</strong></span> <span class='ocrx_word' id='word_1_100' title='bbox 660 1494 784 1565; x_wconf 89' lang='lat' dir='ltr'><strong>existat</strong></span> <span class='ocrx_word' id='word_1_101' title='bbox 798 1525 805 1580; x_wconf 91' lang='lat'>;</span> <span class='ocrx_word' id='word_1_102' title='bbox 831 1521 911 1585; x_wconf 86' lang='lat' dir='ltr'><strong>ergo</strong></span> <span class='ocrx_word' id='word_1_103' title='bbox 927 1523 993 1564; x_wconf 91' lang='lat' dir='ltr'><strong>non</strong></span> <span class='ocrx_word' id='word_1_104' title='bbox 1009 1501 1129 1566; x_wconf 89' lang='lat' dir='ltr'><strong>sufficit</strong></span> <span class='ocrx_word' id='word_1_105' title='bbox 1144 1500 1230 1565; x_wconf 73' lang='lat' dir='ltr'><strong>adtio</strong></span> <span class='ocrx_word' id='word_1_106' title='bbox 1243 1499 1335 1561; x_wconf 88' lang='lat' dir='ltr'><strong>addu-</strong></span> 
     </span>
     <span class='ocr_line' id='line_1_14' title="bbox 250 1599 1335 1686; baseline -0.005 -21"><span class='ocrx_word' id='word_1_107' title='bbox 250 1599 346 1679; x_wconf 71' lang='lat' dir='ltr'><strong>dliva,</strong></span> <span class='ocrx_word' id='word_1_108' title='bbox 359 1611 416 1665; x_wconf 89' lang='lat' dir='ltr'><strong>aut</strong></span> <span class='ocrx_word' id='word_1_109' title='bbox 429 1603 564 1675; x_wconf 90' lang='lat' dir='ltr'><strong>unitiva,</strong></span> <span class='ocrx_word' id='word_1_110' title='bbox 574 1603 632 1665; x_wconf 91' lang='lat' dir='ltr'><strong>sed</strong></span> <span class='ocrx_word' id='word_1_111' title='bbox 646 1604 821 1684; x_wconf 87' lang='lat' dir='ltr'><strong>requiritur</strong></span> <span class='ocrx_word' id='word_1_112' title='bbox 832 1601 920 1666; x_wconf 74' lang='lat' dir='ltr'><strong>adtio</strong></span> <span class='ocrx_word' id='word_1_113' title='bbox 932 1603 1171 1686; x_wconf 76' lang='lat' dir='ltr'><strong>reprodudiiva</strong></span> <span class='ocrx_word' id='word_1_114' title='bbox 1203 1600 1335 1664; x_wconf 86' lang='lat' dir='ltr'><strong>Aliunde</strong></span> 
     </span>
     <span class='ocr_line' id='line_1_15' title="bbox 250 1701 1334 1790; baseline -0.005 -23"><span class='ocrx_word' id='word_1_115' title='bbox 250 1714 321 1768; x_wconf 90' lang='lat' dir='ltr'><strong>tum</strong></span> <span class='ocrx_word' id='word_1_116' title='bbox 338 1727 381 1769; x_wconf 89' lang='lat' dir='ltr'><strong>ex</strong></span> <span class='ocrx_word' id='word_1_117' title='bbox 399 1706 568 1787; x_wconf 87' lang='lat' dir='ltr'><strong>Liturgiis,</strong></span> <span class='ocrx_word' id='word_1_118' title='bbox 584 1715 655 1768; x_wconf 90' lang='lat' dir='ltr'><strong>turn</strong></span> <span class='ocrx_word' id='word_1_119' title='bbox 673 1727 717 1768; x_wconf 90' lang='lat' dir='ltr'><strong>ex</strong></span> <span class='ocrx_word' id='word_1_120' title='bbox 735 1709 887 1771; x_wconf 90' lang='lat' dir='ltr'><strong>Patribus</strong></span> <span class='ocrx_word' id='word_1_121' title='bbox 910 1708 1075 1790; x_wconf 83' lang='lat' dir='ltr'><strong>colligitur</strong></span> <span class='ocrx_word' id='word_1_122' title='bbox 1093 1725 1211 1788; x_wconf 90' lang='lat' dir='ltr'><strong>corpus</strong></span> <span class='ocrx_word' id='word_1_123' title='bbox 1226 1701 1334 1767; x_wconf 85' lang='lat' dir='ltr'><strong>Christi</strong></span> 
     </span>
     <span class='ocr_line' id='line_1_16' title="bbox 251 1805 1333 1892; baseline -0.002 -24"><span class='ocrx_word' id='word_1_124' title='bbox 251 1807 283 1874; x_wconf 87' lang='lat' dir='ltr'><strong>in</strong></span> <span class='ocrx_word' id='word_1_125' title='bbox 308 1807 518 1872; x_wconf 69' lang='lat' dir='ltr'><strong>Eucharistia</strong></span> <span class='ocrx_word' id='word_1_126' title='bbox 524 1808 614 1890; x_wconf 83' lang='lat' dir='ltr'><strong>fieri,</strong></span> <span class='ocrx_word' id='word_1_127' title='bbox 629 1809 871 1890; x_wconf 78' lang='lat' dir='ltr'><strong>effici,&#39;prodttci,</strong></span> <span class='ocrx_word' id='word_1_128' title='bbox 885 1810 1002 1892; x_wconf 83' lang='lat' dir='ltr'><strong>confici,</strong></span> <span class='ocrx_word' id='word_1_129' title='bbox 1018 1809 1123 1872; x_wconf 81' lang='lat' dir='ltr'><strong>creari</strong></span> <span class='ocrx_word' id='word_1_130' title='bbox 1141 1817 1175 1876; x_wconf 85' lang='lat' dir='ltr'><strong>et</strong></span> <span class='ocrx_word' id='word_1_131' title='bbox 1194 1805 1333 1874; x_wconf 79' lang='lat' dir='ltr'><strong>recrcnrt&#39;,·</strong></span> 
     </span>
     <span class='ocr_line' id='line_1_17' title="bbox 249 1907 1333 1996; baseline -0.007 -20"><span class='ocrx_word' id='word_1_132' title='bbox 249 1913 476 1993; x_wconf 61' lang='lat' dir='ltr'><strong>quaquidem</strong></span> <span class='ocrx_word' id='word_1_133' title='bbox 493 1912 605 1973; x_wconf 91' lang='lat' dir='ltr'><strong>omnia</strong></span> <span class='ocrx_word' id='word_1_134' title='bbox 622 1913 664 1974; x_wconf 91' lang='lat' dir='ltr'><strong>de</strong></span> <span class='ocrx_word' id='word_1_135' title='bbox 680 1911 812 1986; x_wconf 71' lang='lat' dir='ltr'><strong>actione</strong></span> <span class='ocrx_word' id='word_1_136' title='bbox 828 1912 1022 1996; x_wconf 74' lang='lat' dir='ltr'><strong>produdliva</strong></span> <span class='ocrx_word' id='word_1_137' title='bbox 1043 1933 1101 1975; x_wconf 91' lang='lat' dir='ltr'><strong>seu</strong></span> <span class='ocrx_word' id='word_1_138' title='bbox 1121 1907 1333 1994; x_wconf 74' lang='lat' dir='ltr'><strong>reprodudiivi</strong></span> 
     </span>
     <span class='ocr_line' id='line_1_18' title="bbox 249 2007 1332 2098; baseline -0.002 -22"><span class='ocrx_word' id='word_1_139' title='bbox 249 2007 367 2078; x_wconf 83' lang='lat' dir='ltr'><strong>melius</strong></span> <span class='ocrx_word' id='word_1_140' title='bbox 383 2014 621 2095; x_wconf 87' lang='lat' dir='ltr'><strong>intelliguntur.</strong></span> <span class='ocrx_word' id='word_1_141' title='bbox 661 2015 801 2098; x_wconf 87' lang='lat' dir='ltr'><strong>Insuper</strong></span> <span class='ocrx_word' id='word_1_142' title='bbox 812 2014 977 2080; x_wconf 75' lang='lat' dir='ltr'><strong>adlionem</strong></span> <span class='ocrx_word' id='word_1_143' title='bbox 991 2013 1245 2078; x_wconf 89' lang='lat' dir='ltr'><strong>consecrationis</strong></span> <span class='ocrx_word' id='word_1_144' title='bbox 1256 2030 1332 2074; x_wconf 89' lang='lat' dir='ltr'><strong>com-</strong></span> 
     </span>
     <span class='ocr_line' id='line_1_19' title="bbox 249 2109 1361 2199; baseline -0.007 -19"><span class='ocrx_word' id='word_1_145' title='bbox 249 2128 368 2199; x_wconf 89' lang='lat' dir='ltr'><strong>parant</strong></span> <span class='ocrx_word' id='word_1_146' title='bbox 391 2118 460 2180; x_wconf 90' lang='lat' dir='ltr'><strong>sive</strong></span> <span class='ocrx_word' id='word_1_147' title='bbox 483 2116 651 2192; x_wconf 84' lang='lat' dir='ltr'><strong>creationi,</strong></span> <span class='ocrx_word' id='word_1_148' title='bbox 666 2117 735 2178; x_wconf 93' lang='lat' dir='ltr'><strong>sive</strong></span> <span class='ocrx_word' id='word_1_149' title='bbox 759 2117 1008 2192; x_wconf 85' lang='lat' dir='ltr'><strong>mutationibus,</strong></span> <span class='ocrx_word' id='word_1_150' title='bbox 1024 2117 1056 2178; x_wconf 92' lang='lat' dir='ltr'><strong>in</strong></span> <span class='ocrx_word' id='word_1_151' title='bbox 1080 2114 1200 2198; x_wconf 92' lang='lat' dir='ltr'><strong>quibus</strong></span> <span class='ocrx_word' id='word_1_152' title='bbox 1221 2109 1331 2193; x_wconf 86' lang='lat' dir='ltr'><strong>aliquid</strong></span> <span class='ocrx_word' id='word_1_153' title='bbox 1360 2113 1361 2130; x_wconf 63' lang='lat'><em>³</em></span> 
     </span>
     <span class='ocr_line' id='line_1_20' title="bbox 249 2213 1331 2303; baseline -0.006 -21"><span class='ocrx_word' id='word_1_154' title='bbox 249 2219 379 2284; x_wconf 90' lang='lat' dir='ltr'><strong>realiter</strong></span> <span class='ocrx_word' id='word_1_155' title='bbox 390 2220 583 2303; x_wconf 88' lang='lat' dir='ltr'><strong>producitur</strong></span> <span class='ocrx_word' id='word_1_156' title='bbox 590 2243 598 2298; x_wconf 91' lang='lat'>;</span> <span class='ocrx_word' id='word_1_157' title='bbox 609 2238 689 2299; x_wconf 89' lang='lat' dir='ltr'><strong>ergo</strong></span> <span class='ocrx_word' id='word_1_158' title='bbox 698 2219 741 2282; x_wconf 94' lang='lat' dir='ltr'><strong>hu</strong></span> <span class='ocrx_word' id='word_1_159' title='bbox 742 2219 889 2301; x_wconf 89' lang='lat' dir='ltr'><strong>jusmodi</strong></span> <span class='ocrx_word' id='word_1_160' title='bbox 899 2217 1047 2296; x_wconf 75' lang='lat' dir='ltr'><strong>aclioest</strong></span> <span class='ocrx_word' id='word_1_161' title='bbox 1058 2239 1134 2282; x_wconf 91' lang='lat' dir='ltr'><strong>vere</strong></span> <span class='ocrx_word' id='word_1_162' title='bbox 1146 2213 1331 2300; x_wconf 75' lang='lat' dir='ltr'><strong>produdliva.</strong></span> 
     </span>
     <span class='ocr_line' id='line_1_21' title="bbox 292 2318 1331 2408; baseline -0.012 -19"><span class='ocrx_word' id='word_1_163' title='bbox 292 2325 344 2408; x_wconf 90' lang='lat' dir='ltr'><strong>(d)</strong></span> <span class='ocrx_word' id='word_1_164' title='bbox 354 2325 479 2388; x_wconf 80' lang='lat' dir='ltr'><strong>Biltors</strong></span> <span class='ocrx_word' id='word_1_165' title='bbox 494 2333 616 2399; x_wconf 90' lang='lat' dir='ltr'><strong>autem,</strong></span> <span class='ocrx_word' id='word_1_166' title='bbox 631 2323 688 2405; x_wconf 91' lang='lat' dir='ltr'><strong>qui</strong></span> <span class='ocrx_word' id='word_1_167' title='bbox 705 2343 765 2405; x_wconf 91' lang='lat' dir='ltr'><strong>pro</strong></span> <span class='ocrx_word' id='word_1_168' title='bbox 781 2327 839 2385; x_wconf 72' lang='lat' dir='ltr'><strong>sua</strong></span> <span class='ocrx_word' id='word_1_169' title='bbox 855 2325 1020 2402; x_wconf 71' lang='lat' dir='ltr'><strong>sententia</strong></span> <span class='ocrx_word' id='word_1_170' title='bbox 1034 2332 1162 2385; x_wconf 91' lang='lat' dir='ltr'><strong>veteres</strong></span> <span class='ocrx_word' id='word_1_171' title='bbox 1177 2318 1331 2385; x_wconf 85' lang='lat' dir='ltr'><strong>scholasti·</strong></span> 
     </span>
     <span class='ocr_line' id='line_1_22' title="bbox 248 2423 1331 2509; baseline -0.012 -17"><span class='ocrx_word' id='word_1_172' title='bbox 248 2437 304 2495; x_wconf 88' lang='lat' dir='ltr'><strong>&#39;cos</strong></span> <span class='ocrx_word' id='word_1_173' title='bbox 331 2429 464 2508; x_wconf 86' lang='lat' dir='ltr'><strong>allegat,</strong></span> <span class='ocrx_word' id='word_1_174' title='bbox 488 2427 671 2509; x_wconf 86' lang='lat' dir='ltr'><strong>praesertim</strong></span> <span class='ocrx_word' id='word_1_175' title='bbox 701 2423 735 2488; x_wconf 86' lang='lat' dir='ltr'><strong>S.</strong></span> <span class='ocrx_word' id='word_1_176' title='bbox 767 2426 985 2502; x_wconf 65' lang='lat' dir='ltr'><strong>Tarracinae</strong></span> <span class='ocrx_word' id='word_1_177' title='bbox 1014 2424 1048 2488; x_wconf 87' lang='lat' dir='ltr'><strong>S.</strong></span> <span class='ocrx_word' id='word_1_178' title='bbox 1073 2424 1331 2492; x_wconf 79' lang='lat' dir='ltr'><strong>Bonnvenntrnm,</strong></span> 
     </span>
     <span class='ocr_line' id='line_1_23' title="bbox 247 2526 1330 2616; baseline -0.009 -21"><span class='ocrx_word' id='word_1_179' title='bbox 247 2535 347 2616; x_wconf 85' lang='lat' dir='ltr'><strong>docet</strong></span> <span class='ocrx_word' id='word_1_180' title='bbox 362 2529 770 2596; x_wconf 87' lang='lat' dir='ltr'><strong>transsubstantiationem</strong></span> <span class='ocrx_word' id='word_1_181' title='bbox 791 2549 856 2606; x_wconf 88' lang='lat' dir='ltr'><strong>non</strong></span> <span class='ocrx_word' id='word_1_182' title='bbox 876 2549 947 2592; x_wconf 89' lang='lat' dir='ltr'><strong>esse</strong></span> <span class='ocrx_word' id='word_1_183' title='bbox 966 2530 1063 2592; x_wconf 88' lang='lat' dir='ltr'><strong>unius</strong></span> <span class='ocrx_word' id='word_1_184' title='bbox 1078 2528 1271 2592; x_wconf 77' lang='lat' dir='ltr'><strong>substantia</strong></span> <span class='ocrx_word' id='word_1_185' title='bbox 1284 2526 1330 2587; x_wconf 89' lang='lat' dir='ltr'><strong>dc·</strong></span> 
     </span>
    </p>
   </div>
   <div class='ocr_carea' id='block_1_3' title="bbox 242 2723 1360 4374">
    <p class='ocr_par' dir='ltr' id='par_1_3' title="bbox 245 2723 1360 3512">
     <span class='ocr_line' id='line_1_24' title="bbox 247 2723 1360 2818; baseline -0.01 -16"><span class='ocrx_word' id='word_1_186' title='bbox 247 2749 274 2818; x_wconf 88' lang='lat' dir='ltr'><strong>(l.</strong></span> <span class='ocrx_word' id='word_1_187' title='bbox 288 2748 343 2812; x_wconf 90' lang='lat' dir='ltr'><strong>ill,</strong></span> <span class='ocrx_word' id='word_1_188' title='bbox 356 2763 379 2802; x_wconf 93' lang='lat' dir='ltr'><strong>c.</strong></span> <span class='ocrx_word' id='word_1_189' title='bbox 396 2745 440 2818; x_wconf 82' lang='lat'><strong>13)</strong></span> <span class='ocrx_word' id='word_1_190' title='bbox 453 2763 459 2800; x_wconf 91' lang='lat'><strong>:</strong></span> <span class='ocrx_word' id='word_1_191' title='bbox 479 2747 494 2774; x_wconf 91' lang='lat'><strong>“</strong></span> <span class='ocrx_word' id='word_1_192' title='bbox 505 2745 669 2815; x_wconf 65' lang='lat' dir='ltr'><strong>colligimus</strong></span> <span class='ocrx_word' id='word_1_193' title='bbox 680 2744 895 2814; x_wconf 54' lang='lat' dir='ltr'><strong>‚conversionem</strong></span> <span class='ocrx_word' id='word_1_194' title='bbox 910 2746 990 2815; x_wconf 87' lang='lat' dir='ltr'><strong>panis</strong></span> <span class='ocrx_word' id='word_1_195' title='bbox 1004 2745 1032 2798; x_wconf 92' lang='lat' dir='ltr'><strong>in</strong></span> <span class='ocrx_word' id='word_1_196' title='bbox 1045 2761 1147 2815; x_wconf 84' lang='lat' dir='ltr'><strong>corpus</strong></span> <span class='ocrx_word' id='word_1_197' title='bbox 1161 2735 1272 2798; x_wconf 87' lang='lat' dir='ltr'><strong>Domini</strong></span> <span class='ocrx_word' id='word_1_198' title='bbox 1284 2755 1328 2793; x_wconf 88' lang='lat' dir='ltr'><strong>nott</strong></span> <span class='ocrx_word' id='word_1_199' title='bbox 1359 2723 1360 2784; x_wconf 85' lang='lat' dir='ltr'><strong>l</strong></span> 
     </span>
     <span class='ocr_line' id='line_1_25' title="bbox 246 2829 1328 2906; baseline -0.012 -15"><span class='ocrx_word' id='word_1_200' title='bbox 246 2853 309 2890; x_wconf 86' lang='lat' dir='ltr'><strong>esse</strong></span> <span class='ocrx_word' id='word_1_201' title='bbox 322 2833 527 2906; x_wconf 72' lang='lat' dir='ltr'><strong>produdtivam,</strong></span> <span class='ocrx_word' id='word_1_202' title='bbox 542 2851 593 2888; x_wconf 89' lang='lat' dir='ltr'><strong>nec</strong></span> <span class='ocrx_word' id='word_1_203' title='bbox 607 2833 840 2900; x_wconf 87' lang='lat' dir='ltr'><strong>conservativam,</strong></span> <span class='ocrx_word' id='word_1_204' title='bbox 854 2832 904 2886; x_wconf 91' lang='lat' dir='ltr'><strong>sed</strong></span> <span class='ocrx_word' id='word_1_205' title='bbox 923 2829 1112 2886; x_wconf 70' lang='lat' dir='ltr'><strong>addudlivam.</strong></span> <span class='ocrx_word' id='word_1_206' title='bbox 1151 2833 1226 2886; x_wconf 85' lang='lat' dir='ltr'><strong>Nam</strong></span> <span class='ocrx_word' id='word_1_207' title='bbox 1244 2841 1328 2896; x_wconf 88' lang='lat' dir='ltr'><strong>corpus</strong></span> 
     </span>
     <span class='ocr_line' id='line_1_26' title="bbox 248 2913 1328 2993; baseline -0.009 -17"><span class='ocrx_word' id='word_1_208' title='bbox 248 2923 363 2976; x_wconf 89' lang='lat' dir='ltr'><strong>Domini</strong></span> <span class='ocrx_word' id='word_1_209' title='bbox 382 2919 535 2993; x_wconf 82' lang='lat' dir='ltr'><strong>praeexistit</strong></span> <span class='ocrx_word' id='word_1_210' title='bbox 554 2931 621 2975; x_wconf 87' lang='lat' dir='ltr'><strong>ante</strong></span> <span class='ocrx_word' id='word_1_211' title='bbox 640 2921 863 2984; x_wconf 79' lang='lat' dir='ltr'><strong>conversionem,</strong></span> <span class='ocrx_word' id='word_1_212' title='bbox 879 2919 929 2974; x_wconf 89' lang='lat' dir='ltr'><strong>sed</strong></span> <span class='ocrx_word' id='word_1_213' title='bbox 948 2935 1003 2975; x_wconf 91' lang='lat' dir='ltr'><strong>non</strong></span> <span class='ocrx_word' id='word_1_214' title='bbox 1018 2919 1070 2974; x_wconf 91' lang='lat' dir='ltr'><strong>sub</strong></span> <span class='ocrx_word' id='word_1_215' title='bbox 1083 2913 1230 2990; x_wconf 87' lang='lat' dir='ltr'><strong>speciebus</strong></span> <span class='ocrx_word' id='word_1_216' title='bbox 1243 2917 1328 2988; x_wconf 83' lang='lat' dir='ltr'><strong>panis:</strong></span> 
     </span>
     <span class='ocr_line' id='line_1_27' title="bbox 246 3004 1326 3078; baseline -0.007 -16"><span class='ocrx_word' id='word_1_217' title='bbox 246 3009 392 3064; x_wconf 88' lang='lat' dir='ltr'><strong>conversio</strong></span> <span class='ocrx_word' id='word_1_218' title='bbox 411 3009 495 3076; x_wconf 80' lang='lat' dir='ltr'><strong>igitur</strong></span> <span class='ocrx_word' id='word_1_219' title='bbox 513 3023 570 3062; x_wconf 90' lang='lat' dir='ltr'><strong>non</strong></span> <span class='ocrx_word' id='word_1_220' title='bbox 589 3007 665 3075; x_wconf 81' lang='lat' dir='ltr'><strong>lacit,</strong></span> <span class='ocrx_word' id='word_1_221' title='bbox 677 3019 707 3062; x_wconf 91' lang='lat' dir='ltr'><strong>ut</strong></span> <span class='ocrx_word' id='word_1_222' title='bbox 720 3025 820 3078; x_wconf 88' lang='lat' dir='ltr'><strong>corpus</strong></span> <span class='ocrx_word' id='word_1_223' title='bbox 835 3006 938 3062; x_wconf 82' lang='lat' dir='ltr'><strong>Christi</strong></span> <span class='ocrx_word' id='word_1_224' title='bbox 956 3007 1120 3076; x_wconf 90' lang='lat' dir='ltr'><strong>simpliciter</strong></span> <span class='ocrx_word' id='word_1_225' title='bbox 1138 3023 1202 3061; x_wconf 87' lang='lat' dir='ltr'><strong>esse</strong></span> <span class='ocrx_word' id='word_1_226' title='bbox 1218 3004 1326 3074; x_wconf 81' lang='lat' dir='ltr'><strong>incipiat,</strong></span> 
     </span>
     <span class='ocr_line' id='line_1_28' title="bbox 246 3092 1328 3166; baseline -0.006 -18"><span class='ocrx_word' id='word_1_227' title='bbox 246 3095 295 3148; x_wconf 83' lang='lat' dir='ltr'><strong>ted</strong></span> <span class='ocrx_word' id='word_1_228' title='bbox 310 3105 339 3150; x_wconf 85' lang='lat' dir='ltr'><strong>ut</strong></span> <span class='ocrx_word' id='word_1_229' title='bbox 353 3095 467 3162; x_wconf 84' lang='lat' dir='ltr'><strong>incipiat</strong></span> <span class='ocrx_word' id='word_1_230' title='bbox 480 3111 543 3148; x_wconf 91' lang='lat' dir='ltr'><strong>esse</strong></span> <span class='ocrx_word' id='word_1_231' title='bbox 557 3095 609 3148; x_wconf 91' lang='lat' dir='ltr'><strong>sub</strong></span> <span class='ocrx_word' id='word_1_232' title='bbox 622 3096 768 3165; x_wconf 89' lang='lat' dir='ltr'><strong>speciebus</strong></span> <span class='ocrx_word' id='word_1_233' title='bbox 782 3096 871 3166; x_wconf 86' lang='lat' dir='ltr'><strong>partis.</strong></span> <span class='ocrx_word' id='word_1_234' title='bbox 913 3096 999 3148; x_wconf 91' lang='lat' dir='ltr'><strong>Porro</strong></span> <span class='ocrx_word' id='word_1_235' title='bbox 1017 3092 1198 3150; x_wconf 72' lang='lat' dir='ltr'><strong>adductivam</strong></span> <span class='ocrx_word' id='word_1_236' title='bbox 1210 3103 1328 3146; x_wconf 87' lang='lat' dir='ltr'><strong>vocamus</strong></span> 
     </span>
     <span class='ocr_line' id='line_1_29' title="bbox 246 3179 1328 3252; baseline -0.004 -18"><span class='ocrx_word' id='word_1_237' title='bbox 246 3181 328 3234; x_wconf 82' lang='lat' dir='ltr'><strong>istam</strong></span> <span class='ocrx_word' id='word_1_238' title='bbox 348 3180 568 3246; x_wconf 87' lang='lat' dir='ltr'><strong>conversionem,</strong></span> <span class='ocrx_word' id='word_1_239' title='bbox 582 3198 638 3242; x_wconf 83' lang='lat' dir='ltr'><strong>non</strong></span> <span class='ocrx_word' id='word_1_240' title='bbox 658 3183 724 3252; x_wconf 90' lang='lat' dir='ltr'><strong>quia</strong></span> <span class='ocrx_word' id='word_1_241' title='bbox 742 3198 842 3252; x_wconf 90' lang='lat' dir='ltr'><strong>corpus</strong></span> <span class='ocrx_word' id='word_1_242' title='bbox 863 3181 965 3237; x_wconf 87' lang='lat' dir='ltr'><strong>Christi</strong></span> <span class='ocrx_word' id='word_1_243' title='bbox 985 3182 1126 3250; x_wconf 87' lang='lat' dir='ltr'><strong>perhanc</strong></span> <span class='ocrx_word' id='word_1_244' title='bbox 1144 3179 1328 3235; x_wconf 73' lang='lat' dir='ltr'><strong>addutlionettt</strong></span> 
     </span>
     <span class='ocr_line' id='line_1_30' title="bbox 246 3252 1359 3338; baseline -0.007 -18"><span class='ocrx_word' id='word_1_245' title='bbox 246 3265 357 3321; x_wconf 86' lang='lat' dir='ltr'><strong>deserat</strong></span> <span class='ocrx_word' id='word_1_246' title='bbox 371 3282 451 3321; x_wconf 90' lang='lat' dir='ltr'><strong>suum</strong></span> <span class='ocrx_word' id='word_1_247' title='bbox 466 3266 559 3320; x_wconf 84' lang='lat' dir='ltr'><strong>locum</strong></span> <span class='ocrx_word' id='word_1_248' title='bbox 573 3267 601 3319; x_wconf 92' lang='lat' dir='ltr'><strong>in</strong></span> <span class='ocrx_word' id='word_1_249' title='bbox 615 3269 697 3332; x_wconf 87' lang='lat' dir='ltr'><strong>coelo,</strong></span> <span class='ocrx_word' id='word_1_250' title='bbox 709 3269 753 3322; x_wconf 88' lang='lat' dir='ltr'><strong>vel</strong></span> <span class='ocrx_word' id='word_1_251' title='bbox 767 3268 831 3338; x_wconf 88' lang='lat' dir='ltr'><strong>quia</strong></span> <span class='ocrx_word' id='word_1_252' title='bbox 846 3277 1011 3338; x_wconf 85' lang='lat' dir='ltr'><strong>permotum</strong></span> <span class='ocrx_word' id='word_1_253' title='bbox 1024 3267 1143 3325; x_wconf 83' lang='lat' dir='ltr'><strong>localem</strong></span> <span class='ocrx_word' id='word_1_254' title='bbox 1155 3268 1209 3322; x_wconf 90' lang='lat' dir='ltr'><strong>huc</strong></span> <span class='ocrx_word' id='word_1_255' title='bbox 1222 3269 1256 3320; x_wconf 91' lang='lat' dir='ltr'><strong>de</strong></span> <span class='ocrx_word' id='word_1_256' title='bbox 1268 3263 1328 3318; x_wconf 85' lang='lat' dir='ltr'><strong>coelo</strong></span> <span class='ocrx_word' id='word_1_257' title='bbox 1358 3252 1359 3273; x_wconf 62' lang='lat'>¹</span> 
     </span>
     <span class='ocr_line' id='line_1_31' title="bbox 246 3353 1327 3432; baseline -0.004 -24"><span class='ocrx_word' id='word_1_258' title='bbox 246 3353 419 3418; x_wconf 55' lang='lat' dir='ltr'><strong>andreatem</strong></span> <span class='ocrx_word' id='word_1_259' title='bbox 440 3353 490 3406; x_wconf 89' lang='lat' dir='ltr'><strong>sed</strong></span> <span class='ocrx_word' id='word_1_260' title='bbox 504 3355 594 3407; x_wconf 91' lang='lat' dir='ltr'><strong>solum</strong></span> <span class='ocrx_word' id='word_1_261' title='bbox 608 3356 674 3424; x_wconf 89' lang='lat' dir='ltr'><strong>quia</strong></span> <span class='ocrx_word' id='word_1_262' title='bbox 687 3373 811 3425; x_wconf 89' lang='lat' dir='ltr'><strong>peream</strong></span> <span class='ocrx_word' id='word_1_263' title='bbox 824 3355 863 3422; x_wconf 84' lang='lat' dir='ltr'><strong>fit,</strong></span> <span class='ocrx_word' id='word_1_264' title='bbox 876 3366 906 3410; x_wconf 88' lang='lat' dir='ltr'><strong>trt</strong></span> <span class='ocrx_word' id='word_1_265' title='bbox 920 3371 1024 3432; x_wconf 85' lang='lat' dir='ltr'><strong>¹corpus</strong></span> <span class='ocrx_word' id='word_1_266' title='bbox 1044 3355 1157 3419; x_wconf 89' lang='lat' dir='ltr'><strong>Christi,</strong></span> <span class='ocrx_word' id='word_1_267' title='bbox 1172 3355 1245 3425; x_wconf 88' lang='lat' dir='ltr'><strong>quod</strong></span> <span class='ocrx_word' id='word_1_268' title='bbox 1257 3363 1327 3407; x_wconf 84' lang='lat' dir='ltr'><strong>antea</strong></span> 
     </span>
     <span class='ocr_line' id='line_1_32' title="bbox 245 3425 1196 3512; baseline 0.003 -20"><span class='ocrx_word' id='word_1_269' title='bbox 245 3441 335 3494; x_wconf 89' lang='lat' dir='ltr'><strong>solum</strong></span> <span class='ocrx_word' id='word_1_270' title='bbox 349 3451 408 3494; x_wconf 87' lang='lat' dir='ltr'><strong>erat</strong></span> <span class='ocrx_word' id='word_1_271' title='bbox 423 3439 450 3492; x_wconf 91' lang='lat' dir='ltr'><strong>in</strong></span> <span class='ocrx_word' id='word_1_272' title='bbox 464 3440 545 3503; x_wconf 89' lang='lat' dir='ltr'><strong>coelo,</strong></span> <span class='ocrx_word' id='word_1_273' title='bbox 559 3441 618 3510; x_wconf 90' lang='lat' dir='ltr'><strong>jam</strong></span> <span class='ocrx_word' id='word_1_274' title='bbox 631 3443 718 3496; x_wconf 89' lang='lat' dir='ltr'><strong>etiam</strong></span> <span class='ocrx_word' id='word_1_275' title='bbox 732 3443 767 3496; x_wconf 92' lang='lat' dir='ltr'><strong>sit</strong></span> <span class='ocrx_word' id='word_1_276' title='bbox 781 3444 833 3496; x_wconf 90' lang='lat' dir='ltr'><strong>sub</strong></span> <span class='ocrx_word' id='word_1_277' title='bbox 844 3442 992 3512; x_wconf 89' lang='lat' dir='ltr'><strong>speciebus</strong></span> <span class='ocrx_word' id='word_1_278' title='bbox 1006 3443 1087 3511; x_wconf 82' lang='lat' dir='ltr'><strong>panis</strong></span> <span class='ocrx_word' id='word_1_279' title='bbox 1095 3425 1143 3495; x_wconf 68' lang='lat'>3&#39;...</span> <span class='ocrx_word' id='word_1_280' title='bbox 1169 3427 1172 3434; x_wconf 32' lang='lat'><strong><em>¹</em></strong></span> <span class='ocrx_word' id='word_1_281' title='bbox 1194 3479 1196 3484; x_wconf 69' lang='lat'><strong>,</strong></span> 
     </span>
    </p>

    <p class='ocr_par' dir='ltr' id='par_1_4' title="bbox 242 3525 1358 4124">
     <span class='ocr_line' id='line_1_33' title="bbox 279 3525 1324 3598; baseline -0.002 -18"><span class='ocrx_word' id='word_1_282' title='bbox 279 3525 286 3556; x_wconf 84' lang='lat'>¹</span> <span class='ocrx_word' id='word_1_283' title='bbox 301 3531 316 3556; x_wconf 85' lang='lat'><strong>‘¹</strong></span> <span class='ocrx_word' id='word_1_284' title='bbox 328 3527 431 3581; x_wconf 87' lang='lat' dir='ltr'><strong>Melius</strong></span> <span class='ocrx_word' id='word_1_285' title='bbox 444 3544 510 3596; x_wconf 86' lang='lat' dir='ltr'><strong>ergo</strong></span> <span class='ocrx_word' id='word_1_286' title='bbox 523 3529 625 3582; x_wconf 88' lang='lat' dir='ltr'><strong>dicitur</strong></span> <span class='ocrx_word' id='word_1_287' title='bbox 637 3528 712 3583; x_wconf 71' lang='lat' dir='ltr'><strong>attio</strong></span> <span class='ocrx_word' id='word_1_288' title='bbox 725 3531 907 3584; x_wconf 81' lang='lat' dir='ltr'><strong>comtitutiva</strong></span> <span class='ocrx_word' id='word_1_289' title='bbox 919 3529 1159 3598; x_wconf 87' lang='lat' dir='ltr'><strong>corporis&#39;Christi</strong></span> <span class='ocrx_word' id='word_1_290' title='bbox 1173 3529 1224 3584; x_wconf 91' lang='lat' dir='ltr'><strong>sub</strong></span> <span class='ocrx_word' id='word_1_291' title='bbox 1236 3525 1324 3595; x_wconf 83' lang='lat' dir='ltr'><strong>specie</strong></span> 
     </span>
     <span class='ocr_line' id='line_1_34' title="bbox 243 3609 1324 3686; baseline -0.003 -19"><span class='ocrx_word' id='word_1_292' title='bbox 243 3614 305 3676; x_wconf 90' lang='lat' dir='ltr'><strong>bus,</strong></span> <span class='ocrx_word' id='word_1_293' title='bbox 321 3614 501 3667; x_wconf 90' lang='lat' dir='ltr'><strong>connotando</strong></span> <span class='ocrx_word' id='word_1_294' title='bbox 515 3614 600 3667; x_wconf 91' lang='lat' dir='ltr'><strong>etiam</strong></span> <span class='ocrx_word' id='word_1_295' title='bbox 613 3615 782 3686; x_wconf 86' lang='lat' dir='ltr'><strong>desitionem</strong></span> <span class='ocrx_word' id='word_1_296' title='bbox 795 3617 1009 3672; x_wconf 87' lang='lat' dir='ltr'><strong>substantialem</strong></span> <span class='ocrx_word' id='word_1_297' title='bbox 1022 3617 1116 3686; x_wconf 83' lang='lat' dir='ltr'><strong>panis;</strong></span> <span class='ocrx_word' id='word_1_298' title='bbox 1129 3632 1182 3670; x_wconf 91' lang='lat' dir='ltr'><strong>nec</strong></span> <span class='ocrx_word' id='word_1_299' title='bbox 1194 3616 1264 3670; x_wconf 88' lang='lat' dir='ltr'><strong>enim</strong></span> <span class='ocrx_word' id='word_1_300' title='bbox 1277 3609 1324 3664; x_wconf 86' lang='lat' dir='ltr'><strong>uni·</strong></span> 
     </span>
     <span class='ocr_line' id='line_1_35' title="bbox 244 3695 1358 3773; baseline 0 -19"><span class='ocrx_word' id='word_1_301' title='bbox 244 3700 283 3754; x_wconf 89' lang='lat' dir='ltr'><strong>tio</strong></span> <span class='ocrx_word' id='word_1_302' title='bbox 296 3700 451 3753; x_wconf 90' lang='lat' dir='ltr'><strong>secundum</strong></span> <span class='ocrx_word' id='word_1_303' title='bbox 465 3715 505 3764; x_wconf 89' lang='lat' dir='ltr'><strong>se,</strong></span> <span class='ocrx_word' id='word_1_304' title='bbox 518 3717 570 3756; x_wconf 88' lang='lat' dir='ltr'><strong>nec</strong></span> <span class='ocrx_word' id='word_1_305' title='bbox 583 3701 684 3755; x_wconf 90' lang='lat' dir='ltr'><strong>desitio</strong></span> <span class='ocrx_word' id='word_1_306' title='bbox 698 3703 853 3758; x_wconf 89' lang='lat' dir='ltr'><strong>secundum</strong></span> <span class='ocrx_word' id='word_1_307' title='bbox 863 3719 902 3769; x_wconf 92' lang='lat' dir='ltr'><strong>se,</strong></span> <span class='ocrx_word' id='word_1_308' title='bbox 912 3714 955 3756; x_wconf 88' lang='lat' dir='ltr'><strong>est</strong></span> <span class='ocrx_word' id='word_1_309' title='bbox 967 3703 1116 3773; x_wconf 79' lang='lat' dir='ltr'><strong>adaequate</strong></span> <span class='ocrx_word' id='word_1_310' title='bbox 1126 3701 1274 3764; x_wconf 81' lang='lat' dir='ltr'><strong>conversio,</strong></span> <span class='ocrx_word' id='word_1_311' title='bbox 1283 3695 1323 3750; x_wconf 83' lang='lat' dir='ltr'><strong>sed</strong></span> <span class='ocrx_word' id='word_1_312' title='bbox 1357 3745 1358 3754; x_wconf 70' lang='grc'>,</span> 
     </span>
     <span class='ocr_line' id='line_1_36' title="bbox 243 3781 1321 3859; baseline -0.005 -19"><span class='ocrx_word' id='word_1_313' title='bbox 243 3797 360 3856; x_wconf 90' lang='lat' dir='ltr'><strong>utraque</strong></span> <span class='ocrx_word' id='word_1_314' title='bbox 379 3787 463 3840; x_wconf 89' lang='lat' dir='ltr'><strong>simul</strong></span> <span class='ocrx_word' id='word_1_315' title='bbox 482 3787 626 3856; x_wconf 90' lang='lat' dir='ltr'><strong>componit</strong></span> <span class='ocrx_word' id='word_1_316' title='bbox 643 3781 855 3844; x_wconf 85' lang='lat' dir='ltr'><strong>conversionem</strong></span> <span class='ocrx_word' id='word_1_317' title='bbox 874 3785 1050 3845; x_wconf 77' lang='lat' dir='ltr'><strong>constantem</strong></span> <span class='ocrx_word' id='word_1_318' title='bbox 1068 3807 1102 3843; x_wconf 88' lang='lat' dir='ltr'><strong>ex</strong></span> <span class='ocrx_word' id='word_1_319' title='bbox 1119 3791 1234 3859; x_wconf 70' lang='lat' dir='ltr'><strong>utrique</strong></span> <span class='ocrx_word' id='word_1_320' title='bbox 1249 3795 1321 3839; x_wconf 85' lang='lat' dir='ltr'><strong>muta·</strong></span> 
     </span>
     <span class='ocr_line' id='line_1_37' title="bbox 244 3865 1320 3947; baseline -0.004 -21"><span class='ocrx_word' id='word_1_321' title='bbox 244 3865 327 3932; x_wconf 78' lang='lat' dir='ltr'><strong>tione.</strong></span> <span class='ocrx_word' id='word_1_322' title='bbox 343 3890 376 3926; x_wconf 84' lang='lat' dir='ltr'><strong>ex</strong></span> <span class='ocrx_word' id='word_1_323' title='bbox 390 3873 528 3940; x_wconf 80' lang='lat' dir='ltr'><strong>desitione</strong></span> <span class='ocrx_word' id='word_1_324' title='bbox 541 3887 569 3928; x_wconf 89' lang='lat' dir='ltr'><strong>et</strong></span> <span class='ocrx_word' id='word_1_325' title='bbox 582 3875 708 3929; x_wconf 88' lang='lat' dir='ltr'><strong>unitione</strong></span> <span class='ocrx_word' id='word_1_326' title='bbox 718 3877 739 3930; x_wconf 81' lang='lat'><strong>&#39;’.</strong></span> <span class='ocrx_word' id='word_1_327' title='bbox 754 3877 853 3946; x_wconf 75' lang='lat' dir='ltr'><strong>(Lago,</strong></span> <span class='ocrx_word' id='word_1_328' title='bbox 867 3877 939 3947; x_wconf 82' lang='lat' dir='ltr'><strong>disp.</strong></span> <span class='ocrx_word' id='word_1_329' title='bbox 956 3877 1023 3943; x_wconf 89' lang='lat' dir='ltr'><strong>Vll,</strong></span> <span class='ocrx_word' id='word_1_330' title='bbox 1036 3893 1062 3930; x_wconf 90' lang='lat' dir='ltr'><strong>n.</strong></span> <span class='ocrx_word' id='word_1_331' title='bbox 1077 3875 1134 3945; x_wconf 87' lang='lat'>89.)</span> <span class='ocrx_word' id='word_1_332' title='bbox 1160 3876 1231 3930; x_wconf 82' lang='lat' dir='ltr'><strong>Infra</strong></span> <span class='ocrx_word' id='word_1_333' title='bbox 1243 3882 1320 3926; x_wconf 87' lang='lat' dir='ltr'><strong>auten</strong></span> 
     </span>
     <span class='ocr_line' id='line_1_38' title="bbox 242 3960 1319 4034; baseline -0.009 -18"><span class='ocrx_word' id='word_1_334' title='bbox 242 3960 362 4030; x_wconf 82' lang='lat' dir='ltr'><strong>explicat</strong></span> <span class='ocrx_word' id='word_1_335' title='bbox 379 3961 512 4016; x_wconf 87' lang='lat' dir='ltr'><strong>unionem</strong></span> <span class='ocrx_word' id='word_1_336' title='bbox 530 3961 605 4016; x_wconf 88' lang='lat' dir='ltr'><strong>illam</strong></span> <span class='ocrx_word' id='word_1_337' title='bbox 621 3965 776 4018; x_wconf 88' lang='lat' dir='ltr'><strong>consistere</strong></span> <span class='ocrx_word' id='word_1_338' title='bbox 790 3966 817 4018; x_wconf 89' lang='lat' dir='ltr'><strong>in</strong></span> <span class='ocrx_word' id='word_1_339' title='bbox 831 3963 954 4034; x_wconf 88' lang='lat' dir='ltr'><strong>eoquod</strong></span> <span class='ocrx_word' id='word_1_340' title='bbox 971 3979 1071 4032; x_wconf 87' lang='lat' dir='ltr'><strong>corpus</strong></span> <span class='ocrx_word' id='word_1_341' title='bbox 1086 3961 1188 4018; x_wconf 85' lang='lat' dir='ltr'><strong>Christi</strong></span> <span class='ocrx_word' id='word_1_342' title='bbox 1202 3968 1319 4017; x_wconf 86' lang='lat' dir='ltr'><strong>sustentat</strong></span> 
     </span>
     <span class='ocr_line' id='line_1_39' title="bbox 242 4045 1172 4124; baseline 0.004 -24"><span class='ocrx_word' id='word_1_343' title='bbox 242 4045 399 4100; x_wconf 80' lang='lat' dir='ltr'><strong>accidentia</strong></span> <span class='ocrx_word' id='word_1_344' title='bbox 413 4047 493 4114; x_wconf 82' lang='lat' dir='ltr'><strong>panis</strong></span> <span class='ocrx_word' id='word_1_345' title='bbox 507 4049 604 4103; x_wconf 88' lang='lat' dir='ltr'><strong>etvini</strong></span> <span class='ocrx_word' id='word_1_346' title='bbox 619 4051 657 4117; x_wconf 91' lang='lat' dir='ltr'><strong>(n.</strong></span> <span class='ocrx_word' id='word_1_347' title='bbox 674 4053 729 4124; x_wconf 87' lang='lat'>91).</span> <span class='ocrx_word' id='word_1_348' title='bbox 1170 4119 1172 4122; x_wconf 21' lang='grc' dir='ltr'>Ι</span> 
     </span>
    </p>

    <p class='ocr_par' dir='ltr' id='par_1_5' title="bbox 277 4129 1357 4208">
     <span class='ocr_line' id='line_1_40' title="bbox 277 4129 1357 4208; baseline 0.007 -24"><span class='ocrx_word' id='word_1_349' title='bbox 277 4131 287 4164; x_wconf 71' lang='lat'>⁸</span> <span class='ocrx_word' id='word_1_350' title='bbox 301 4131 416 4194; x_wconf 77' lang='lat' dir='ltr'><strong>Srtttrer,</strong></span> <span class='ocrx_word' id='word_1_351' title='bbox 432 4129 503 4202; x_wconf 88' lang='lat' dir='ltr'><strong>disp.</strong></span> <span class='ocrx_word' id='word_1_352' title='bbox 523 4148 562 4204; x_wconf 82' lang='lat'><strong>50,</strong></span> <span class='ocrx_word' id='word_1_353' title='bbox 574 4153 596 4190; x_wconf 88' lang='lat' dir='ltr'><strong>s.</strong></span> <span class='ocrx_word' id='word_1_354' title='bbox 611 4157 642 4206; x_wconf 73' lang='lat'><strong>43</strong></span> <span class='ocrx_word' id='word_1_355' title='bbox 662 4139 783 4202; x_wconf 73' lang='lat' dir='ltr'><strong>lessius,</strong></span> <span class='ocrx_word' id='word_1_356' title='bbox 800 4141 844 4193; x_wconf 90' lang='lat' dir='ltr'><strong>De</strong></span> <span class='ocrx_word' id='word_1_357' title='bbox 858 4133 1096 4208; x_wconf 74' lang='lat' dir='ltr'><strong>perrectdivtn&#39;is,</strong></span> <span class='ocrx_word' id='word_1_358' title='bbox 1107 4137 1133 4192; x_wconf 86' lang='grc' dir='ltr'><strong>Ἰ.’</strong></span> <span class='ocrx_word' id='word_1_359' title='bbox 1144 4139 1211 4202; x_wconf 77' lang='lat' dir='ltr'><strong>xit,</strong></span> <span class='ocrx_word' id='word_1_360' title='bbox 1225 4153 1254 4190; x_wconf 85' lang='lat' dir='ltr'><strong>n:</strong></span> <span class='ocrx_word' id='word_1_361' title='bbox 1266 4145 1317 4197; x_wconf 78' lang='lat'>119;</span> <span class='ocrx_word' id='word_1_362' title='bbox 1356 4165 1357 4170; x_wconf 60' lang='lat'><em>=</em></span> 
     </span>
    </p>

    <p class='ocr_par' dir='ltr' id='par_1_6' title="bbox 403 4177 1357 4374">
     <span class='ocr_line' id='line_1_41' title="bbox 403 4177 1357 4290; baseline -0.007 -21"><span class='ocrx_word' id='word_1_363' title='bbox 403 4217 458 4270; x_wconf 73' lang='lat' dir='ltr'><strong>&#39;iss</strong></span> <span class='ocrx_word' id='word_1_364' title='bbox 477 4219 497 4284; x_wconf 91' lang='lat' dir='ltr'><strong>l,</strong></span> <span class='ocrx_word' id='word_1_365' title='bbox 512 4237 538 4274; x_wconf 87' lang='lat' dir='ltr'><strong>a.</strong></span> <span class='ocrx_word' id='word_1_366' title='bbox 554 4235 580 4290; x_wconf 86' lang='lat'><strong>7.</strong></span> <span class='ocrx_word' id='word_1_367' title='bbox 1062 4225 1065 4232; x_wconf 92' lang='grc'>’</span> <span class='ocrx_word' id='word_1_368' title='bbox 1112 4247 1116 4256; x_wconf 87' lang='lat'>·</span> <span class='ocrx_word' id='word_1_369' title='bbox 1204 4207 1209 4220; x_wconf 93' lang='lat'>&#39;</span> <span class='ocrx_word' id='word_1_370' title='bbox 1356 4177 1357 4250; x_wconf 81' lang='lat' dir='ltr'><strong>l</strong></span> 
     </span>
     <span class='ocr_line' id='line_1_42' title="bbox 438 4301 928 4374; baseline 0.018 -22"><span class='ocrx_word' id='word_1_371' title='bbox 438 4301 556 4368; x_wconf 75' lang='lat' dir='ltr'><strong>intentis,</strong></span> <span class='ocrx_word' id='word_1_372' title='bbox 570 4318 595 4370; x_wconf 92' lang='lat' dir='ltr'><strong>q.</strong></span> <span class='ocrx_word' id='word_1_373' title='bbox 609 4317 652 4372; x_wconf 83' lang='lat'><strong>75,</strong></span> <span class='ocrx_word' id='word_1_374' title='bbox 666 4321 692 4372; x_wconf 90' lang='lat' dir='ltr'><strong>p.</strong></span> <span class='ocrx_word' id='word_1_375' title='bbox 708 4306 819 4374; x_wconf 77' lang='lat' dir='ltr'><strong>314ed.</strong></span> <span class='ocrx_word' id='word_1_376' title='bbox 840 4306 928 4373; x_wconf 77' lang='lat'>1896.=</span> 
     </span>
    </p>
   </div>
   <div class='ocr_carea' id='block_1_4' title="bbox 0 0 1380 4648">
    <p class='ocr_par' dir='ltr' id='par_1_7' title="bbox 0 0 1380 4648">
     <span class='ocr_line' id='line_1_43' title="bbox 0 0 1380 4648; baseline 0 3"><span class='ocrx_word' id='word_1_377' title='bbox 0 0 1380 4648; x_wconf 95' lang='lat' dir='ltr'><strong> </strong></span> 
     </span>
    </p>
   </div>
  </div>
 </body>
</html>
