2794 4662
269 189 336 240 692
546 189 601 237 DE
621 188 704 240 DEO
722 189 1095 241 REMUNERATORE.

269 365 333 426 illas
346 366 444 435 etiam,
459 383 527 437 quae
543 377 610 438 post
627 367 811 424 contradtam
831 369 946 441 peccati
960 369 1120 440 maculam,
1136 371 1184 428 vel
1197 372 1225 427 in
1238 371 1297 428 suis
1307 391 1354 428 cur-

270 449 402 522 poribus,
417 450 463 508 vel
480 450 593 508 eisdem
612 464 707 509 exutae
725 451 907 524 corporibus,
922 463 1009 525 prout
1028 455 1166 525 superius
1185 456 1297 512 didtum
1314 473 1355 512 es

182 547 186 556 ’
269 547 337 601 sunt
356 547 497 609 purgatae,
513 538 543 594 in
560 538 670 595 coelum
690 557 759 596 mox
775 539 867 612 recipi
886 550 915 597 et
933 541 1040 598 intueri
1057 541 1137 599 clare
1157 541 1255 613 ipsum
1276 543 1358 599 lleun

269 623 377 682 trinum
391 637 421 682 et
434 641 536 692 unum,
549 624 634 682 sicuti
654 635 707 696 est,
720 643 774 698 pro
790 627 962 684 meritorum
980 638 1078 686 tamen
1099 628 1268 687 diversitate
1284 631 1359 685 aliun

268 711 327 768 alio
346 705 525 782 perfedlius:
544 711 661 768 illorum
677 725 777 770 autem
794 713 909 771 animas
927 716 977 786 qui
998 715 1028 771 in
1045 715 1158 772 adtuali
1175 716 1289 773 mortali
1307 735 1361 787 pec-

268 807 335 855 cato
348 797 394 856 vel
407 798 472 856 solo
484 797 618 869 originali
632 798 788 868 decedunt,
806 817 875 857 mox
892 801 922 857 in
941 801 1089 860 infernum
1102 803 1298 872 descendere,
1313 821 1362 874 pu*

269 884 313 940 nis
327 894 426 942 tamen
441 884 609 956 disparibus
624 885 799 956 puniendas.

375 1047 654 1150 Objectum
684 1054 736 1129 et
762 1048 951 1130 divisio
979 1053 1272 1133 Tractatus

314 1246 341 1296 1.
392 1227 562 1309 omilium.
610 1227 702 1289 Deus
727 1247 813 1290 unus
836 1239 869 1290 et
893 1229 1006 1303 trinus,
1029 1230 1085 1310 qui
1112 1249 1174 1291 nos
1198 1233 1318 1292 creavit
1339 1243 1365 1290 et

270 1329 498 1406 sanctificavit,
509 1330 633 1412 quique
649 1349 707 1411 per
725 1331 845 1392 Filium
862 1351 958 1394 suum
977 1352 1037 1394 nos
1054 1333 1206 1408 redemit,
1219 1335 1365 1414 gratiam·

270 1459 335 1521 que
352 1437 383 1498 in
400 1435 501 1498 corda
518 1444 630 1495 nostra
645 1432 779 1496 diffudit
800 1435 983 1516 praesertim
1001 1455 1059 1516 per
1074 1445 1295 1510 sacramenta,
1311 1449 1365 1498 sta·

270 1543 329 1604 tiin
348 1549 424 1621 post
441 1545 581 1600 mortem
598 1537 750 1598 homines
763 1537 900 1617 judicat,
916 1546 950 1601 et
972 1547 1010 1600 ut
1028 1537 1138 1617 justus
1155 1554 1367 1601 remunerant

270 1643 447 1723 unicuique
463 1641 571 1702 reddit
587 1642 770 1702 secundum
794 1661 896 1721 opera
916 1661 997 1704 sua:
1022 1641 1122 1722 igitur
1138 1639 1317 1705 tractatum
1333 1645 1366 1704 de

247 1777 249 1782 ·
271 1743 493 1810 Sacramentis
510 1743 618 1824 logico
633 1743 749 1805 ordine
765 1745 914 1823 sequitur
928 1743 959 1806 T
957 1745 1101 1808 raetarus
1116 1743 1156 1806 de
1172 1744 1242 1806 Deo
1255 1745 1365 1808 Remu-

271 1858 422 1922 neratore,
449 1847 506 1928 qui
531 1867 620 1927 saepe
647 1845 768 1926 saepius
792 1857 927 1908 vocatur
951 1847 1052 1910 etiam
1083 1846 1138 1910 Tr.
1163 1847 1203 1908 de
1228 1827 1391 1909 Nmrsstff

271 1953 342 2028 mis,
358 1951 408 2012 vel
433 1948 659 2029 Eschotologr'a
681 1947 820 2029 (ἔσχατα,
844 1949 1057 2030 novissima);
1081 1951 1265 2011 novissima
1289 1953 1365 2011 enirn

270 2053 415 2117 hominis
440 2053 595 2115 dicuntur
619 2071 659 2113 ea
685 2071 768 2132 quae,
792 2053 975 2114 secundum
1002 2052 1227 2114 oeconomiam
1255 2055 1366 2115 divina

271 2155 498 2240 providentiae,
520 2174 564 2217 ex
588 2155 649 2216 hac
673 2156 741 2216 vita
765 2155 983 2236 migrantibus
1007 2155 1197 2236 obtingunt,
1219 2177 1263 2218 sc.
1285 2179 1366 2223 mun.

260 2260 437 2343 Jiedz'cium,
452 2259 562 2322 coelum
580 2258 630 2320 vel
648 2258 804 2337 infernus.
852 2259 978 2340 Quanti
996 2261 1156 2322 momenti
1182 2260 1226 2322 sit
1251 2261 1314 2322 hnc
1334 2263 1366 2322 de

271 2383 305 2426 re
328 2363 497 2445 disputare
520 2361 631 2442 colligi
657 2371 767 2442 potest
795 2383 838 2424 ex
864 2363 914 2423 his
942 2361 1122 2443 Scripturae
1149 2364 1282 2426 verbis:
1311 2365 1365 2424 “ln

271 2467 425 2529 omnibus
442 2465 596 2547 operibus
613 2465 678 2527 tuis
696 2481 878 2526 memorare
902 2462 1081 2523 novissima
1097 2471 1163 2536 tua,
1180 2473 1214 2524 et
1233 2463 1266 2524 in
1284 2473 1366 2524 ater·

272 2589 350 2631 num
369 2587 434 2630 non
452 2567 604 2649 peccabis
616 2567 629 2590 '¹
643 2580 663 2629 ¹.

313 2687 342 2736 2.
389 2671 528 2734 Divisio.
575 2671 804 2752 Ingredientes
828 2667 916 2730 viam
944 2667 1138 2730 aeternitatis
1161 2667 1214 2728 vel
1241 2681 1319 2731 sunt
1342 2670 1365 2730 in

271 2785 360 2839 statu
382 2773 509 2856 peccati
530 2773 687 2847 mortalis,
703 2783 736 2834 et
759 2772 871 2834 statim
896 2771 1028 2832 aeternis
1051 2769 1179 2848 inferni
1200 2773 1367 2834 tormentis

272 2855 492 2954 addicuntur;
515 2877 565 2940 vel
590 2888 668 2939 sunt
692 2876 724 2937 in
748 2885 835 2937 statu
854 2875 982 2956 gratia,
1007 2893 1067 2935 nec
1091 2883 1206 2935 tamen
1231 2873 1366 2954 periedle

272 2981 432 3058 mundati,
459 3001 526 3062 quo
556 3001 634 3043 casu
667 2981 699 3041 in
720 2977 951 3059 purgatorium
981 2977 1208 3054 descendunt;
1239 2979 1267 3039 si
1300 2997 1390 3040 vero

272 3084 351 3146 nihil
380 3084 459 3165 ipsis
488 3083 645 3146 luendum
674 3091 833 3163 superest,
859 3080 971 3142 statim
997 3079 1106 3142 colum
1135 3079 1364 3160 ingrediuntur.

274 3187 363 3248 Hinc
379 3205 520 3267 sequens
538 3185 692 3266 partitio:

702 3351 714 3420 J
732 3331 783 3392 De
800 3339 913 3392 morte.

368 3379 653 3439 l‘ttOLEGontENn
705 3421 713 3480 l
733 3418 783 3480 Dc
796 3417 924 3497 judicio
939 3415 1135 3496 particulari.

442 3553 533 3615 ART.
551 3553 576 3614 I.
700 3564 713 3632 1
730 3551 920 3614 Existentia
936 3559 969 3613 et
985 3551 1161 3613 aeternitas.

409 3641 451 3704 dc
468 3639 604 3702 inferno.
704 3637 710 3694 Ι
730 3639 859 3701 Natura
875 3646 908 3700 et
924 3637 1046 3720 gradus
1063 3657 1248 3718 poenarum.

433 3776 524 3838 Anr.
543 3775 586 3837 II.
703 3777 712 3838 l
730 3773 926 3836 Existentia.

378 3863 421 3923 dc
436 3862 635 3942 purgatorio,
703 3849 709 3906 Ι
729 3861 856 3923 Natura
873 3881 1055 3942 poenarum.

419 3995 508 4058 ΛΒΤ.
528 3996 590 4057 ΙΙΙ.
702 4005 707 4060 Ι
729 3996 780 4058 De
795 3997 899 4078 gloria
915 3997 1045 4060 animae.

432 4081 474 4142 de
490 4081 581 4143 coelo.
702 4071 709 4127 ¹
728 4083 780 4144 De
797 4083 900 4164 gloria
917 4083 1071 4164 corporis.

301 4213 525 4226 t·-——---·———..

307 4297 313 4326 ¹
330 4293 415 4346 secu.
431 4297 499 4358 vu,
514 4311 549 4361 40

139 4572 300 4622 Α
