2780 4646
366 163 421 214 DE
438 159 599 214 onam
620 163 812 215 norunt-1.
1103 163 1143 214 73

47 337 231 418 ignorantia
267 342 429 418 laborant,
463 343 586 425 quique
624 342 810 405 naturalem
829 337 832 344 '
853 340 960 422 legem
1005 339 1144 421 ejusque

47 453 212 524 praecepta
246 446 277 506 in
313 443 463 508 omnium
487 447 642 509 cordibus
676 447 795 509 aDeo
828 443 993 525 insculpta
1028 437 1145 506 sedulo

46 554 213 608 servantes
236 567 256 608 a
282 547 357 609 Deo
380 547 515 611 obedire
538 549 654 631 parati,
678 548 854 611 honestam
884 545 1075 627 rectamque
1098 545 1144 606 vi-

46 653 110 708 tam
140 658 256 728 agunt,
283 669 380 730 posse
403 649 526 714 dr'vr'noe
550 650 631 712 lucri
653 661 684 712 et
699 650 822 732 gratio
843 659 991 732 operante
1016 649 1144 722 virtute,

46 757 203 812 aetemam
228 752 387 832 consequi
409 753 512 815 vitam
526 754 550 816 ''.
599 748 654 838 (c)
685 752 831 834 Quando
855 761 966 814 autem
995 749 1144 813 infideles

47 850 89 911 ita
104 851 284 915 illuminati
308 863 395 930 sunt,
406 865 559 935 possunt,
579 875 655 918 cum
679 857 786 936 gratia
805 855 868 917 Dei
892 854 1143 935 supernaturali,

47 952 159 1018 elicere
176 953 289 1018 aetum
307 957 517 1020 contritionis
534 957 760 1040 perfeetae,vel
777 959 899 1020 amoris
918 958 981 1020 Dei
998 953 1144 1038 perfedti,

46 1055 130 1118 etin
155 1057 215 1120 illo
238 1055 314 1121 actu
348 1059 508 1140 implicite
530 1062 720 1123 continetur
747 1073 862 1122 votum
896 1057 1062 1140 baptismi,
1087 1075 1144 1118 seu

47 1157 233 1240 baptismus
243 1163 407 1237 desiderii,
416 1164 494 1245 quia
507 1162 661 1226 videlicet
674 1183 714 1226 ea
726 1163 840 1224 omnia
850 1161 1016 1241 suscipere
1029 1159 1144 1220 volunt

47 1283 116 1342 quae
132 1265 338 1330 adsalutem
362 1268 571 1349 requiruntur
579 1289 586 1344 ;
618 1277 651 1329 et
675 1267 721 1328 sic
740 1264 987 1346 justificationis
1003 1262 1144 1343 gratiam

48 1377 301 1448 consequuntur.
351 1367 404 1447 (d)
439 1369 474 1433 Si
503 1370 559 1450 qui
592 1378 704 1431 autem
738 1367 842 1430 adulti
879 1369 964 1428 inter
996 1363 1145 1427 infideles

47 1469 251 1548 sufficientem
275 1471 414 1534 rationis
430 1493 525 1534 usum
541 1492 603 1534 non
623 1474 799 1551 attingant,
811 1490 878 1551 quo
896 1471 1006 1533 Deum
1023 1487 1146 1548 cogno-

49 1586 134 1630 scere
150 1569 296 1646 valeant,
312 1575 522 1654 parvulorum
548 1586 673 1639 sortem
689 1574 955 1656 participabunt;
979 1592 1056 1634 nam
1071 1591 1146 1652 pro-

50 1678 117 1746 pter
132 1673 274 1734 rationis
291 1675 457 1740 defeetum
476 1677 658 1740 infantibus
675 1677 869 1757 aequiparari
895 1685 1043 1757 possunt.
1090 1673 1145 1736 Ex

51 1770 108 1833 hoc
123 1775 277 1855 sequitur
293 1779 418 1842 nullum
437 1779 602 1842 infidelem
620 1779 770 1842 damnari
795 1777 857 1839 nisi
874 1777 1007 1858 propria
1023 1775 1120 1857 culpa
1138 1798 1145 1837 :

51 1873 74 1932 si
99 1877 190 1938 enim
216 1877 352 1943 ductum
378 1882 514 1944 rationis
538 1892 703 1962 sequatur,
718 1881 883 1962 gradatim
912 1878 1080 1959 perveniet
1103 1879 1145 1939 ad

52 1973 145 2040 fidem
159 1991 194 2044 et
205 1981 487 2062 justificationem.
512 1984 699 2046 Fatendum
714 1993 764 2045 est
776 1992 887 2044 tamen
902 1981 1024 2061 gratias
1038 1979 1146 2041 minus

52 2080 259 2147 abundanter
275 2088 411 2150 concedi
437 2085 625 2150 infidelibus
640 2105 740 2168 quam
758 2084 961 2159 christianis;
995 2083 1146 2162 quamvis

53 2185 134 2248 enim
164 2189 258 2252 Deus
282 2210 347 2252 non
376 2193 419 2254 sit
443 2210 658 2274 personarum
687 2197 851 2268 acceptor,
873 2206 912 2248 eo
934 2205 1033 2247 sensu
1055 2185 1144 2267 quod

54 2291 190 2354 neminis
204 2293 281 2372 jura
297 2294 397 2370 laedit,
410 2305 522 2357 tamen
541 2314 606 2356 non
621 2293 792 2374 aqualiter
802 2290 973 2352 distribuit
985 2291 1073 2352 bona
1090 2309 1144 2353 na·

55 2394 165 2456 turalia
176 2396 229 2458 vel
242 2398 513 2479 supernaturalia.
555 2398 593 2459 ln
606 2395 755 2478 qualibet
772 2394 860 2454 enim
877 2393 1035 2454 societate
1048 2391 1147 2455 debet

54 2515 116 2558 esse
146 2501 378 2566 subordinatio
408 2503 598 2565 inferiorum
623 2511 656 2564 et
679 2499 902 2581 superiorum;
937 2497 1012 2559 talis
1035 2505 1146 2560 autem

54 2599 280 2667 subordinatio
304 2607 439 2687 requirit
463 2605 725 2687 inaequalitatem
743 2603 775 2662 in
793 2601 890 2663 donis
907 2600 975 2661 sive
992 2601 1148 2668 naturali,-

55 2695 109 2758 bus
125 2702 195 2764 sive
213 2705 527 2785 supernaturalibus.

92 2799 139 2878 89.
189 2819 226 2884 3⁰
240 2805 464 2869 Corollarinrn.
512 2807 567 2868 Ex
579 2801 676 2867 dietis
694 2801 834 2882 intelligi
851 2801 950 2862 datur
966 2809 1034 2881 quo
1050 2821 1146 2863 sensu

56 2905 150 2986 accipi
177 2911 286 2989 possit
309 2911 446 2971 axioma
470 2908 705 2989 theologicum,
721 2911 736 2936 “
748 2903 896 2966 Ferreoli
908 2904 995 2984 quod
1007 2903 1042 2964 in
1057 2925 1089 2966 se
1104 2913 1150 2966 est

55 3002 136 3068 Deus
154 3032 218 3072 non
233 3013 370 3092 denegat
379 3013 527 3092 gratiam
541 3013 555 3036 '’
568 3023 587 3072 ¹.

96 3105 150 3194 (a)
171 3114 321 3178 Facienti
338 3117 427 3196 quod
453 3116 485 3177 in
510 3135 545 3176 se
567 3123 617 3175 est
642 3132 699 3193 per
716 3110 803 3172 vires
819 3119 946 3172 naturoe
963 3109 1064 3182 Deus,
1081 3129 1146 3171 non

57 3213 183 3288 quidem
202 3237 246 3278 cx
269 3217 408 3298 justitia,
425 3236 533 3298 neque
550 3235 593 3276 ex
614 3214 755 3295 positiva
779 3212 1007 3292 dispositione,
1024 3213 1081 3272 sed
1104 3233 1147 3273 ex

89 3379 277 3450 'Hujusmodi
298 3384 410 3436 axioma
420 3383 479 3450 jam
493 3381 586 3450 quoad
608 3396 722 3433 sensum
743 3378 882 3430 invenitur
895 3377 922 3429 in
939 3377 1082 3436 Patribus;
1111 3377 1149 3429 ita

59 3477 81 3514 v·
92 3481 115 3532 g.
128 3469 256 3522 Isidorus
265 3470 410 3523 Pelusrbta
420 3469 449 3537 (i.
462 3487 486 3520 a.
498 3469 561 3532 412)
573 3467 669 3520 scribit
688 3485 694 3518 :
714 3466 730 3492 “
743 3465 796 3532 Qui
811 3465 886 3518 enim
895 3463 990 3516 omnia
999 3479 1063 3532 quae
1078 3463 1104 3514 in
1119 3479 1149 3516 se

60 3547 106 3603 sita
118 3565 180 3608 sunt
200 3557 345 3626 adimplet,
361 3557 439 3609 Deus
452 3556 513 3624 ipse
526 3553 648 3620 benigne
663 3551 760 3604 annuit
771 3551 784 3576 '¹
799 3549 902 3616 (Epist.
919 3549 936 3601 l.
959 3549 993 3610 V,
1007 3565 1049 3616 ep.
1069 3549 1149 3615 459);

60 3639 173 3692 unanimi
189 3659 329 3696 consensu
342 3651 490 3710 acceptum
504 3651 547 3694 est
560 3657 576 3691 a
591 3637 738 3705 theologis,
747 3647 775 3689 et
788 3645 832 3689 est
842 3635 943 3687 rationi
955 3635 1071 3688 omnino
1084 3651 1148 3688 con-

62 3735 224 3780 sentaneum.
264 3729 330 3781 Non
344 3739 439 3781 tamen
450 3743 506 3780 uno
517 3726 676 3793 eodemque
690 3739 774 3776 sensu
785 3723 821 3774 ab
833 3721 964 3773 omnibus
980 3719 1148 3789 intelligitur,

61 3808 220 3872 quibusdam
233 3815 398 3868 docentibus
412 3831 463 3883 per
474 3813 591 3882 quadiu
604 3829 632 3862 se
644 3815 686 3862 est
697 3809 848 3878 significari
862 3824 898 3860 rx
911 3809 1022 3859 viribus
1036 3812 1148 3875 grania,

62 3894 116 3949 aliis
129 3911 221 3954 autem
235 3901 386 3970 significari
400 3919 434 3954 ex
447 3901 558 3954 vr'rr'bus
570 3905 689 3962 nutrire,
702 3898 766 3950 licet
780 3895 871 3964 gratia
882 3911 937 3948 non
952 3895 1052 3948 eodem
1066 3897 1149 3948 modo
1173 3963 1176 3972 Ι

62 3986 181 4048 operibus
194 3989 367 4042 naturalibus
376 3989 536 4041 obtineatur
549 4003 582 4038 ac
596 3984 858 4053 supernaturalibus
876 4001 881 4036 :
901 3981 993 4050 priora
1007 3983 1082 4035 enim
1091 3983 1149 4034 nul·

64 4067 166 4126 lomodo
184 4086 325 4128 merentur
342 4075 463 4142 gratiam
482 4090 515 4127 ex
534 4071 625 4125 dietis.
667 4071 748 4123 Circa
766 4070 838 4121 hanc
853 4069 1072 4122 controversiam
1086 4069 1149 4121 vicie

64 4153 205 4223 salmane,
221 4162 256 4214 de
267 4161 375 4222 Gratia,
391 4159 462 4228 disp.
480 4160 534 4225 ΙΙΙ,
549 4175 576 4210 n.
596 4159 644 4225 156
659 4175 713 4226 sq.;
743 4156 881 4219 Billuort,
895 4155 966 4223 disp.
985 4155 1038 4219 111,
1054 4165 1104 4206 art.
1121 4169 1148 4222 73

67 4241 193 4310 Suom,l.
211 4249 257 4312 ll',
271 4264 293 4300 c.
313 4262 342 4299 12
357 4263 410 4314 sq.;
431 4245 581 4302 Marcello.
594 4261 620 4296 n.
638 4244 701 4306 84&
724 4243 882 4300 Buccerom',
898 4257 943 4308 op.
961 4239 1006 4292 cit.
1025 4257 1050 4306 p.
1072 4253 1109 4290 12.
