2794 4662
245 176 314 231 6³0
599 175 664 232 ,DE
684 168 974 220 tanrmmomo.

230 365 312 412 tunt
326 354 444 413 moralis
457 354 575 412 unionis
588 353 697 412 Christi
711 370 779 410 cum
795 351 937 422 Ecclesia,
952 350 1052 418 debet,
1066 351 1151 422 juxta
1166 349 1196 407 S.
1216 348 1352 416 Paulum,

235 515 237 520 Ι
248 443 369 501 caritate
382 442 501 515 speciali
516 451 544 500 et
557 441 719 510 virtutibus,
736 458 810 512 quas
822 439 916 512 gignit
928 439 1042 508 caritas,
1056 437 1202 510 insigniri.

285 531 352 588 Irno
372 530 496 602 ipsemet
515 541 607 588 status
620 527 843 586 matrimonialis
856 537 925 586 ante
939 526 1090 585 Christum
1110 525 1230 583 sensim
1254 542 1357 598 praem

248 617 361 688 gativas
381 617 500 675 unitatis
519 627 548 675 et
568 615 842 686 indissolubilitatis,
862 613 972 686 quibus
991 613 1143 686 praecipue
1164 613 1198 670 fit
1222 613 1355 684 physice

250 705 368 762 unionis
387 704 495 763 Christi
515 721 583 761 cum
605 703 739 761 Ecclesia
756 703 883 774 signum,
901 700 1007 758 amisit.
1047 699 1183 779 Econt'ra
1201 703 1356 759 matrimo

250 791 332 848 nium
358 792 550 849 christianum
572 791 739 850 necessario
761 807 853 848 unum
876 799 906 847 et
928 788 1134 847 indissolubile
1157 789 1284 847 lactum
1308 803 1355 848 est

249 877 351 935 Gratia
364 879 499 950 specialis
519 897 579 936 non
599 877 803 949 requirebatur
815 876 937 948 quidem
954 886 986 934 ut
1003 887 1095 934 status
1110 877 1356 939 matrimonialis.

250 964 427 1037 polygamia,
435 965 571 1034 divortio,
581 983 699 1023 necnon
709 977 739 1024 et
752 964 906 1036 tyrannide
916 963 967 1020 viri
981 963 1010 1020 in
1024 981 1144 1021 uxorem
1160 964 1355 1037 deturpatus

250 1063 414 1110 remaneret
424 1052 578 1124 quoddam
589 1051 674 1110 valde
685 1052 889 1124 imperfectum
902 1053 1020 1124 signum
1031 1051 1149 1110 unionis
1159 1053 1285 1112 Christi
1294 1073 1358 1110 cum

237 1137 239 1140 ’
251 1139 385 1196 Ecclesia
397 1158 405 1210 ;
424 1138 477 1198 sed
490 1138 626 1210 specialis
639 1139 730 1210 gratia
743 1140 868 1200 omnino
880 1139 985 1197 adesse
997 1138 1087 1197 debet
1106 1139 1136 1195 in
1157 1142 1358 1200 matrimonio

249 1227 418 1294 christiano,
432 1227 519 1301 quale
537 1226 576 1284 ab
595 1227 741 1298 Apostolo
760 1225 944 1302 describitur,
958 1243 1066 1299 nempe
1084 1227 1214 1295 unitate,
1232 1229 1359 1290 indisso

251 1312 395 1371 lubilitate
408 1313 525 1370 firmum
539 1323 569 1371 et
582 1314 726 1370 constanti
741 1313 902 1371 dilectione
915 1313 990 1371 inter
999 1315 1142 1384 conjuges
1155 1327 1312 1371 ornatum
1326 1316 1359 1372 ita

238 1411 283 1458 -ut
297 1419 357 1458 non
371 1402 466 1458 solum
481 1401 622 1459 unionem
636 1398 745 1460 Christi
759 1421 827 1460 cum
840 1420 949 1473 genere
962 1402 1094 1460 humano
1106 1402 1145 1460 ad
1160 1415 1310 1462 mentem
1324 1424 1359 1461 re·

251 1505 357 1546 vocare
376 1488 480 1560 possit,
498 1487 550 1545 sed
569 1491 607 1544 ad
626 1489 724 1545 vivum
743 1489 906 1561 exprimere
925 1489 1017 1561 ipsius
1035 1489 1275 1548 devotissimam
1297 1509 1361 1562 erga

252 1574 415 1632 Ecclesiam
430 1575 580 1632 caritatem
595 1585 624 1632 et
639 1575 779 1632 Ecclesiae
792 1575 993 1633 fidelissimam
1006 1593 1074 1647 erga
1087 1576 1264 1635 Christum.

288 1660 395 1732 Neque
413 1661 524 1718 addere
541 1661 622 1731 juvat
641 1661 671 1717 in
690 1671 771 1718 textu
790 1661 879 1719 allato
897 1660 944 1734 agi
966 1671 1080 1720 tantum
1099 1664 1139 1722 de
1159 1665 1362 1722 matrimonio

252 1747 328 1805 Adae
340 1764 408 1818 curn
425 1747 487 1804 Eva
501 1768 507 1816 ;
526 1766 594 1804 nam
609 1749 743 1819 Adamas
761 1759 898 1818 nontam
912 1749 952 1807 de
966 1750 1127 1822 semetipso
1140 1768 1241 1822 quam
1258 1753 1303 1810 de
1317 1770 1362 1824 po

251 1835 336 1892 steris
349 1834 535 1906 loquebatur,
548 1835 618 1892 dum
634 1835 744 1893 diceret
761 1857 767 1892 :
788 1836 973 1908 “Relinquet
986 1837 1077 1894 homo
1090 1848 1209 1910 patrem
1225 1857 1324 1896 suum
1339 1852 1364 1896 et

252 1932 376 1979 matrem
391 1939 475 1978 suam
485 1921 533 1977 ”...
551 1941 557 1990 ;
576 1922 639 1993 ipse
652 1922 732 1979 enim
746 1941 806 1980 non
819 1911 949 1982 habebat
962 1935 1099 1994 parentes
1112 1943 1193 1996 quos
1207 1927 1363 1999 relinque·

252 2021 295 2068 ret
308 2029 316 2081 3
335 2009 508 2081 prophetice
522 2009 609 2078 igitur
622 2010 660 2067 de
675 2010 785 2068 unione
798 2011 1004 2068 matrimoniali
1025 2023 1216 2083 posterorum
1241 2015 1365 2072 locutus

252 2107 304 2168 est,
317 2108 345 2154 et
359 2095 480 2167 quidem
495 2097 533 2154 de
547 2096 595 2152 illa
605 2114 672 2166 quae
686 2096 843 2168 perfectius
858 2097 998 2156 unionem
1009 2098 1119 2157 Christi
1133 2117 1207 2158 curn
1220 2100 1365 2160 Ecclesia

180 2241 183 2246 ,
253 2184 366 2256 figurat,
379 2184 418 2241 de
431 2183 466 2241 ed
478 2183 589 2240 scilicet
603 2201 669 2254 quae
683 2184 757 2241 inter
770 2184 954 2242 Christianos
968 2185 1073 2244 existit.
1177 2213 1182 2220 ·

298 2292 344 2356 ῃ
401 2287 436 2334 20
468 2273 663 2348 Traditt'one,
691 2273 843 2336 videlicet
871 2285 1062 2356 argumento
1084 2279 1363 2359 proescn'pttbm's.

254 2377 389 2440 Certum
407 2387 457 2438 est
474 2377 721 2454 matrimonium
747 2386 783 2438 ut
806 2387 1048 2440 sacramentum
1066 2399 1141 2441 vere
1157 2401 1199 2442 ac
1223 2385 1365 2465 proprie

252 2479 379 2542 dit'tum
394 2479 463 2559 jam
481 2479 631 2559 agnitum
650 2477 748 2540 luisse
766 2499 785 2540 a
800 2479 923 2541 saeculo
936 2480 1016 2555 XII,
1030 2481 1062 2542 in
1081 2487 1226 2563 utraque
1243 2485 1363 2548 Eccle-

200 2578 205 2586 “
254 2585 311 2656 sib,
328 2580 490 2644 Orientali
508 2591 608 2661 atque
625 2580 840 2644 Occidentali.
890 2581 927 2644 Id
948 2582 1047 2644 hodie
1067 2583 1218 2648 fatentur
1236 2590 1363 2650 eruditi

256 2687 489 2747 Protestantes.
538 2684 665 2744 Revera
683 2683 752 2764 jam
771 2683 813 2744 ab
830 2683 886 2746 illo
902 2693 1052 2766 ternpore
1068 2686 1220 2769 theologi
1240 2711 1362 2752 omnes

254 2789 412 2871 explicite
428 2789 549 2849 docent
567 2787 815 2848 matrimonium
832 2807 904 2848 esse
917 2799 1172 2864 sacramentum,
1186 2801 1222 2854 et
1242 2793 1281 2855 id
1301 2807 1362 2856 tra·

253 2896 338 2956 dunt
351 2910 417 2954 non
431 2898 465 2952 ut
478 2888 602 2969 aliquid
617 2909 739 2950 novum
753 2899 786 2950 et
798 2890 967 2966 incertum,
979 2892 1036 2953 sed
1051 2901 1215 2974 tanquam
1234 2896 1362 2960 doflri·

255 3016 331 3059 nam
370 3003 503 3066 certain,
534 2993 590 3054 diu
629 2992 673 3053 ab
704 2992 852 3054 Ecclesia
887 2994 1053 3058 traditam.
1115 2997 1293 3062 Praeterea
1334 3003 1361 3062 in

257 3101 289 3165 C.
300 3097 513 3179 Lugdunensi
523 3095 564 3157 ΙΙ
575 3095 686 3175 (1274)
701 3093 786 3158 lecta
797 3104 847 3157 est
860 3095 1024 3160 confessio
1037 3099 1213 3164 Michaelis
1228 3105 1362 3168 Palaeo

255 3207 330 3286 logi,
347 3226 366 3266 a
383 3213 455 3266 toto
472 3200 621 3264 Concilio
637 3199 829 3281 approbata,
846 3205 911 3280 qua
924 3203 1171 3292 declarabatur,
1189 3215 1362 3290 tanquam

255 3309 330 3371 fidei
358 3308 490 3387 dogma,
517 3304 763 3365 matrimonium
793 3324 895 3366 unum
922 3325 993 3367 esse
1019 3326 1062 3368 ex
1088 3319 1220 3388 septem
1250 3333 1363 3376 sacra·

254 3413 420 3490 mentis¹;
443 3418 476 3471 et
494 3409 525 3468 in
546 3405 578 3470 C.
598 3406 771 3468 Veronensi
784 3407 906 3488 (1181),
920 3409 1041 3472 Lucius
1052 3409 1114 3472 ΙΙΙ
1122 3423 1243 3475 contra
1264 3417 1363 3479 Albi-

254 3536 372 3597 genses
389 3515 578 3575 decreverat
595 3510 807 3572 anathemate
828 3509 1022 3592 plectendos
1044 3513 1216 3579 universos
1232 3521 1299 3600 qui
1322 3523 1363 3582 de

253 3617 471 3689 sacrarrrentr's,
490 3615 574 3677 inter
590 3635 664 3695 quae
686 3623 874 3677 recensetur
891 3617 1149 3693 matrimonium,
1167 3619 1271 3683 aliter
1288 3643 1362 3684 sen-

255 3724 342 3785 tiunt
373 3742 411 3782 ac
444 3721 597 3784 Romana
628 3717 807 3780 Ecclesiae
866 3719 993 3783 Omnes
1024 3722 1147 3802 pariter
1173 3724 1362 3787 orientales

256 3825 531 3899 communitates,
558 3823 657 3884 etiam
687 3821 906 3885 schismaticae
933 3833 991 3885 aut
1018 3824 1192 3899 haereticae,
1221 3828 1362 3907 prolite-

256 3930 384 4000 bantur,
398 3937 494 4008 prout
511 3947 598 3988 nunc
616 3923 819 4006 profitentur,
833 3925 1080 3989 matrimonium
1098 3947 1170 3989 esse
1188 3949 1299 3993 urrurn
1318 3955 1360 3994 ex

256 4039 383 4108 septem
400 4031 613 4090 sacramentis
624 4041 644 4090 3.

294 4210 300 4234 ¹
316 4201 369 4268 Ap.
385 4204 553 4271 Denar‘rrger,
569 4223 596 4258 n.
613 4205 673 4274 388.
690 4237 723 4246 —
736 4205 746 4235 ²
759 4209 896 4277 Denaing.
910 4225 936 4261 n.
951 4221 1009 4278 339.

292 4283 372 4340 aClr.
390 4289 474 4353 (ἕσαν,
489 4291 642 4360 Eucltolog.
660 4311 686 4362 p.
703 4312 728 4362 p.
747 4296 796 4364 385
812 4313 867 4366 sq.;
888 4298 1064 4359 Schelstrale,
1080 4295 1275 4353 stratonem.
1292 4303 1357 4356 eccl.
