2770 4652
253 185 316 234 514
461 185 517 233 DE
537 184 831 234 POENITENTIAE
851 181 1152 276 sacaAMENTO.

254 364 410 436 perfectus,
424 377 453 423 et
472 366 500 421 in
521 366 645 436 gloriam
662 366 717 423 liei
740 365 868 424 maxime
888 365 991 422 cedit:
1019 365 1043 420 si
1063 365 1142 420 enim
1159 364 1233 420 Eum
1246 362 1329 429 dibur-

255 467 318 506 mus
332 459 364 507 ut
377 451 593 508 beatitudinem
609 462 749 521 nostram,
765 469 802 508 eo
816 451 882 522 ipso
896 461 1039 509 testamur
1052 450 1157 521 Ipsum
1176 449 1265 506 solum
1283 459 1329 503 tam

254 538 419 609 perlectum
441 557 505 596 esse
527 549 559 596 ut
577 557 631 596 nos
654 538 823 597 beatificare
843 539 947 596 valeat.
988 538 1081 596 Unde
1099 551 1252 592 censemus
1268 532 1330 588 lianc

254 626 427 696 opinionem
443 644 506 684 esse
526 627 737 686 misericordiae
758 627 867 686 divinae
880 627 967 685 valde
981 635 1232 688 consentaneam
1255 625 1331 692 eique

254 712 392 781 admissa,
404 714 499 771 multo
521 715 628 772 melius
648 715 821 786 intelligitur
840 715 997 785 quomodo
1010 713 1118 786 Judaei,
1130 711 1180 782 qui
1201 710 1269 766 duni
1285 727 1332 765 eer-

255 799 317 854 vice
326 809 417 870 erant,
427 800 577 870 justificari
589 802 746 872 potuerint,
755 801 869 872 absque
880 809 1074 864 sacramente,
1083 799 1191 870 pariter
1200 795 1332 868 quomodo

254 886 430 956 Acatholici,
447 887 497 958 qui
508 887 538 943 in
554 887 634 945 bonai
647 890 711 946 vice
724 899 884 956 versantur,
897 888 1015 944 veniam
1030 899 1219 956 peccatorum
1232 899 1331 938 suorum

149 1013 152 1016 -
254 973 389 1032 obtinere
402 974 518 1032 valeant
535 996 540 1031 :
556 976 651 1034 multo
665 976 745 1032 enim
759 975 873 1032 facilius
886 975 1002 1032 elicitur
1013 973 1122 1030 amoris
1136 970 1219 1029 adius
1237 988 1269 1026 ex
1285 987 1333 1039 gra-

254 1061 382 1120 titudine
395 1073 425 1119 et
437 1079 498 1134 spe,
515 1079 604 1133 quam
620 1081 655 1120 ex
668 1063 769 1120 divina
783 1062 917 1120 bonitate
937 1060 967 1116 in
991 1078 1022 1117 se
1035 1058 1179 1132 spectata.
1221 1057 1286 1112 Haec
1303 1067 1333 1111 tr-

255 1165 323 1205 men
349 1148 453 1219 opinio
474 1167 535 1205 non
558 1159 602 1205 est
624 1149 816 1218 communis¹,
841 1157 870 1205 et
896 1147 925 1202 in
950 1147 1031 1217 praxi
1056 1145 1227 1203 conandum
1249 1155 1287 1200 est
1308 1161 1333 1199 er

254 1253 355 1292 amore
369 1235 432 1306 spei
453 1245 482 1293 et
503 1235 691 1306 gratitudinis
705 1235 744 1292 ad
757 1252 890 1292 amorem
910 1233 1039 1290 caritatis
1052 1233 1223 1290 ascendere.
1260 1230 1333 1302 Quod

255 1321 375 1379 aliunde
389 1334 522 1380 nontam
537 1323 656 1381 difficile
669 1333 727 1389 est;
747 1340 815 1378 nam
830 1321 969 1378 contritio
983 1321 1104 1377 caritate
1118 1317 1245 1391 perseela
1258 1319 1333 1374 consi-

255 1418 331 1465 stere
345 1419 443 1480 potest
461 1427 529 1465 cum
543 1410 647 1467 dolore
660 1411 699 1468 de
714 1409 844 1481 peccatis
858 1407 898 1464 ob
912 1408 969 1464 alia
982 1408 1094 1464 motiva
1107 1407 1205 1462 minus
1225 1404 1334 1475 perietla

255 1505 413 1566 concept0‚
435 1495 574 1553 videlicet
592 1514 685 1567 spem,
709 1495 930 1566 gratitudinem,
952 1504 1066 1552 metum
1090 1511 1263 1565 poenarum:
1289 1492 1335 1546 iun·

255 1581 452 1639 communiter
465 1580 564 1638 anima
578 1583 661 1652 quasi
677 1583 862 1654 pedetentim
881 1602 916 1640 ex
938 1581 1128 1639 inferioribus
1147 1582 1187 1639 ad
1206 1597 1336 1652 superium

255 1668 380 1738 assurgit
400 1668 518 1725 motiva.
560 1669 652 1740 Quod
675 1669 773 1726 inferri
796 1680 893 1741 potest
916 1687 951 1727 ex
974 1670 1145 1726 Tridentino
1166 1673 1245 1738 (sess.
1265 1666 1334 1724 Xll'.

256 1774 280 1811 c.
298 1757 334 1824 4),
351 1755 402 1811 ubi
417 1755 456 1812 de
470 1755 575 1812 timore
588 1773 741 1826 paenarum
754 1757 863 1813 dicitur
879 1779 885 1814 ε
921 1757 1021 1814 “Hoc
1034 1757 1115 1814 enim
1129 1757 1234 1813 timore
1247 1753 1337 1810 utiliter

255 1841 392 1898 concussi
402 1841 541 1899 Ninivitae
553 1844 592 1901 ad
602 1843 688 1916 Jonae
698 1843 940 1915 praedicationem
950 1843 1070 1915 plenam
1085 1842 1245 1900 terroribus
1258 1839 1335 1911 poeni-

256 1929 379 1986 tentiam
393 1941 525 1999 egerunt,
540 1939 569 1986 et
582 1929 816 1988 misericordiam
830 1949 847 1986 a
860 1931 992 1987 Domino
1007 1930 1204 2001 impetrarunt
1214 1929 1237 1984 ''.

309 2055 379 2111 111.
398 2053 453 2110 De
476 2055 708 2111 contritione
732 2047 960 2127 imperfecta
983 2069 1051 2112 seu
1074 2054 1300 2112 attritione².

298 2177 347 2248 59.
392 2167 557 2230 Contritio
581 2165 775 2247 imperset‘ta
798 2168 942 2229 attritos
966 2169 1101 2244 dicitur;
1138 2187 1224 2240 narn,
1250 2175 1282 2227 ut
1303 2163 1339 2223 ait

258 2271 293 2334 S.
315 2271 456 2332 Thomas
474 2267 607 2354 (Suppl.
625 2289 654 2350 q.
675 2271 699 2344 1,
716 2291 743 2331 a.
767 2288 784 2331 2
808 2272 849 2332 ad
868 2269 910 2350 2),
935 2271 966 2331 in
992 2269 1219 2350 corporalibus
1242 2268 1340 2330 attrita

256 2375 411 2436 dicuntur
433 2395 509 2454 quae
533 2373 749 2453 aliquomodo
773 2373 938 2434 diminuta
962 2381 1048 2444 sunt,
1073 2371 1131 2432 sed
1157 2392 1223 2432 non
1247 2369 1339 2432 adhuc

257 2473 400 2556 perfecte
417 2477 630 2544 comminuta.
643 2477 786 2537 contrita
803 2485 915 2536 autem
934 2495 1009 2556 quae
1025 2496 1084 2556 per
1099 2476 1291 2537 divisionem
1307 2473 1339 2533 aii

256 2579 394 2640 minima
411 2579 628 2654 reducuntur;
652 2579 793 2658 ideoque
809 2577 974 2657 significat
991 2579 1118 2642 attritio
1135 2581 1168 2641 in
1181 2577 1340 2661 spirituali-

256 2683 318 2743 bus
335 2683 502 2761 quandam
520 2682 765 2762 displicentiam
783 2683 825 2743 de
842 2683 987 2762 peccatis
1004 2685 1199 2759 commissis
1216 2685 1269 2744 sed
1287 2699 1339 2741 non

257 2782 446 2866 perfectam,
462 2785 618 2846 contritio
634 2794 745 2846 autem
764 2783 954 2866 perseelam.

301 2889 353 2949 De
370 2889 540 2949 attritione
555 2890 697 2968 primurn
716 2886 902 2950 dodtrinam
920 2888 1114 2966 catholicam,
1128 2891 1248 2952 deinde
1263 2887 1339 2948 theo·

257 2993 407 3072 logorum
425 2991 588 3072 opiniones
604 3012 820 3073 exponemus

479 3125 652 3188 Doctrina
676 3087 856 3189 catholica
878 3126 923 3188 de
945 3124 1141 3188 attritione.

299 3244 350 3308 60.
399 3243 539 3306 Attritio
555 3245 814 3325 supernaturalis
831 3265 875 3306 ex
892 3245 1015 3324 duplici
1029 3245 1215 3324 praesertim
1232 3241 1341 3304 metim

256 3348 498 3429 supernaturali
532 3350 661 3430 concipi
695 3359 815 3430 potest,
837 3348 938 3429 juxta
967 3347 1108 3409 Trident.
1144 3347 1237 3428 (sess.
1260 3343 1341 3407 Xii'.

256 3473 325 3532 cap.
343 3453 386 3532 4),
403 3457 418 3484 “
435 3452 484 3514 vel
503 3471 547 3513 ex
565 3453 780 3532 turpitudinis
804 3453 931 3533 peccati
956 3447 1230 3524 consideratione,
1247 3449 1293 3510 vel
1308 3465 1341 3506 ex

290 3661 366 3714 1Cir.
382 3658 473 3730 Lugo,
488 3661 559 3730 disp.
576 3663 609 3729 V,
627 3661 695 3716 sedi.
715 3663 735 3729 Ι,
753 3680 780 3715 n.
795 3677 810 3730 3
824 3673 898 3716 etex
912 3663 1032 3716 adverso
1046 3661 1144 3725 Bt'llol,
1158 3663 1197 3713 th.
1215 3676 1224 3713 r
1230 3675 1252 3728 3.

290 3749 341 3801 ²5.
362 3747 490 3812 Thomas
508 3746 603 3816 Suppl.
618 3765 644 3817 q.
661 3750 682 3815 1,
700 3765 723 3801 a
739 3764 763 3801 2·
770 3763 797 3814 33
817 3751 933 3815 Suana,
950 3749 1022 3817 disp.
1037 3750 1062 3800 V
1075 3758 1102 3801 et
1117 3749 1184 3812 XX;
1204 3745 1343 3800 Belloomi·

255 3853 316 3900 nus,
339 3835 354 3886 l.
375 3834 414 3899 11,
428 3851 450 3886 c.
468 3835 558 3898 17-183
578 3835 748 3888 Salmonlic.
768 3836 841 3904 disp.
858 3834 885 3887 V
890 3837 931 3900 11;
951 3837 1076 3900 Drouin,
1095 3851 1122 3902 q.
1140 3835 1190 3898 lV,
1212 3851 1235 3886 c.
1250 3849 1275 3898 3;
1294 3829 1342 3884 Bii-

255 3923 344 3983 luort,
360 3921 377 3973 l.
394 3920 453 3988 cit.;
479 3922 511 3973 dc
524 3922 707 3990 Augustim's,
723 3939 747 3992 p.
765 3924 804 3988 ll,
818 3939 842 3975 a.
861 3936 888 3987 75
916 3923 1063 3988 Palmrori,
1083 3922 1121 3975 th.
1139 3935 1232 3988 25-32;
1259 3920 1343 3971 Bolia&

258 4008 324 4059 mr
348 4047 353 4057 .

292 4020 375 4142 ³lloc
389 4107 503 4154 nomen,
517 4092 614 4160 primis
628 4094 767 4147 Ecclesiae
780 4095 890 4147 saeculis
911 4095 1046 4162 ignotum,
1063 4095 1121 4164 jam
1136 4095 1292 4148 adhibitum
1305 4089 1343 4142 init

257 4177 293 4228 ab
306 4175 404 4226 Alano
423 4177 457 4226 ab
471 4177 577 4228 Insulis
596 4177 623 4244 (i
641 4179 728 4244 1203),
746 4181 821 4250 apud
843 4183 953 4250 origne,
966 4183 1020 4236 vol.
1038 4197 1098 4248 210,
1112 4183 1166 4235 col.
1183 4183 1243 4246 618,
1257 4191 1344 4249 postea

259 4271 354 4314 autem
368 4261 404 4312 ab
417 4262 547 4315 omnibus
561 4265 743 4319 scholasticis.
