2758 4652
322 171 378 220 DE
396 169 611 220 EXTREMA
630 162 855 222 chrrorrn.
1073 167 1138 222 579

30 350 99 411 illis
124 349 300 414 effectibus
324 352 366 413 sit
389 330 583 432 primarius;
608 351 709 431 juxta
733 351 873 426 Scotum,
890 351 1064 432 primarius
1086 360 1137 414 est

30 454 191 516 remissio
207 465 418 534 peccatorum
431 453 608 517 venialium
624 477 630 531 ;
651 454 750 534 juxta
762 454 1010 528 Bellarmr'num,
1024 456 1136 516 remis·

28 557 80 618 sio
102 577 172 620 non
191 556 298 619 solum
316 557 492 620 venialium
510 557 568 619 sed
591 557 691 619 etiam
709 557 898 620 mortalium
915 577 989 636 quae
1010 577 1069 637 per
1084 577 1136 619 ac-

29 660 153 721 cidens
165 680 231 721 non
245 659 376 723 suerunt
386 669 485 722 antea
494 660 643 736 remissa;
664 660 913 740 tandem,J‘1⁴xta
925 659 960 721 S.
972 659 1002 720 T
999 658 1136 734 hornam,

28 763 367 843 communioremque
383 763 591 838 sententiam,
608 763 783 843 primarius
800 759 936 824 effectus
958 771 1009 823 est
1030 750 1137 843 gratia

28 866 229 929 confortans
245 876 279 928 et
295 867 510 930 corroborans
526 867 673 929 animam
690 874 805 927 contra
823 875 990 946 torporem
1009 874 1043 928 et
1064 874 1134 928 ten·

28 971 183 1032 tationes
199 971 370 1052 speciatim
387 979 542 1052 urgentes
558 970 591 1031 in
608 969 746 1031 articulo
764 969 886 1030 mortis.

323 1134 351 1191 1.
377 1133 431 1190 De
454 1123 578 1202 gratia
601 1131 851 1189 confortante.

78 1273 129 1337 16.
184 1284 215 1332 10
231 1271 421 1334 Exr'stentiu.
466 1269 661 1330 Primarius
676 1269 804 1349 affalius
818 1269 879 1331 Ex.
903 1269 1069 1333 Unlliom's
1090 1281 1138 1333 est

23 1372 150 1452 gratia
178 1375 361 1454 confortans
389 1373 536 1434 animam
567 1381 677 1434 contro
706 1371 910 1452 dffcrrltates
941 1384 1136 1436 occurrentes

29 1473 67 1534 in
85 1475 225 1536 articulo
241 1477 363 1539 mortis.
410 1474 545 1539 Certum
570 1484 620 1537 est
643 1475 785 1554 gratiam
803 1474 1046 1538 confortantem
1063 1495 1135 1538 esse

29 1595 142 1635 unum
160 1594 203 1636 ex
220 1572 390 1637 effectibus
415 1576 479 1638 Ex.
498 1573 684 1652 Unctionis,
701 1587 734 1638 et
758 1577 961 1658 probabilius
985 1589 1034 1640 est
1059 1598 1133 1640 eam

30 1695 109 1736 esse
127 1677 317 1756 primarium
334 1676 499 1742 effectum.

79 1777 132 1856 (a)
154 1777 269 1859 Script.
316 1780 349 1844 S.
365 1781 509 1862 Jacobus
532 1782 722 1844 describens
745 1780 882 1846 effecius
906 1782 1002 1862 hujus
1025 1803 1133 1844 sacra-

32 1881 143 1941 menti
170 1881 276 1944 dicit:
311 1883 383 1945 “Et
411 1884 578 1946 alleviabit
605 1903 680 1954 eum
706 1885 917 1962 Dominus'';
952 1886 970 1948 i.
994 1907 1019 1948 e.
1044 1889 1133 1948 exci-

31 1982 133 2053 tabit,
158 1985 378 2062 coniortabit;
410 1985 502 2066 atqui
528 2006 585 2066 per
607 1985 662 2048 illa
683 1986 783 2048 verba
808 1987 1002 2068 designatur
1027 1989 1133 2068 gratia

32 2083 251 2164 confortans;
281 2108 367 2162 nam,
384 2089 565 2151 secundum
587 2087 720 2150 Estium
745 2088 792 2168 (in
808 2088 838 2151 h.
857 2089 938 2166 loc),
962 2095 978 2120 ‘⁴
990 2093 1029 2151 ea
1052 2109 1133 2153 voce

31 2186 244 2267 significatur
266 2192 416 2255 liberatio
439 2212 459 2253 a
482 2202 623 2274 torpore,
646 2211 796 2266 moerore,
816 2201 849 2254 et
872 2191 1052 2267 anxietate,
1067 2195 1133 2272 qua

30 2290 233 2373 plerumque
245 2297 360 2376 aegroti
378 2305 483 2358 morte
496 2296 603 2358 vicina
620 2303 807 2374 gravantur,
818 2289 863 2356 sic
880 2304 917 2356 ut
934 2303 1075 2357 mentem
1090 2294 1132 2357 ad

31 2393 152 2456 divina
168 2416 232 2458 non
250 2396 345 2459 facile
361 2408 485 2479 queant
501 2397 651 2460 attollere
662 2397 685 2458 ’'.

82 2495 134 2576 (b)
156 2497 279 2562 Tradit.
293 2523 305 2562 .·
328 2506 344 2532 “
356 2498 504 2563 Effectus
517 2519 594 2561 vero
610 2497 707 2578 hujus
723 2499 931 2574 sacramenti,
944 2500 991 2561 ait
1003 2499 1132 2562 Floren-

32 2599 155 2675 tinum,
177 2613 227 2666 est
251 2605 370 2666 mentis
394 2605 531 2677 sanatio
555 2612 588 2664 et
616 2602 647 2664 in
673 2610 833 2683 quantum
859 2604 1006 2685 expedit,
1030 2604 1134 2686 ipsius

32 2702 139 2764 etiam
156 2707 301 2786 corporis
312 2705 349 2782 '';
372 2705 464 2786 atqui
481 2707 601 2767 mentis
615 2705 744 2767 sanatio
761 2705 845 2767 effici
863 2707 980 2787 nequit
997 2708 1059 2768 nisi
1075 2727 1134 2789 per

32 2805 178 2884 gratiam
197 2809 352 2888 primario
368 2807 609 2871 confortantem
624 2829 630 2884 ;
654 2827 741 2888 ergo,

83 2911 129 2988 (c)
155 2909 231 2974 Καί.
264 2911 364 2976 Theol.
423 2909 570 2974 Effectus
602 2912 698 2992 hujus
729 2913 925 2974 sacramenti
958 2913 1132 2992 primarius
1221 2991 1224 2996 Ι

32 3011 143 3092 accipi
167 3014 266 3077 debet
289 3035 332 3076 ex
357 3014 423 3076 fine
445 3023 580 3095 propter
595 3034 694 3095 quem
718 3013 778 3076 suit
799 3014 1012 3092 institutum;
1040 3017 1132 3096 atqui

33 3113 103 3176 Ex.
120 3113 252 3193 unctio,
265 3118 365 3196 juxta
386 3117 538 3191 Trident,
555 3117 706 3179 instituta
724 3116 785 3179 fuit
802 3128 961 3198 tanquam
979 3119 1131 3200 spiritua-

32 3215 77 3276 lis
94 3218 260 3282 medicatio
275 3231 390 3284 contra
406 3221 612 3282 debilitatem
631 3220 751 3281 animae
776 3221 808 3281 in
832 3221 971 3283 articulo
996 3223 1131 3300 mortis;

31 3338 117 3399 ergo
133 3319 268 3384 effectus
285 3324 459 3404 primarius
475 3331 525 3384 est
545 3321 651 3402 gratia
668 3321 825 3384 roborans
843 3324 962 3385 animae
979 3322 1131 3386 debilita-

31 3432 114 3495 tem,
128 3441 193 3484 non
207 3435 318 3487 autern
336 3427 483 3488 remissio
500 3425 637 3506 peccati,
651 3445 691 3486 eo
708 3427 814 3506 magis
827 3428 903 3508 quia
920 3426 1008 3488 aliud
1026 3447 1130 3493 sacra-

32 3535 188 3586 mentum
205 3524 329 3590 directe
345 3537 459 3590 contra
477 3538 648 3608 peccatum
672 3527 858 3590 institutum
882 3527 962 3604 suit3
988 3527 1129 3620 medica-

30 3627 83 3687 tio
100 3636 212 3690 autem
229 3631 387 3709 supponit
403 3631 506 3691 vitam
524 3629 729 3710 spiritualem
751 3629 818 3710 jam
840 3631 1052 3703 existentem,
1070 3651 1129 3694 nec

29 3749 146 3811 perse
163 3731 252 3794 illam
269 3733 403 3797 confert.
449 3733 500 3814 (S.
519 3734 549 3796 Τ
547 3734 575 3796 le.
589 3754 618 3814 q.
635 3751 682 3814 30,
695 3753 722 3794 a.
740 3733 779 3813 Ι.)

79 3841 127 3909 17.
176 3847 211 3895 20
233 3835 367 3898 Natura
391 3835 488 3914 hujus
519 3838 633 3917 gratiae
660 3835 879 3898 confortantis
910 3835 1063 3898 consistit
1095 3837 1126 3898 in

29 3944 218 4015 augmento
243 3939 358 4018 gratiae
381 3936 630 4012 sanctificantis,
655 3957 712 4018 per
736 3935 872 3998 modum
900 3936 1128 4015 alleviationis,

28 4059 110 4100 cum
133 4038 206 4120 jure
229 4042 270 4101 ad
294 4042 417 4121 gratias
434 4039 579 4104 actuales
596 4041 767 4122 speciatim
785 4041 984 4102 necessarias
1002 4042 1033 4102 in
1051 4043 1127 4103 arti-

28 4142 109 4204 culo
126 4143 242 4205 mortis
252 4164 259 4218 ;
283 4145 445 4225 siquidem
463 4144 513 4224 (a)
525 4155 610 4224 spem
628 4144 775 4216 r¹ob0rat,·
800 4152 878 4206 tunc
892 4145 979 4205 enim
993 4144 1125 4205 daemon

27 4254 198 4326 aegrotum
215 4255 354 4308 conatur
370 4267 389 4308 a
406 4244 527 4309 fiducia
549 4246 670 4308 divinae
693 4247 923 4310 misericordiae
944 4247 1128 4322 deturbare,
