2758 4652
230 176 296 230 582
508 175 565 224 DE
585 173 796 223 EXTREMA
814 172 1042 225 UNCTIONE.

273 358 333 440 (A)
350 359 466 440 Script.
512 359 625 422 Verba
641 359 729 421 enim
748 357 783 420 S.
804 356 920 430 Jacobi
939 357 1073 420 “oratio
1090 357 1168 419 fidei
1192 358 1317 421 salvabit

232 463 432 538 infirmum'’,
448 474 583 545 propter
595 483 688 526 suam
706 462 968 544 generalitatem,
981 461 1122 544 intelligi
1137 477 1281 544 possunt,
1291 475 1318 529 et

232 569 274 630 de
290 565 379 631 fac’lo
392 567 620 648 intelliguntur
632 588 652 628 a
666 567 819 629 Patribus
832 585 898 628 non
912 566 1014 628 solum
1026 568 1069 629 de
1082 568 1190 631 salute
1203 569 1319 644 anima,

233 670 288 734 sed
306 672 407 734 etiam
424 671 467 732 de
483 672 624 734 sanitate
640 674 793 752 corppris.

280 773 346 862 (B)
371 776 466 840 Trad.
484 797 527 839 ex
544 775 681 838 Florent.
701 799 711 837 :
738 771 915 838 “Effectus
939 772 1036 853 hujus
1060 780 1257 840 sacramenti
1278 790 1320 842 est

236 883 355 945 mentis
379 883 523 954 sanati0,
546 889 579 942 et
604 881 635 941 in
660 889 821 960 quantum
845 878 997 960 expedit.
1020 879 1122 942 etiam
1151 884 1320 964 corporis''.

238 987 331 1049 Idem
350 985 448 1049 docet
466 986 496 1048 Τ
494 985 554 1046 rial
569 1009 580 1047 .·
603 986 799 1074 “sanitatem
813 985 961 1065 corporis
977 983 1154 1060 interdum,
1167 988 1222 1050 ubi
1234 989 1321 1051 saluti

237 1090 358 1152 animae
374 1089 569 1172 expedierit,
585 1088 799 1168 consequitur
809 1087 825 1112 ''
842 1087 874 1166 (l.
888 1108 913 1149 c.
927 1107 996 1167 cap.
1010 1088 1052 1168 2).

278 1206 329 1255 21.
377 1206 412 1256 20
427 1194 485 1274 (A)
504 1192 564 1255 llle
588 1202 699 1254 tamen
722 1189 858 1254 effectus
882 1202 932 1252 est
955 1193 1200 1266 conditionalis,
1216 1205 1251 1257 ut
1273 1217 1322 1257 ex·

238 1318 348 1380 presse
364 1299 501 1360 docetur
514 1298 546 1358 in
560 1296 710 1359 textibus
723 1294 840 1357 allatis
888 1295 932 1357 Et
949 1296 1068 1358 merito
1081 1321 1089 1376 ;
1113 1317 1190 1360 nam
1204 1300 1324 1379 sapiens

238 1423 379 1484 operans
396 1422 461 1464 non
479 1401 621 1463 intendit
643 1397 873 1460 secundarium
892 1395 1046 1460 effectum
1069 1401 1131 1461 nisi
1155 1404 1326 1466 secundum
1370 1437 1371 1452 .

240 1508 329 1590 quod
349 1505 487 1587 expedit
509 1505 550 1565 ad
574 1502 813 1584 principalem;
842 1501 934 1582 atqui
956 1501 1081 1563 sanitas
1103 1507 1254 1585 corporis
1270 1527 1328 1569 non

240 1621 291 1675 cst
307 1629 437 1691 semper
453 1608 542 1670 utilis
559 1607 657 1668 saluti
675 1607 807 1678 anime,
821 1607 878 1667 sed
903 1626 921 1667 e
944 1617 1059 1669 contra
1084 1609 1115 1669 in
1139 1611 1330 1689 quibusdam

241 1712 498 1778 circumstantiis
514 1710 653 1791 expedit
670 1719 707 1772 ut
722 1709 797 1789 quis
814 1708 970 1789 rapiatur,
987 1729 1028 1772 ne
1051 1711 1179 1773 malitia
1195 1714 1331 1796 decipiat

244 1821 330 1881 illius
347 1814 550 1880 intellectum
566 1837 573 1890 ;
596 1834 676 1896 ergo
691 1813 817 1875 sanitas
833 1813 978 1893 corporis
998 1813 1168 1878 confertur
1183 1817 1335 1879 conditio·

244 1933 322 1986 nate
334 1931 476 1994 tantum,
486 1940 529 1983 sc.
542 1920 568 1981 si
582 1919 703 1981 animae
716 1917 883 1998 expediat.
932 1915 980 1994 (S.
998 1915 1028 1978 T
1025 1916 1054 1978 h.
1067 1917 1147 1999 sup.
1160 1939 1189 2000 q.
1202 1937 1252 1999 30,
1262 1943 1289 1984 a.
1300 1921 1335 1994 as)

287 2027 348 2109 (B)
377 2028 515 2107 Insuper
542 2024 621 2086 illud
654 2029 897 2084 sacramentum
927 2038 992 2082 non
1024 2021 1134 2084 reddit
1166 2025 1336 2087 sanitatem

247 2132 347 2194 modo
372 2128 577 2201 miraculoso,
601 2127 658 2189 sed
683 2125 790 2186 solum
815 2142 932 2185 causas
956 2125 1122 2185 naturales
1147 2127 1339 2207 adjuvando,

157 2259 159 2264 ·
247 2255 285 2298 ac
301 2235 386 2296 vires
402 2231 518 2313 aegroti
536 2228 739 2303 sustinendo
757 2236 793 2289 ut
815 2226 932 2288 melius
954 2227 1106 2289 morbum
1124 2228 1257 2291 vincere
1272 2251 1340 2312 pos·

247 2342 297 2404 sit.
346 2339 400 2401 Ad
422 2337 484 2415 boc
501 2335 600 2416 igitur
616 2343 652 2396 ut
669 2331 744 2396 talis
761 2326 898 2392 effectus
920 2329 1130 2410 producatur,
1148 2352 1283 2395 necesse
1298 2345 1340 2396 est

248 2457 285 2508 ut
302 2446 365 2507 Ex.
384 2440 510 2508 Unctio
534 2449 683 2520 ternpore
706 2444 896 2517 opportuno
919 2434 1132 2511 ministretur,
1150 2455 1212 2498 nec
1229 2457 1340 2518 exspe-

250 2547 357 2610 bletur
373 2547 479 2608 donec
499 2545 609 2605 omnis
630 2561 705 2622 spes
725 2537 908 2602 sanationis
924 2539 1094 2600 evanuerit
1110 2563 1117 2618 ;
1142 2548 1177 2601 et
1194 2543 1279 2603 ratio
1295 2562 1342 2601 cur

250 2655 292 2714 de
310 2649 397 2713 laeto
410 2659 478 2712 tam
494 2647 589 2730 pauci
608 2653 766 2707 sanentur
778 2644 821 2705 ab
835 2641 891 2704 illo
904 2650 1112 2704 sacramento
1126 2653 1177 2706 est
1191 2645 1271 2725 quia
1284 2644 1340 2725 ple·

252 2759 342 2837 rique
370 2755 449 2817 illud
478 2751 640 2833 recipiunt
668 2747 881 2810 solummodo
907 2747 987 2808 dum
1016 2754 1094 2807 sunt
1122 2747 1155 2807 in
1183 2749 1340 2809 extremis.

254 2863 351 2941 Saepe
367 2860 466 2921 etiam
484 2856 594 2919 evenit
618 2863 655 2916 ut
679 2852 785 2915 morbi
810 2850 960 2914 levamen
985 2848 1120 2929 aliquod
1146 2869 1191 2912 ex
1216 2871 1340 2913 sacram.
1369 2815 1370 2936 l

254 2965 441 3046 receptione
464 2960 579 3041 aegroti
605 2958 762 3026 sentiant,
779 2965 814 3016 ut
840 2953 975 3016 medicis
999 2953 1127 3034 optime
1152 2965 1271 3016 notum
1295 2938 1370 3040 es.3tl

254 3069 354 3129 etiam
372 3064 541 3127 hereticis.

370 3205 455 3280 Art.
483 3200 555 3278 IV.
578 3199 641 3275 De
674 3196 857 3272 ministro
886 3193 959 3270 Ex.
989 3191 1206 3269 Unctionis
1224 3209 1243 3269 ¹.

300 3370 348 3421 22.
398 3354 449 3415 De
460 3351 610 3413 ministro
622 3342 873 3409 titulationis
884 3342 946 3404 tria
957 3361 1188 3425 exponemus:
1216 3343 1343 3425 10Quis-

259 3479 334 3522 nam
353 3459 394 3519 sit
409 3478 415 3533 ;
440 3469 475 3517 2⁰
489 3453 653 3534 Quaenam
671 3451 737 3510 sint
754 3447 825 3526 ejus
842 3445 951 3507 officia
966 3445 1076 3525 quoad
1095 3445 1344 3508 administratio-

260 3543 334 3624 lrem
360 3561 445 3622 illius
461 3553 683 3630 sacramenti;
713 3565 747 3630 3⁰
764 3552 928 3632 Quaenam
954 3548 1055 3610 relate
1072 3551 1113 3612 ad
1132 3551 1344 3613 visitationem

260 3666 483 3728 infirmorum?

248 3735 254 3750 “
637 3748 663 3804 1.
688 3747 876 3818 Quisnam
901 3736 983 3802 sn?

300 3897 349 3960 23.
411 3894 439 3939 10
479 3877 583 3936 Thesis.
642 3873 751 3938 Solus
785 3870 958 3936 sacerdos
994 3874 1051 3934 est
1087 3867 1255 3934 minister
1290 3865 1345 3930 Ex.

263 3977 463 4043 Unctionis.
512 3974 640 4054 Defide
654 3983 702 4034 est
716 3993 759 4033 ex
776 3971 926 4032 Trident.
945 3968 1029 4031 inira
1045 3970 1189 4031 citando

301 4143 308 4164 ¹
322 4139 353 4188 S.
369 4133 399 4189 T
394 4113 498 4200 lrombs,
510 4137 578 4203 Sup.
593 4151 619 4202 q.
635 4147 665 4200 31
681 4153 687 4196 ;
708 4134 825 4198 Saurea,
838 4132 909 4200 disp.
925 4133 1025 4185 XLlll
1039 4149 1046 4198 ;
1066 4129 1275 4196 Bellnrmr'nus‚
1288 4147 1309 4183 c.
1323 4143 1347 4191 u:

267 4225 388 4288 llrarn'n⁹
401 4239 426 4290 q.
444 4223 492 4288 1V,
506 4239 529 4274 c.
547 4237 561 4274 2
575 4239 581 4288 ;
601 4225 631 4273 S.
646 4220 753 4286 Becare,
767 4220 838 4290 disp.
850 4222 890 4273 Vl
905 4241 911 4285 ;
930 4221 963 4273 de
975 4221 1002 4273 Α
1007 4219 1159 4288 ugrrstr'm’n
1174 4235 1198 4270 a.
1213 4235 1249 4280 ,ις
1270 4215 1298 4271 S.
1310 4215 1348 4267 n:-

262 4312 397 4379 plrousus,
409 4309 427 4361 l.
442 4310 491 4374 Vl,
505 4325 531 4362 n.
549 4324 598 4377 7²²
614 4327 670 4378 sq.;
689 4310 801 4363 Lelrmk.
820 4327 846 4362 n.
867 4323 926 4378 575;
949 4309 980 4362 O'
991 4311 1082 4372 Kane,
1098 4324 1125 4360 n.
1142 4321 1195 4376 902
1210 4323 1252 4376 sq.
