<?xml version="1.0" encoding="UTF-8"?>
<!DOCTYPE html PUBLIC "-//W3C//DTD XHTML 1.0 Transitional//EN"
    "http://www.w3.org/TR/xhtml1/DTD/xhtml1-transitional.dtd">
<html xmlns="http://www.w3.org/1999/xhtml" xml:lang="en" lang="en">
 <head>
  <title>
</title>
<meta http-equiv="Content-Type" content="text/html;charset=utf-8" />
  <meta name='ocr-system' content='tesseract 3.04.00' />
  <meta name='ocr-capabilities' content='ocr_page ocr_carea ocr_par ocr_line ocrx_word'/>
</head>
<body>
  <div class='ocr_page' id='page_1' title='image "./synopsistheolog01tanqgoog_0413.png"; bbox 0 0 2752 4648; ppageno 0'>
   <div class='ocr_carea' id='block_1_1' title="bbox 240 175 884 227">
    <p class='ocr_par' dir='ltr' id='par_1_1' title="bbox 240 175 884 227">
     <span class='ocr_line' id='line_1_1' title="bbox 240 175 884 227; baseline -0.005 -1"><span class='ocrx_word' id='word_1_1' title='bbox 240 176 305 226; x_wconf 77' lang='lat'>3⁹⁸</span> <span class='ocrx_word' id='word_1_2' title='bbox 686 175 825 227; x_wconf 74' lang='lat' dir='ltr'>CAPUT</span> <span class='ocrx_word' id='word_1_3' title='bbox 843 176 884 224; x_wconf 88' lang='lat'>11.</span> 
     </span>
    </p>
   </div>
   <div class='ocr_carea' id='block_1_2' title="bbox 240 347 1323 773">
    <p class='ocr_par' dir='ltr' id='par_1_2' title="bbox 240 347 1323 513">
     <span class='ocr_line' id='line_1_2' title="bbox 240 347 1323 426; baseline -0.006 -16"><span class='ocrx_word' id='word_1_4' title='bbox 240 372 308 426; x_wconf 76' lang='lat' dir='ltr'>quae</span> <span class='ocrx_word' id='word_1_5' title='bbox 321 353 413 411; x_wconf 75' lang='lat' dir='ltr'>auditi</span> <span class='ocrx_word' id='word_1_6' title='bbox 426 355 504 412; x_wconf 69' lang='lat' dir='ltr'>nolle</span> <span class='ocrx_word' id='word_1_7' title='bbox 515 353 688 424; x_wconf 89' lang='lat' dir='ltr'>celebratur,</span> <span class='ocrx_word' id='word_1_8' title='bbox 697 353 752 412; x_wconf 92' lang='lat' dir='ltr'>nisi</span> <span class='ocrx_word' id='word_1_9' title='bbox 765 354 842 412; x_wconf 88' lang='lat' dir='ltr'>adsit</span> <span class='ocrx_word' id='word_1_10' title='bbox 855 352 990 426; x_wconf 89' lang='lat' dir='ltr'>specialis</span> <span class='ocrx_word' id='word_1_11' title='bbox 1005 351 1157 424; x_wconf 83' lang='lat' dir='ltr'>permissio</span> <span class='ocrx_word' id='word_1_12' title='bbox 1169 368 1186 408; x_wconf 91' lang='lat' dir='ltr'>a</span> <span class='ocrx_word' id='word_1_13' title='bbox 1198 349 1225 408; x_wconf 90' lang='lat' dir='ltr'>S.</span> <span class='ocrx_word' id='word_1_14' title='bbox 1239 347 1323 406; x_wconf 88' lang='lat' dir='ltr'>Ponti·</span> 
     </span>
     <span class='ocr_line' id='line_1_3' title="bbox 242 441 623 513; baseline 0.003 -15"><span class='ocrx_word' id='word_1_15' title='bbox 242 441 307 499; x_wconf 85' lang='lat' dir='ltr'>fiee.</span> <span class='ocrx_word' id='word_1_16' title='bbox 346 441 386 512; x_wconf 89' lang='lat' dir='ltr'>(S.</span> <span class='ocrx_word' id='word_1_17' title='bbox 403 442 438 500; x_wconf 93' lang='lat' dir='ltr'>C.</span> <span class='ocrx_word' id='word_1_18' title='bbox 454 441 518 498; x_wconf 80' lang='lat' dir='ltr'>Rr&#39;t.</span> <span class='ocrx_word' id='word_1_19' title='bbox 537 445 623 513; x_wconf 84' lang='lat'>1641).</span> 
     </span>
    </p>

    <p class='ocr_par' dir='ltr' id='par_1_3' title="bbox 242 523 1322 773">
     <span class='ocr_line' id='line_1_4' title="bbox 276 523 1320 600; baseline -0.001 -21"><span class='ocrx_word' id='word_1_20' title='bbox 276 528 326 598; x_wconf 89' lang='grc' dir='ltr'>(Β)</span> <span class='ocrx_word' id='word_1_21' title='bbox 339 527 449 600; x_wconf 85' lang='lat' dir='ltr'><strong>Quoad</strong></span> <span class='ocrx_word' id='word_1_22' title='bbox 468 527 567 585; x_wconf 80' lang='lat' dir='ltr'>ritum.</span> <span class='ocrx_word' id='word_1_23' title='bbox 606 527 739 600; x_wconf 83' lang='lat' dir='ltr'><strong>Quando</strong></span> <span class='ocrx_word' id='word_1_24' title='bbox 751 529 925 586; x_wconf 90' lang='lat' dir='ltr'>communio</span> <span class='ocrx_word' id='word_1_25' title='bbox 937 527 1024 587; x_wconf 91' lang='lat' dir='ltr'>datur</span> <span class='ocrx_word' id='word_1_26' title='bbox 1036 537 1116 587; x_wconf 88' lang='lat' dir='ltr'>extra</span> <span class='ocrx_word' id='word_1_27' title='bbox 1131 526 1257 590; x_wconf 84' lang='lat' dir='ltr'>Missam,</span> <span class='ocrx_word' id='word_1_28' title='bbox 1269 523 1320 580; x_wconf 84' lang='lat' dir='ltr'>baec</span> 
     </span>
     <span class='ocr_line' id='line_1_5' title="bbox 242 610 1319 684; baseline -0.004 -16"><span class='ocrx_word' id='word_1_29' title='bbox 242 611 392 684; x_wconf 84' lang='lat' dir='ltr'>praecipue</span> <span class='ocrx_word' id='word_1_30' title='bbox 405 621 574 670; x_wconf 86' lang='lat' dir='ltr'>serventur:</span> <span class='ocrx_word' id='word_1_31' title='bbox 593 613 634 682; x_wconf 80' lang='grc' dir='ltr'>(ι)</span> <span class='ocrx_word' id='word_1_32' title='bbox 647 612 715 670; x_wconf 85' lang='lat' dir='ltr'>duae</span> <span class='ocrx_word' id='word_1_33' title='bbox 732 613 865 671; x_wconf 79' lang='lat' dir='ltr'>candelae</span> <span class='ocrx_word' id='word_1_34' title='bbox 877 613 1079 671; x_wconf 85' lang='lat' dir='ltr'>accendantur</span> <span class='ocrx_word' id='word_1_35' title='bbox 1091 621 1142 669; x_wconf 90' lang='lat' dir='ltr'>aut</span> <span class='ocrx_word' id='word_1_36' title='bbox 1155 610 1252 668; x_wconf 89' lang='lat' dir='ltr'>saltem</span> <span class='ocrx_word' id='word_1_37' title='bbox 1265 623 1319 675; x_wconf 79' lang='lat' dir='ltr'>una</span> 
     </span>
     <span class='ocr_line' id='line_1_6' title="bbox 242 695 1322 773; baseline -0.005 -18"><span class='ocrx_word' id='word_1_38' title='bbox 242 699 265 756; x_wconf 90' lang='lat' dir='ltr'>si</span> <span class='ocrx_word' id='word_1_39' title='bbox 278 699 369 756; x_wconf 88' lang='lat' dir='ltr'>altera</span> <span class='ocrx_word' id='word_1_40' title='bbox 383 699 507 757; x_wconf 90' lang='lat' dir='ltr'>inveniri</span> <span class='ocrx_word' id='word_1_41' title='bbox 521 709 650 771; x_wconf 85' lang='lat' dir='ltr'><strong>nequeat</strong></span> <span class='ocrx_word' id='word_1_42' title='bbox 658 719 666 770; x_wconf 66' lang='grc' dir='ltr'><em>ς</em></span> <span class='ocrx_word' id='word_1_43' title='bbox 685 701 725 769; x_wconf 94' lang='grc' dir='ltr'>(Β)</span> <span class='ocrx_word' id='word_1_44' title='bbox 740 699 882 767; x_wconf 84' lang='lat' dir='ltr'>minister,</span> <span class='ocrx_word' id='word_1_45' title='bbox 897 711 949 758; x_wconf 92' lang='lat' dir='ltr'>aut</span> <span class='ocrx_word' id='word_1_46' title='bbox 963 701 1054 773; x_wconf 88' lang='lat' dir='ltr'>ipsius</span> <span class='ocrx_word' id='word_1_47' title='bbox 1068 699 1196 766; x_wconf 74' lang='lat' dir='ltr'>deiectu,</span> <span class='ocrx_word' id='word_1_48' title='bbox 1207 695 1322 756; x_wconf 85' lang='lat' dir='ltr'>sacerdos</span> 
     </span>
    </p>
   </div>
   <div class='ocr_carea' id='block_1_3' title="bbox 244 784 1330 2238">
    <p class='ocr_par' dir='ltr' id='par_1_4' title="bbox 244 784 1326 1207">
     <span class='ocr_line' id='line_1_7' title="bbox 245 784 1324 859; baseline -0.003 -18"><span class='ocrx_word' id='word_1_49' title='bbox 245 786 308 858; x_wconf 90' lang='lat' dir='ltr'>ipse</span> <span class='ocrx_word' id='word_1_50' title='bbox 321 784 423 843; x_wconf 82' lang='lat' dir='ltr'>recitet</span> <span class='ocrx_word' id='word_1_51' title='bbox 439 785 604 856; x_wconf 80' lang='lat' dir='ltr'>Confiteor,·</span> <span class='ocrx_word' id='word_1_52' title='bbox 621 787 658 856; x_wconf 87' lang='lat' dir='ltr'>(c)</span> <span class='ocrx_word' id='word_1_53' title='bbox 672 786 820 855; x_wconf 91' lang='lat' dir='ltr'>sacerdos,</span> <span class='ocrx_word' id='word_1_54' title='bbox 828 787 909 859; x_wconf 88' lang='lat' dir='ltr'>prius</span> <span class='ocrx_word' id='word_1_55' title='bbox 922 787 990 845; x_wconf 89' lang='lat' dir='ltr'>lotis</span> <span class='ocrx_word' id='word_1_56' title='bbox 1003 787 1150 855; x_wconf 87' lang='lat' dir='ltr'>manibus,</span> <span class='ocrx_word' id='word_1_57' title='bbox 1166 784 1278 843; x_wconf 88' lang='lat' dir='ltr'>indutus</span> <span class='ocrx_word' id='word_1_58' title='bbox 1288 799 1324 838; x_wconf 89' lang='lat' dir='ltr'>su·</span> 
     </span>
     <span class='ocr_line' id='line_1_8' title="bbox 244 866 1324 944; baseline -0.008 -14"><span class='ocrx_word' id='word_1_59' title='bbox 244 871 421 944; x_wconf 90' lang='lat' dir='ltr'>perpelliceo</span> <span class='ocrx_word' id='word_1_60' title='bbox 434 881 464 930; x_wconf 89' lang='lat' dir='ltr'>et</span> <span class='ocrx_word' id='word_1_61' title='bbox 477 873 553 930; x_wconf 78' lang='lat' dir='ltr'>stola</span> <span class='ocrx_word' id='word_1_62' title='bbox 570 872 678 931; x_wconf 90' lang='lat' dir='ltr'>coloris</span> <span class='ocrx_word' id='word_1_63' title='bbox 696 873 755 931; x_wconf 89' lang='lat' dir='ltr'>diei</span> <span class='ocrx_word' id='word_1_64' title='bbox 775 883 934 930; x_wconf 88' lang='lat' dir='ltr'>consuetas</span> <span class='ocrx_word' id='word_1_65' title='bbox 948 887 1050 944; x_wconf 83' lang='lat' dir='ltr'>preces</span> <span class='ocrx_word' id='word_1_66' title='bbox 1062 870 1174 934; x_wconf 89' lang='lat' dir='ltr'>recitet,</span> <span class='ocrx_word' id='word_1_67' title='bbox 1188 879 1217 927; x_wconf 90' lang='lat' dir='ltr'>et</span> <span class='ocrx_word' id='word_1_68' title='bbox 1230 866 1324 925; x_wconf 86' lang='lat' dir='ltr'>Eucha-</span> 
     </span>
     <span class='ocr_line' id='line_1_9' title="bbox 245 952 1325 1032; baseline -0.007 -16"><span class='ocrx_word' id='word_1_69' title='bbox 245 959 355 1018; x_wconf 90' lang='lat' dir='ltr'>ristiam</span> <span class='ocrx_word' id='word_1_70' title='bbox 376 959 539 1032; x_wconf 88' lang='lat' dir='ltr'>ministret;</span> <span class='ocrx_word' id='word_1_71' title='bbox 557 961 599 1032; x_wconf 84' lang='lat' dir='ltr'>(d)</span> <span class='ocrx_word' id='word_1_72' title='bbox 617 961 656 1018; x_wconf 91' lang='lat' dir='ltr'>ad</span> <span class='ocrx_word' id='word_1_73' title='bbox 674 960 764 1019; x_wconf 89' lang='lat' dir='ltr'>altare</span> <span class='ocrx_word' id='word_1_74' title='bbox 784 975 924 1028; x_wconf 84' lang='lat' dir='ltr'>reversus,</span> <span class='ocrx_word' id='word_1_75' title='bbox 940 957 1028 1023; x_wconf 88' lang='lat' dir='ltr'>dicat,</span> <span class='ocrx_word' id='word_1_76' title='bbox 1053 958 1070 986; x_wconf 92' lang='grc'>“</span> <span class='ocrx_word' id='word_1_77' title='bbox 1082 956 1110 1014; x_wconf 93' lang='lat'><em>0</em></span> <span class='ocrx_word' id='word_1_78' title='bbox 1126 974 1236 1013; x_wconf 81' lang='lat' dir='ltr'>sacrum</span> <span class='ocrx_word' id='word_1_79' title='bbox 1252 952 1325 1011; x_wconf 80' lang='lat' dir='ltr'>couri·</span> 
     </span>
     <span class='ocr_line' id='line_1_10' title="bbox 244 1042 1326 1117; baseline -0.009 -11"><span class='ocrx_word' id='word_1_80' title='bbox 244 1049 324 1106; x_wconf 81' lang='lat' dir='ltr'>nium</span> <span class='ocrx_word' id='word_1_81' title='bbox 336 1048 352 1072; x_wconf 92' lang='lat'>&#39;&#39;</span> <span class='ocrx_word' id='word_1_82' title='bbox 371 1066 439 1106; x_wconf 93' lang='lat' dir='ltr'>cum</span> <span class='ocrx_word' id='word_1_83' title='bbox 459 1049 604 1106; x_wconf 84' lang='lat' dir='ltr'>versiculo</span> <span class='ocrx_word' id='word_1_84' title='bbox 623 1059 652 1108; x_wconf 90' lang='lat' dir='ltr'>et</span> <span class='ocrx_word' id='word_1_85' title='bbox 670 1049 824 1114; x_wconf 83' lang='lat' dir='ltr'>oratione3</span> <span class='ocrx_word' id='word_1_86' title='bbox 852 1048 892 1117; x_wconf 86' lang='lat' dir='ltr'>(e)</span> <span class='ocrx_word' id='word_1_87' title='bbox 910 1046 1039 1115; x_wconf 88' lang='lat' dir='ltr'>tandem,</span> <span class='ocrx_word' id='word_1_88' title='bbox 1062 1043 1170 1103; x_wconf 92' lang='lat' dir='ltr'>ablutis</span> <span class='ocrx_word' id='word_1_89' title='bbox 1189 1042 1288 1115; x_wconf 82' lang='lat' dir='ltr'>digitis,</span> <span class='ocrx_word' id='word_1_90' title='bbox 1304 1051 1326 1096; x_wconf 87' lang='lat' dir='ltr'>et</span> 
     </span>
     <span class='ocr_line' id='line_1_11' title="bbox 245 1134 839 1207; baseline -0.002 -15"><span class='ocrx_word' id='word_1_91' title='bbox 245 1134 360 1194; x_wconf 90' lang='lat' dir='ltr'>ciborio</span> <span class='ocrx_word' id='word_1_92' title='bbox 372 1135 511 1207; x_wconf 90' lang='lat' dir='ltr'>reposit0,</span> <span class='ocrx_word' id='word_1_93' title='bbox 524 1136 574 1194; x_wconf 92' lang='lat' dir='ltr'>det</span> <span class='ocrx_word' id='word_1_94' title='bbox 588 1135 839 1195; x_wconf 72' lang='lat' dir='ltr'>benedidiionem.</span> 
     </span>
    </p>

    <p class='ocr_par' dir='ltr' id='par_1_5' title="bbox 279 1221 1326 1296">
     <span class='ocr_line' id='line_1_12' title="bbox 279 1221 1326 1296; baseline -0.009 -14"><span class='ocrx_word' id='word_1_95' title='bbox 279 1225 328 1294; x_wconf 88' lang='lat' dir='ltr'>(c)</span> <span class='ocrx_word' id='word_1_96' title='bbox 341 1223 452 1296; x_wconf 89' lang='lat' dir='ltr'>Quoad</span> <span class='ocrx_word' id='word_1_97' title='bbox 464 1223 592 1295; x_wconf 72' lang='lat' dir='ltr'>defilius.</span> <span class='ocrx_word' id='word_1_98' title='bbox 630 1225 669 1293; x_wconf 77' lang='lat' dir='ltr'>(a)</span> <span class='ocrx_word' id='word_1_99' title='bbox 686 1221 902 1282; x_wconf 86' lang='lat' dir='ltr'>Deficientibus</span> <span class='ocrx_word' id='word_1_100' title='bbox 915 1223 1027 1292; x_wconf 88' lang='lat' dir='ltr'>hostiis,</span> <span class='ocrx_word' id='word_1_101' title='bbox 1037 1221 1130 1280; x_wconf 89' lang='lat' dir='ltr'>dividi</span> <span class='ocrx_word' id='word_1_102' title='bbox 1145 1229 1264 1294; x_wconf 90' lang='lat' dir='ltr'>possunt</span> <span class='ocrx_word' id='word_1_103' title='bbox 1276 1235 1326 1290; x_wconf 90' lang='lat' dir='ltr'>par·</span> 
     </span>
    </p>

    <p class='ocr_par' dir='ltr' id='par_1_6' title="bbox 245 1305 1330 2238">
     <span class='ocr_line' id='line_1_13' title="bbox 245 1305 1327 1383; baseline -0.006 -16"><span class='ocrx_word' id='word_1_104' title='bbox 245 1311 342 1369; x_wconf 82' lang='lat' dir='ltr'>ticulae</span> <span class='ocrx_word' id='word_1_105' title='bbox 358 1329 448 1369; x_wconf 72' lang='lat' dir='ltr'>sacrae</span> <span class='ocrx_word' id='word_1_106' title='bbox 461 1311 491 1367; x_wconf 93' lang='lat' dir='ltr'>in</span> <span class='ocrx_word' id='word_1_107' title='bbox 505 1311 580 1369; x_wconf 89' lang='lat' dir='ltr'>duas</span> <span class='ocrx_word' id='word_1_108' title='bbox 598 1312 643 1369; x_wconf 85' lang='lat' dir='ltr'>vel</span> <span class='ocrx_word' id='word_1_109' title='bbox 663 1323 721 1370; x_wconf 88' lang='lat' dir='ltr'>tres</span> <span class='ocrx_word' id='word_1_110' title='bbox 740 1321 847 1383; x_wconf 89' lang='lat' dir='ltr'>partes,</span> <span class='ocrx_word' id='word_1_111' title='bbox 863 1310 955 1368; x_wconf 90' lang='lat' dir='ltr'>modo</span> <span class='ocrx_word' id='word_1_112' title='bbox 972 1309 1050 1367; x_wconf 89' lang='lat' dir='ltr'>adsit</span> <span class='ocrx_word' id='word_1_113' title='bbox 1065 1309 1143 1380; x_wconf 86' lang='lat' dir='ltr'>justa</span> <span class='ocrx_word' id='word_1_114' title='bbox 1162 1325 1263 1376; x_wconf 90' lang='lat' dir='ltr'>eausa;</span> <span class='ocrx_word' id='word_1_115' title='bbox 1279 1305 1327 1361; x_wconf 91' lang='lat' dir='ltr'>imo</span> 
     </span>
     <span class='ocr_line' id='line_1_14' title="bbox 246 1392 1327 1470; baseline -0.006 -16"><span class='ocrx_word' id='word_1_116' title='bbox 246 1407 346 1469; x_wconf 89' lang='lat' dir='ltr'>posset</span> <span class='ocrx_word' id='word_1_117' title='bbox 360 1397 473 1454; x_wconf 89' lang='lat' dir='ltr'>detrahi</span> <span class='ocrx_word' id='word_1_118' title='bbox 487 1414 553 1468; x_wconf 91' lang='lat' dir='ltr'>pars</span> <span class='ocrx_word' id='word_1_119' title='bbox 566 1397 685 1469; x_wconf 86' lang='lat' dir='ltr'>majoris</span> <span class='ocrx_word' id='word_1_120' title='bbox 697 1397 802 1456; x_wconf 80' lang='lat' dir='ltr'>hostiae</span> <span class='ocrx_word' id='word_1_121' title='bbox 816 1415 870 1470; x_wconf 90' lang='lat' dir='ltr'>pro</span> <span class='ocrx_word' id='word_1_122' title='bbox 881 1397 990 1455; x_wconf 88' lang='lat' dir='ltr'>viatico</span> <span class='ocrx_word' id='word_1_123' title='bbox 1002 1395 1176 1461; x_wconf 77' lang='lat' dir='ltr'>deserendo,</span> <span class='ocrx_word' id='word_1_124' title='bbox 1191 1404 1240 1453; x_wconf 89' lang='lat' dir='ltr'>aut</span> <span class='ocrx_word' id='word_1_125' title='bbox 1255 1392 1327 1451; x_wconf 88' lang='lat' dir='ltr'>etiam</span> 
     </span>
     <span class='ocr_line' id='line_1_15' title="bbox 245 1480 1327 1556; baseline -0.005 -17"><span class='ocrx_word' id='word_1_126' title='bbox 245 1483 283 1540; x_wconf 91' lang='lat' dir='ltr'>ad</span> <span class='ocrx_word' id='word_1_127' title='bbox 302 1483 587 1542; x_wconf 87' lang='lat' dir='ltr'>communicandum</span> <span class='ocrx_word' id='word_1_128' title='bbox 608 1483 737 1551; x_wconf 90' lang='lat' dir='ltr'>fidelem,</span> <span class='ocrx_word' id='word_1_129' title='bbox 749 1484 811 1556; x_wconf 88' lang='lat' dir='ltr'>qui,</span> <span class='ocrx_word' id='word_1_130' title='bbox 826 1501 912 1542; x_wconf 88' lang='lat' dir='ltr'>secus</span> <span class='ocrx_word' id='word_1_131' title='bbox 928 1483 990 1551; x_wconf 87' lang='lat' dir='ltr'>diu,</span> <span class='ocrx_word' id='word_1_132' title='bbox 1002 1492 1053 1540; x_wconf 89' lang='lat' dir='ltr'>aut</span> <span class='ocrx_word' id='word_1_133' title='bbox 1073 1499 1134 1540; x_wconf 94' lang='lat' dir='ltr'>non</span> <span class='ocrx_word' id='word_1_134' title='bbox 1153 1482 1216 1540; x_wconf 90' lang='lat' dir='ltr'>sine</span> <span class='ocrx_word' id='word_1_135' title='bbox 1232 1480 1327 1536; x_wconf 89' lang='lat' dir='ltr'>incarn·</span> 
     </span>
     <span class='ocr_line' id='line_1_16' title="bbox 246 1565 1329 1640; baseline -0.005 -16"><span class='ocrx_word' id='word_1_136' title='bbox 246 1569 348 1634; x_wconf 90' lang='lat' dir='ltr'>modo,</span> <span class='ocrx_word' id='word_1_137' title='bbox 361 1570 530 1640; x_wconf 74' lang='lat' dir='ltr'>exspectare</span> <span class='ocrx_word' id='word_1_138' title='bbox 543 1569 675 1628; x_wconf 89' lang='lat' dir='ltr'>deberet.</span> <span class='ocrx_word' id='word_1_139' title='bbox 715 1570 785 1628; x_wconf 95' lang='lat' dir='ltr'>Non</span> <span class='ocrx_word' id='word_1_140' title='bbox 799 1571 866 1629; x_wconf 90' lang='lat' dir='ltr'>licet</span> <span class='ocrx_word' id='word_1_141' title='bbox 880 1580 979 1629; x_wconf 90' lang='lat' dir='ltr'>autem</span> <span class='ocrx_word' id='word_1_142' title='bbox 993 1568 1162 1628; x_wconf 89' lang='lat' dir='ltr'>devotionis</span> <span class='ocrx_word' id='word_1_143' title='bbox 1174 1567 1267 1632; x_wconf 74' lang='lat' dir='ltr'>causi,</span> <span class='ocrx_word' id='word_1_144' title='bbox 1278 1565 1329 1638; x_wconf 89' lang='lat' dir='ltr'>plu·</span> 
     </span>
     <span class='ocr_line' id='line_1_17' title="bbox 247 1655 1045 1728; baseline 0.003 -17"><span class='ocrx_word' id='word_1_145' title='bbox 247 1673 293 1712; x_wconf 89' lang='lat' dir='ltr'>res</span> <span class='ocrx_word' id='word_1_146' title='bbox 308 1655 473 1727; x_wconf 90' lang='lat' dir='ltr'>particulas,</span> <span class='ocrx_word' id='word_1_147' title='bbox 491 1656 536 1713; x_wconf 91' lang='lat' dir='ltr'>vel</span> <span class='ocrx_word' id='word_1_148' title='bbox 550 1657 704 1728; x_wconf 80' lang='lat' dir='ltr'>maiorem,</span> <span class='ocrx_word' id='word_1_149' title='bbox 720 1656 790 1715; x_wconf 90' lang='lat' dir='ltr'>dare</span> <span class='ocrx_word' id='word_1_150' title='bbox 802 1656 1045 1715; x_wconf 89' lang='lat' dir='ltr'>communicanti.</span> 
     </span>
     <span class='ocr_line' id='line_1_18' title="bbox 246 1741 1327 1816; baseline -0.001 -21"><span class='ocrx_word' id='word_1_151' title='bbox 246 1744 287 1812; x_wconf 94' lang='grc' dir='ltr'>(Β)</span> <span class='ocrx_word' id='word_1_152' title='bbox 307 1741 337 1799; x_wconf 91' lang='lat' dir='ltr'>Si</span> <span class='ocrx_word' id='word_1_153' title='bbox 359 1742 455 1800; x_wconf 89' lang='lat' dir='ltr'>hostia</span> <span class='ocrx_word' id='word_1_154' title='bbox 477 1743 556 1801; x_wconf 91' lang='lat' dir='ltr'>cadit</span> <span class='ocrx_word' id='word_1_155' title='bbox 579 1745 607 1800; x_wconf 93' lang='lat' dir='ltr'>in</span> <span class='ocrx_word' id='word_1_156' title='bbox 629 1761 779 1816; x_wconf 81' lang='lat' dir='ltr'>mappam,</span> <span class='ocrx_word' id='word_1_157' title='bbox 803 1745 935 1816; x_wconf 83' lang='lat' dir='ltr'>signetur</span> <span class='ocrx_word' id='word_1_158' title='bbox 956 1745 1047 1814; x_wconf 91' lang='lat' dir='ltr'>locus,</span> <span class='ocrx_word' id='word_1_159' title='bbox 1070 1743 1182 1802; x_wconf 86' lang='lat' dir='ltr'>deinde</span> <span class='ocrx_word' id='word_1_160' title='bbox 1203 1743 1327 1806; x_wconf 86' lang='lat' dir='ltr'>abluatur,</span> 
     </span>
     <span class='ocr_line' id='line_1_19' title="bbox 247 1823 1330 1902; baseline -0.004 -16"><span class='ocrx_word' id='word_1_161' title='bbox 247 1841 277 1886; x_wconf 89' lang='lat' dir='ltr'>et</span> <span class='ocrx_word' id='word_1_162' title='bbox 293 1846 372 1900; x_wconf 88' lang='lat' dir='ltr'>aqua</span> <span class='ocrx_word' id='word_1_163' title='bbox 385 1829 414 1886; x_wconf 94' lang='lat' dir='ltr'>in</span> <span class='ocrx_word' id='word_1_164' title='bbox 428 1823 574 1902; x_wconf 84' lang='lat' dir='ltr'>piscinam</span> <span class='ocrx_word' id='word_1_165' title='bbox 587 1831 776 1902; x_wconf 73' lang='lat' dir='ltr'>projiciatur,</span> <span class='ocrx_word' id='word_1_166' title='bbox 795 1833 819 1888; x_wconf 89' lang='lat' dir='ltr'>si</span> <span class='ocrx_word' id='word_1_167' title='bbox 831 1843 931 1889; x_wconf 89' lang='lat' dir='ltr'>aurem</span> <span class='ocrx_word' id='word_1_168' title='bbox 951 1831 981 1889; x_wconf 92' lang='lat' dir='ltr'>in</span> <span class='ocrx_word' id='word_1_169' title='bbox 1001 1841 1118 1902; x_wconf 89' lang='lat' dir='ltr'>terram,</span> <span class='ocrx_word' id='word_1_170' title='bbox 1135 1830 1218 1888; x_wconf 86' lang='lat' dir='ltr'>locus</span> <span class='ocrx_word' id='word_1_171' title='bbox 1234 1839 1330 1900; x_wconf 85' lang='lat' dir='ltr'>tegatur</span> 
     </span>
     <span class='ocr_line' id='line_1_20' title="bbox 247 1915 1328 1989; baseline -0.006 -15"><span class='ocrx_word' id='word_1_172' title='bbox 247 1928 276 1974; x_wconf 89' lang='lat' dir='ltr'>et</span> <span class='ocrx_word' id='word_1_173' title='bbox 300 1928 402 1989; x_wconf 90' lang='lat' dir='ltr'>postea</span> <span class='ocrx_word' id='word_1_174' title='bbox 422 1916 580 1976; x_wconf 87' lang='lat' dir='ltr'>abradatur</span> <span class='ocrx_word' id='word_1_175' title='bbox 599 1929 629 1976; x_wconf 90' lang='lat' dir='ltr'>et</span> <span class='ocrx_word' id='word_1_176' title='bbox 648 1917 803 1986; x_wconf 84' lang='lat' dir='ltr'>abluatur3</span> <span class='ocrx_word' id='word_1_177' title='bbox 825 1921 849 1976; x_wconf 91' lang='lat' dir='ltr'>si</span> <span class='ocrx_word' id='word_1_178' title='bbox 872 1919 901 1977; x_wconf 95' lang='lat' dir='ltr'>in</span> <span class='ocrx_word' id='word_1_179' title='bbox 923 1919 1021 1977; x_wconf 90' lang='lat' dir='ltr'>sinum</span> <span class='ocrx_word' id='word_1_180' title='bbox 1042 1917 1180 1987; x_wconf 90' lang='lat' dir='ltr'>mulieris,</span> <span class='ocrx_word' id='word_1_181' title='bbox 1202 1928 1250 1975; x_wconf 91' lang='lat' dir='ltr'>aut</span> <span class='ocrx_word' id='word_1_182' title='bbox 1271 1915 1328 1971; x_wconf 85' lang='lat' dir='ltr'>inm</span> 
     </span>
     <span class='ocr_line' id='line_1_21' title="bbox 248 2000 1328 2079; baseline -0.006 -16"><span class='ocrx_word' id='word_1_183' title='bbox 248 2017 352 2075; x_wconf 86' lang='lat' dir='ltr'>vestes,</span> <span class='ocrx_word' id='word_1_184' title='bbox 375 2005 438 2079; x_wconf 90' lang='lat' dir='ltr'>ipsa</span> <span class='ocrx_word' id='word_1_185' title='bbox 458 2007 563 2064; x_wconf 90' lang='lat' dir='ltr'>mulier</span> <span class='ocrx_word' id='word_1_186' title='bbox 582 2007 708 2064; x_wconf 89' lang='lat' dir='ltr'>hostiam</span> <span class='ocrx_word' id='word_1_187' title='bbox 729 2006 879 2064; x_wconf 85' lang='lat' dir='ltr'>extrahere</span> <span class='ocrx_word' id='word_1_188' title='bbox 898 2005 989 2065; x_wconf 89' lang='lat' dir='ltr'>debet</span> <span class='ocrx_word' id='word_1_189' title='bbox 1007 2015 1037 2064; x_wconf 90' lang='lat' dir='ltr'>et</span> <span class='ocrx_word' id='word_1_190' title='bbox 1055 2023 1200 2078; x_wconf 88' lang='lat' dir='ltr'>reponere</span> <span class='ocrx_word' id='word_1_191' title='bbox 1218 2004 1245 2060; x_wconf 91' lang='lat' dir='ltr'>in</span> <span class='ocrx_word' id='word_1_192' title='bbox 1265 2000 1328 2058; x_wconf 85' lang='lat' dir='ltr'>cibo·</span> 
     </span>
     <span class='ocr_line' id='line_1_22' title="bbox 249 2087 1330 2166; baseline -0.003 -17"><span class='ocrx_word' id='word_1_193' title='bbox 249 2093 311 2164; x_wconf 90' lang='lat' dir='ltr'>ri0;</span> <span class='ocrx_word' id='word_1_194' title='bbox 331 2093 414 2166; x_wconf 83' lang='lat' dir='ltr'>digiti</span> <span class='ocrx_word' id='word_1_195' title='bbox 428 2111 498 2152; x_wconf 84' lang='lat' dir='ltr'>vero</span> <span class='ocrx_word' id='word_1_196' title='bbox 518 2093 594 2151; x_wconf 89' lang='lat' dir='ltr'>iliius</span> <span class='ocrx_word' id='word_1_197' title='bbox 614 2102 716 2166; x_wconf 90' lang='lat' dir='ltr'>postea</span> <span class='ocrx_word' id='word_1_198' title='bbox 733 2093 900 2163; x_wconf 87' lang='lat' dir='ltr'>abluantur,</span> <span class='ocrx_word' id='word_1_199' title='bbox 913 2103 942 2152; x_wconf 89' lang='lat' dir='ltr'>et</span> <span class='ocrx_word' id='word_1_200' title='bbox 955 2111 1033 2164; x_wconf 84' lang='lat' dir='ltr'>aqua</span> <span class='ocrx_word' id='word_1_201' title='bbox 1047 2093 1076 2151; x_wconf 91' lang='lat' dir='ltr'>in</span> <span class='ocrx_word' id='word_1_202' title='bbox 1089 2093 1246 2150; x_wconf 86' lang='lat' dir='ltr'>sacrarium</span> <span class='ocrx_word' id='word_1_203' title='bbox 1259 2087 1330 2163; x_wconf 84' lang='lat' dir='ltr'>proji-</span> 
     </span>
     <span class='ocr_line' id='line_1_23' title="bbox 250 2191 353 2238; baseline 0.01 -3"><span class='ocrx_word' id='word_1_204' title='bbox 250 2191 353 2238; x_wconf 86' lang='lat' dir='ltr'>cratur.</span> 
     </span>
    </p>
   </div>
   <div class='ocr_carea' id='block_1_4' title="bbox 250 2284 1371 4194">
    <p class='ocr_par' dir='ltr' id='par_1_7' title="bbox 250 2284 1334 2958">
     <span class='ocr_line' id='line_1_24' title="bbox 286 2284 1331 2362; baseline -0.009 -16"><span class='ocrx_word' id='word_1_205' title='bbox 286 2309 340 2358; x_wconf 79' lang='lat'><strong>¹¹9·</strong></span> <span class='ocrx_word' id='word_1_206' title='bbox 380 2309 409 2347; x_wconf 66' lang='grc' dir='ltr'>κο</span> <span class='ocrx_word' id='word_1_207' title='bbox 423 2289 530 2362; x_wconf 83' lang='lat' dir='ltr'>Quoad</span> <span class='ocrx_word' id='word_1_208' title='bbox 538 2289 673 2346; x_wconf 77' lang='lat' dir='ltr'>urhtinmr</span> <span class='ocrx_word' id='word_1_209' title='bbox 684 2312 695 2345; x_wconf 86' lang='lat'>.·</span> <span class='ocrx_word' id='word_1_210' title='bbox 714 2292 754 2360; x_wconf 75' lang='lat' dir='ltr'>(a)</span> <span class='ocrx_word' id='word_1_211' title='bbox 768 2289 918 2347; x_wconf 90' lang='lat' dir='ltr'>Viaticum</span> <span class='ocrx_word' id='word_1_212' title='bbox 936 2305 1054 2346; x_wconf 91' lang='lat' dir='ltr'>summo</span> <span class='ocrx_word' id='word_1_213' title='bbox 1067 2285 1168 2345; x_wconf 89' lang='lat' dir='ltr'>studio</span> <span class='ocrx_word' id='word_1_214' title='bbox 1180 2304 1214 2344; x_wconf 92' lang='lat' dir='ltr'>ac</span> <span class='ocrx_word' id='word_1_215' title='bbox 1226 2284 1331 2354; x_wconf 89' lang='lat' dir='ltr'>diligen·</span> 
     </span>
     <span class='ocr_line' id='line_1_25' title="bbox 250 2375 1332 2451; baseline -0.008 -17"><span class='ocrx_word' id='word_1_216' title='bbox 250 2379 290 2434; x_wconf 75' lang='lat' dir='ltr'>tia</span> <span class='ocrx_word' id='word_1_217' title='bbox 311 2378 521 2450; x_wconf 86' lang='lat' dir='ltr'>aegrotantibus</span> <span class='ocrx_word' id='word_1_218' title='bbox 540 2389 712 2451; x_wconf 90' lang='lat' dir='ltr'>opportuno</span> <span class='ocrx_word' id='word_1_219' title='bbox 734 2389 868 2450; x_wconf 89' lang='lat' dir='ltr'>tempore</span> <span class='ocrx_word' id='word_1_220' title='bbox 890 2375 1110 2450; x_wconf 90' lang='lat' dir='ltr'>procurandum</span> <span class='ocrx_word' id='word_1_221' title='bbox 1134 2384 1187 2444; x_wconf 90' lang='lat' dir='ltr'>est,</span> <span class='ocrx_word' id='word_1_222' title='bbox 1209 2391 1244 2431; x_wconf 89' lang='lat' dir='ltr'>ne</span> <span class='ocrx_word' id='word_1_223' title='bbox 1265 2383 1332 2428; x_wconf 85' lang='lat' dir='ltr'>tanto</span> 
     </span>
     <span class='ocr_line' id='line_1_26' title="bbox 251 2461 1332 2538; baseline -0.009 -15"><span class='ocrx_word' id='word_1_224' title='bbox 251 2465 340 2536; x_wconf 86' lang='lat' dir='ltr'>bono,</span> <span class='ocrx_word' id='word_1_225' title='bbox 358 2465 477 2538; x_wconf 83' lang='lat' dir='ltr'>parochi</span> <span class='ocrx_word' id='word_1_226' title='bbox 492 2465 612 2534; x_wconf 66' lang='lat' dir='ltr'>incurii,</span> <span class='ocrx_word' id='word_1_227' title='bbox 627 2465 776 2536; x_wconf 90' lang='lat' dir='ltr'>priventur</span> <span class='ocrx_word' id='word_1_228' title='bbox 785 2475 801 2522; x_wconf 86' lang='lat'>¹.</span> <span class='ocrx_word' id='word_1_229' title='bbox 840 2463 991 2521; x_wconf 90' lang='lat' dir='ltr'>Viaticum</span> <span class='ocrx_word' id='word_1_230' title='bbox 1006 2461 1163 2520; x_wconf 88' lang='lat' dir='ltr'>ministrari</span> <span class='ocrx_word' id='word_1_231' title='bbox 1180 2470 1272 2534; x_wconf 88' lang='lat' dir='ltr'>potest</span> <span class='ocrx_word' id='word_1_232' title='bbox 1288 2467 1332 2514; x_wconf 85' lang='lat' dir='ltr'>sta·</span> 
     </span>
     <span class='ocr_line' id='line_1_27' title="bbox 251 2549 1332 2624; baseline -0.009 -14"><span class='ocrx_word' id='word_1_233' title='bbox 251 2553 303 2610; x_wconf 93' lang='lat' dir='ltr'>tim</span> <span class='ocrx_word' id='word_1_234' title='bbox 318 2570 352 2610; x_wconf 91' lang='lat' dir='ltr'>ac</span> <span class='ocrx_word' id='word_1_235' title='bbox 365 2553 449 2612; x_wconf 89' lang='lat' dir='ltr'>adest</span> <span class='ocrx_word' id='word_1_236' title='bbox 464 2551 619 2624; x_wconf 91' lang='lat' dir='ltr'>probabile</span> <span class='ocrx_word' id='word_1_237' title='bbox 632 2551 796 2624; x_wconf 90' lang='lat' dir='ltr'>periculum</span> <span class='ocrx_word' id='word_1_238' title='bbox 810 2552 921 2609; x_wconf 90' lang='lat' dir='ltr'>mortis.</span> <span class='ocrx_word' id='word_1_239' title='bbox 960 2549 1105 2624; x_wconf 82' lang='lat' dir='ltr'>Quamvis</span> <span class='ocrx_word' id='word_1_240' title='bbox 1125 2549 1268 2623; x_wconf 89' lang='lat' dir='ltr'>parochus</span> <span class='ocrx_word' id='word_1_241' title='bbox 1284 2560 1332 2603; x_wconf 90' lang='lat' dir='ltr'>non</span> 
     </span>
     <span class='ocr_line' id='line_1_28' title="bbox 251 2633 1334 2712; baseline -0.006 -15"><span class='ocrx_word' id='word_1_242' title='bbox 251 2650 394 2710; x_wconf 89' lang='lat' dir='ltr'>teneatur,</span> <span class='ocrx_word' id='word_1_243' title='bbox 417 2641 516 2699; x_wconf 69' lang='lat' dir='ltr'>stricte</span> <span class='ocrx_word' id='word_1_244' title='bbox 535 2640 698 2712; x_wconf 86' lang='lat' dir='ltr'>loquendo,</span> <span class='ocrx_word' id='word_1_245' title='bbox 720 2640 884 2698; x_wconf 90' lang='lat' dir='ltr'>ministrare</span> <span class='ocrx_word' id='word_1_246' title='bbox 901 2640 1040 2697; x_wconf 86' lang='lat' dir='ltr'>viaticum</span> <span class='ocrx_word' id='word_1_247' title='bbox 1061 2655 1116 2711; x_wconf 88' lang='lat' dir='ltr'>pro</span> <span class='ocrx_word' id='word_1_248' title='bbox 1138 2637 1261 2710; x_wconf 75' lang='lat' dir='ltr'>proprie</span> <span class='ocrx_word' id='word_1_249' title='bbox 1281 2633 1334 2690; x_wconf 77' lang='lat' dir='ltr'>vitre</span> 
     </span>
     <span class='ocr_line' id='line_1_29' title="bbox 252 2719 1334 2798; baseline -0.006 -15"><span class='ocrx_word' id='word_1_250' title='bbox 252 2726 392 2798; x_wconf 90' lang='lat' dir='ltr'>periculo,</span> <span class='ocrx_word' id='word_1_251' title='bbox 404 2726 473 2798; x_wconf 86' lang='lat' dir='ltr'>quia</span> <span class='ocrx_word' id='word_1_252' title='bbox 487 2745 547 2785; x_wconf 92' lang='lat' dir='ltr'>non</span> <span class='ocrx_word' id='word_1_253' title='bbox 561 2735 606 2785; x_wconf 90' lang='lat' dir='ltr'>est</span> <span class='ocrx_word' id='word_1_254' title='bbox 617 2737 833 2784; x_wconf 90' lang='lat' dir='ltr'>sacramentum</span> <span class='ocrx_word' id='word_1_255' title='bbox 849 2726 1055 2795; x_wconf 91' lang='lat' dir='ltr'>necessarium,</span> <span class='ocrx_word' id='word_1_256' title='bbox 1066 2725 1191 2784; x_wconf 92' lang='lat' dir='ltr'>omnino</span> <span class='ocrx_word' id='word_1_257' title='bbox 1204 2719 1334 2782; x_wconf 78' lang='lat' dir='ltr'>laudanda</span> 
     </span>
     <span class='ocr_line' id='line_1_30' title="bbox 251 2805 1333 2885; baseline -0.008 -16"><span class='ocrx_word' id='word_1_258' title='bbox 251 2822 296 2870; x_wconf 88' lang='lat' dir='ltr'>cst</span> <span class='ocrx_word' id='word_1_259' title='bbox 316 2813 411 2884; x_wconf 87' lang='lat' dir='ltr'>praxis</span> <span class='ocrx_word' id='word_1_260' title='bbox 434 2813 550 2870; x_wconf 88' lang='lat' dir='ltr'>illorum</span> <span class='ocrx_word' id='word_1_261' title='bbox 572 2813 633 2883; x_wconf 84' lang='lat' dir='ltr'>qui,</span> <span class='ocrx_word' id='word_1_262' title='bbox 654 2824 788 2885; x_wconf 89' lang='lat' dir='ltr'>tempore</span> <span class='ocrx_word' id='word_1_263' title='bbox 809 2813 909 2884; x_wconf 87' lang='lat' dir='ltr'>pestis,</span> <span class='ocrx_word' id='word_1_264' title='bbox 930 2812 1020 2870; x_wconf 86' lang='lat' dir='ltr'>vitam</span> <span class='ocrx_word' id='word_1_265' title='bbox 1039 2829 1122 2870; x_wconf 88' lang='lat' dir='ltr'>suam</span> <span class='ocrx_word' id='word_1_266' title='bbox 1142 2821 1288 2884; x_wconf 85' lang='lat' dir='ltr'>exponunt</span> <span class='ocrx_word' id='word_1_267' title='bbox 1303 2805 1333 2863; x_wconf 84' lang='lat' dir='ltr'>ad</span> 
     </span>
     <span class='ocr_line' id='line_1_31' title="bbox 251 2900 641 2958; baseline 0 -1"><span class='ocrx_word' id='word_1_268' title='bbox 251 2900 390 2957; x_wconf 87' lang='lat' dir='ltr'>viaticum</span> <span class='ocrx_word' id='word_1_269' title='bbox 405 2900 641 2958; x_wconf 85' lang='lat' dir='ltr'>ministrandum.</span> 
     </span>
    </p>

    <p class='ocr_par' dir='ltr' id='par_1_8' title="bbox 253 2986 1371 4104">
     <span class='ocr_line' id='line_1_32' title="bbox 268 2986 1334 3059; baseline -0.006 -18"><span class='ocrx_word' id='word_1_270' title='bbox 268 3024 271 3030; x_wconf 83' lang='lat'>-</span> <span class='ocrx_word' id='word_1_271' title='bbox 288 2989 329 3059; x_wconf 97' lang='grc' dir='ltr'>(Β)</span> <span class='ocrx_word' id='word_1_272' title='bbox 344 2987 379 3043; x_wconf 92' lang='lat' dir='ltr'>In</span> <span class='ocrx_word' id='word_1_273' title='bbox 395 2988 449 3044; x_wconf 76' lang='lat' dir='ltr'>haic</span> <span class='ocrx_word' id='word_1_274' title='bbox 462 2988 593 3058; x_wconf 89' lang='lat' dir='ltr'>regione,</span> <span class='ocrx_word' id='word_1_275' title='bbox 609 2997 729 3059; x_wconf 89' lang='lat' dir='ltr'>propter</span> <span class='ocrx_word' id='word_1_276' title='bbox 748 2987 902 3046; x_wconf 86' lang='lat' dir='ltr'>haereticos</span> <span class='ocrx_word' id='word_1_277' title='bbox 916 2996 945 3045; x_wconf 88' lang='lat' dir='ltr'>et</span> <span class='ocrx_word' id='word_1_278' title='bbox 959 2986 1102 3058; x_wconf 85' lang='lat' dir='ltr'>infideles,</span> <span class='ocrx_word' id='word_1_279' title='bbox 1116 3005 1192 3059; x_wconf 89' lang='lat' dir='ltr'>quos</span> <span class='ocrx_word' id='word_1_280' title='bbox 1206 2987 1276 3044; x_wconf 89' lang='lat' dir='ltr'>inter</span> <span class='ocrx_word' id='word_1_281' title='bbox 1286 2997 1334 3038; x_wconf 81' lang='lat' dir='ltr'>rer·</span> 
     </span>
     <span class='ocr_line' id='line_1_33' title="bbox 253 3071 1332 3145; baseline -0.008 -15"><span class='ocrx_word' id='word_1_282' title='bbox 253 3093 362 3139; x_wconf 86' lang='lat' dir='ltr'>samur,</span> <span class='ocrx_word' id='word_1_283' title='bbox 387 3073 455 3132; x_wconf 81' lang='lat' dir='ltr'>licet</span> <span class='ocrx_word' id='word_1_284' title='bbox 481 3075 530 3132; x_wconf 87' lang='lat' dir='ltr'>SS.</span> <span class='ocrx_word' id='word_1_285' title='bbox 553 3074 776 3132; x_wconf 89' lang='lat' dir='ltr'>Sacramentum</span> <span class='ocrx_word' id='word_1_286' title='bbox 802 3075 916 3133; x_wconf 81' lang='lat' dir='ltr'>deferre</span> <span class='ocrx_word' id='word_1_287' title='bbox 940 3074 1064 3145; x_wconf 85' lang='lat' dir='ltr'>occulte,</span> <span class='ocrx_word' id='word_1_288' title='bbox 1088 3084 1118 3133; x_wconf 90' lang='lat' dir='ltr'>et</span> <span class='ocrx_word' id='word_1_289' title='bbox 1142 3074 1206 3132; x_wconf 91' lang='lat' dir='ltr'>sine</span> <span class='ocrx_word' id='word_1_290' title='bbox 1229 3071 1332 3130; x_wconf 86' lang='lat' dir='ltr'>lumine.</span> 
     </span>
     <span class='ocr_line' id='line_1_34' title="bbox 255 3161 1334 3232; baseline -0.006 -14"><span class='ocrx_word' id='word_1_291' title='bbox 255 3165 272 3192; x_wconf 78' lang='lat'>‘⁶</span> <span class='ocrx_word' id='word_1_292' title='bbox 281 3161 426 3219; x_wconf 87' lang='lat' dir='ltr'>Studeant</span> <span class='ocrx_word' id='word_1_293' title='bbox 439 3173 539 3219; x_wconf 89' lang='lat' dir='ltr'>tamen</span> <span class='ocrx_word' id='word_1_294' title='bbox 552 3162 721 3220; x_wconf 88' lang='lat' dir='ltr'>sacerdotes</span> <span class='ocrx_word' id='word_1_295' title='bbox 732 3173 762 3220; x_wconf 91' lang='lat' dir='ltr'>ut</span> <span class='ocrx_word' id='word_1_296' title='bbox 773 3162 887 3220; x_wconf 71' lang='lat' dir='ltr'>interna</span> <span class='ocrx_word' id='word_1_297' title='bbox 896 3161 986 3219; x_wconf 89' lang='lat' dir='ltr'>animi</span> <span class='ocrx_word' id='word_1_298' title='bbox 997 3161 1157 3220; x_wconf 88' lang='lat' dir='ltr'>devotione</span> <span class='ocrx_word' id='word_1_299' title='bbox 1170 3162 1254 3232; x_wconf 85' lang='lat' dir='ltr'>hujus</span> <span class='ocrx_word' id='word_1_300' title='bbox 1265 3173 1334 3231; x_wconf 91' lang='lat' dir='ltr'>pom·</span> 
     </span>
     <span class='ocr_line' id='line_1_35' title="bbox 256 3245 1371 3322; baseline -0.007 -17"><span class='ocrx_word' id='word_1_301' title='bbox 256 3267 302 3320; x_wconf 75' lang='lat' dir='ltr'>pre</span> <span class='ocrx_word' id='word_1_302' title='bbox 317 3248 466 3307; x_wconf 75' lang='lat' dir='ltr'>aerenum</span> <span class='ocrx_word' id='word_1_303' title='bbox 485 3250 643 3321; x_wconf 88' lang='lat' dir='ltr'>suppleant</span> <span class='ocrx_word' id='word_1_304' title='bbox 661 3267 695 3307; x_wconf 88' lang='lat' dir='ltr'>ac</span> <span class='ocrx_word' id='word_1_305' title='bbox 715 3249 839 3322; x_wconf 89' lang='lat' dir='ltr'>proinde</span> <span class='ocrx_word' id='word_1_306' title='bbox 857 3250 984 3307; x_wconf 82' lang='lat' dir='ltr'>vitentur</span> <span class='ocrx_word' id='word_1_307' title='bbox 996 3267 1072 3306; x_wconf 89' lang='lat' dir='ltr'>vana</span> <span class='ocrx_word' id='word_1_308' title='bbox 1086 3259 1115 3306; x_wconf 91' lang='lat' dir='ltr'>et</span> <span class='ocrx_word' id='word_1_309' title='bbox 1134 3248 1245 3306; x_wconf 90' lang='lat' dir='ltr'>inutilia</span> <span class='ocrx_word' id='word_1_310' title='bbox 1260 3245 1332 3302; x_wconf 89' lang='lat' dir='ltr'>collo·</span> <span class='ocrx_word' id='word_1_311' title='bbox 1370 3295 1371 3308; x_wconf 65' lang='lat'>,</span> 
     </span>
     <span class='ocr_line' id='line_1_36' title="bbox 255 3329 1332 3409; baseline -0.007 -15"><span class='ocrx_word' id='word_1_312' title='bbox 255 3336 333 3408; x_wconf 79' lang='lat' dir='ltr'>quia,</span> <span class='ocrx_word' id='word_1_313' title='bbox 344 3337 399 3408; x_wconf 86' lang='lat' dir='ltr'>piae</span> <span class='ocrx_word' id='word_1_314' title='bbox 410 3337 508 3408; x_wconf 90' lang='lat' dir='ltr'>potius</span> <span class='ocrx_word' id='word_1_315' title='bbox 517 3337 762 3408; x_wconf 88' lang='lat' dir='ltr'>contemplationi</span> <span class='ocrx_word' id='word_1_316' title='bbox 772 3337 817 3394; x_wconf 91' lang='lat' dir='ltr'>vel</span> <span class='ocrx_word' id='word_1_317' title='bbox 829 3335 965 3409; x_wconf 90' lang='lat' dir='ltr'>precibus</span> <span class='ocrx_word' id='word_1_318' title='bbox 975 3336 1047 3394; x_wconf 92' lang='lat' dir='ltr'>dent</span> <span class='ocrx_word' id='word_1_319' title='bbox 1057 3353 1179 3408; x_wconf 89' lang='lat' dir='ltr'>operam</span> <span class='ocrx_word' id='word_1_320' title='bbox 1186 3337 1200 3365; x_wconf 88' lang='lat'>’&#39;</span> <span class='ocrx_word' id='word_1_321' title='bbox 1209 3335 1254 3405; x_wconf 90' lang='lat' dir='ltr'>(C.</span> <span class='ocrx_word' id='word_1_322' title='bbox 1264 3329 1332 3388; x_wconf 81' lang='lat' dir='ltr'>Bait.</span> 
     </span>
     <span class='ocr_line' id='line_1_37' title="bbox 255 3417 1334 3496; baseline -0.007 -16"><span class='ocrx_word' id='word_1_323' title='bbox 255 3424 298 3494; x_wconf 87' lang='grc' dir='ltr'>ΙΙ,</span> <span class='ocrx_word' id='word_1_324' title='bbox 315 3427 377 3496; x_wconf 71' lang='lat'><strong>²⁶4)</strong></span> <span class='ocrx_word' id='word_1_325' title='bbox 390 3444 396 3495; x_wconf 91' lang='grc'>;</span> <span class='ocrx_word' id='word_1_326' title='bbox 416 3424 536 3495; x_wconf 87' lang='lat' dir='ltr'>insuper</span> <span class='ocrx_word' id='word_1_327' title='bbox 555 3423 650 3481; x_wconf 87' lang='lat' dir='ltr'>hostia</span> <span class='ocrx_word' id='word_1_328' title='bbox 668 3442 750 3481; x_wconf 88' lang='lat' dir='ltr'>sacra</span> <span class='ocrx_word' id='word_1_329' title='bbox 763 3441 852 3495; x_wconf 90' lang='lat' dir='ltr'>super</span> <span class='ocrx_word' id='word_1_330' title='bbox 865 3424 969 3495; x_wconf 77' lang='lat' dir='ltr'>pectus</span> <span class='ocrx_word' id='word_1_331' title='bbox 982 3422 1150 3494; x_wconf 80' lang='lat' dir='ltr'>deseratur3</span> <span class='ocrx_word' id='word_1_332' title='bbox 1169 3422 1284 3480; x_wconf 85' lang='lat' dir='ltr'>tandem</span> <span class='ocrx_word' id='word_1_333' title='bbox 1295 3417 1334 3474; x_wconf 85' lang='lat' dir='ltr'>de·</span> 
     </span>
     <span class='ocr_line' id='line_1_38' title="bbox 254 3599 1335 3674; baseline -0.004 -18"><span class='ocrx_word' id='word_1_334' title='bbox 254 3603 417 3657; x_wconf 86' lang='lat' dir='ltr'>munionem</span> <span class='ocrx_word' id='word_1_335' title='bbox 439 3613 514 3670; x_wconf 87' lang='lat' dir='ltr'>ante,</span> <span class='ocrx_word' id='word_1_336' title='bbox 538 3604 611 3656; x_wconf 85' lang='lat' dir='ltr'>intra</span> <span class='ocrx_word' id='word_1_337' title='bbox 629 3613 679 3657; x_wconf 86' lang='lat' dir='ltr'>aut</span> <span class='ocrx_word' id='word_1_338' title='bbox 702 3614 765 3672; x_wconf 86' lang='lat' dir='ltr'>post</span> <span class='ocrx_word' id='word_1_339' title='bbox 785 3603 910 3670; x_wconf 85' lang='lat' dir='ltr'>missam,</span> <span class='ocrx_word' id='word_1_340' title='bbox 931 3604 1098 3659; x_wconf 85' lang='lat' dir='ltr'>distribuere</span> <span class='ocrx_word' id='word_1_341' title='bbox 1118 3613 1220 3674; x_wconf 89' lang='lat' dir='ltr'>posset.</span> <span class='ocrx_word' id='word_1_342' title='bbox 1258 3599 1335 3654; x_wconf 84' lang='lat' dir='ltr'>Hodie</span> 
     </span>
     <span class='ocr_line' id='line_1_39' title="bbox 254 3690 1371 3766; baseline -0.004 -24"><span class='ocrx_word' id='word_1_343' title='bbox 254 3707 330 3752; x_wconf 84' lang='lat' dir='ltr'>vero,</span> <span class='ocrx_word' id='word_1_344' title='bbox 345 3707 379 3744; x_wconf 85' lang='lat' dir='ltr'>ex</span> <span class='ocrx_word' id='word_1_345' title='bbox 392 3691 505 3744; x_wconf 87' lang='lat' dir='ltr'>decreto</span> <span class='ocrx_word' id='word_1_346' title='bbox 519 3691 548 3744; x_wconf 88' lang='lat' dir='ltr'>S.</span> <span class='ocrx_word' id='word_1_347' title='bbox 566 3691 595 3745; x_wconf 86' lang='lat' dir='ltr'>C.</span> <span class='ocrx_word' id='word_1_348' title='bbox 609 3692 642 3744; x_wconf 87' lang='lat' dir='ltr'>R.</span> <span class='ocrx_word' id='word_1_349' title='bbox 658 3704 690 3755; x_wconf 88' lang='lat'>²7</span> <span class='ocrx_word' id='word_1_350' title='bbox 703 3690 778 3759; x_wconf 90' lang='lat' dir='ltr'>Junii</span> <span class='ocrx_word' id='word_1_351' title='bbox 796 3691 871 3756; x_wconf 88' lang='lat'>1868,</span> <span class='ocrx_word' id='word_1_352' title='bbox 884 3703 960 3746; x_wconf 89' lang='lat' dir='ltr'>certo</span> <span class='ocrx_word' id='word_1_353' title='bbox 978 3691 1043 3746; x_wconf 90' lang='lat' dir='ltr'>licet</span> <span class='ocrx_word' id='word_1_354' title='bbox 1062 3692 1121 3744; x_wconf 86' lang='lat' dir='ltr'>sive</span> <span class='ocrx_word' id='word_1_355' title='bbox 1140 3691 1211 3745; x_wconf 85' lang='lat' dir='ltr'>infra</span> <span class='ocrx_word' id='word_1_356' title='bbox 1228 3691 1334 3743; x_wconf 84' lang='lat' dir='ltr'>missam.</span> <span class='ocrx_word' id='word_1_357' title='bbox 1370 3731 1371 3766; x_wconf 59' lang='lat'>,</span> 
     </span>
     <span class='ocr_line' id='line_1_40' title="bbox 255 3775 1333 3844; baseline -0.005 -17"><span class='ocrx_word' id='word_1_358' title='bbox 255 3775 314 3828; x_wconf 86' lang='lat' dir='ltr'>sire</span> <span class='ocrx_word' id='word_1_359' title='bbox 335 3775 496 3829; x_wconf 88' lang='lat' dir='ltr'>immediate</span> <span class='ocrx_word' id='word_1_360' title='bbox 520 3786 592 3844; x_wconf 88' lang='lat' dir='ltr'>post,</span> <span class='ocrx_word' id='word_1_361' title='bbox 612 3776 677 3840; x_wconf 89' lang='lat' dir='ltr'>imo,</span> <span class='ocrx_word' id='word_1_362' title='bbox 699 3775 767 3830; x_wconf 81' lang='lat' dir='ltr'>daut</span> <span class='ocrx_word' id='word_1_363' title='bbox 786 3776 944 3830; x_wconf 88' lang='lat' dir='ltr'>rationabili</span> <span class='ocrx_word' id='word_1_364' title='bbox 965 3777 1059 3843; x_wconf 72' lang='lat' dir='ltr'>causa,</span> <span class='ocrx_word' id='word_1_365' title='bbox 1080 3776 1242 3830; x_wconf 88' lang='lat' dir='ltr'>immediate</span> <span class='ocrx_word' id='word_1_366' title='bbox 1261 3781 1333 3826; x_wconf 88' lang='lat' dir='ltr'>ante:</span> 
     </span>
     <span class='ocr_line' id='line_1_41' title="bbox 255 3861 1371 3930; baseline -0.006 -16"><span class='ocrx_word' id='word_1_367' title='bbox 255 3861 411 3916; x_wconf 89' lang='lat' dir='ltr'>omittenda</span> <span class='ocrx_word' id='word_1_368' title='bbox 424 3871 466 3915; x_wconf 90' lang='lat' dir='ltr'>est</span> <span class='ocrx_word' id='word_1_369' title='bbox 479 3873 573 3916; x_wconf 88' lang='lat' dir='ltr'>tamen</span> <span class='ocrx_word' id='word_1_370' title='bbox 588 3861 755 3916; x_wconf 69' lang='lat' dir='ltr'>benediilio.</span> <span class='ocrx_word' id='word_1_371' title='bbox 772 3893 806 3901; x_wconf 93' lang='lat'><strong>—</strong></span> <span class='ocrx_word' id='word_1_372' title='bbox 819 3862 945 3918; x_wconf 88' lang='lat' dir='ltr'>Vetitum</span> <span class='ocrx_word' id='word_1_373' title='bbox 958 3875 1000 3918; x_wconf 85' lang='lat' dir='ltr'>est</span> <span class='ocrx_word' id='word_1_374' title='bbox 1013 3874 1108 3918; x_wconf 88' lang='lat' dir='ltr'>autem</span> <span class='ocrx_word' id='word_1_375' title='bbox 1127 3861 1333 3917; x_wconf 87' lang='lat' dir='ltr'>communionem</span> <span class='ocrx_word' id='word_1_376' title='bbox 1370 3895 1371 3930; x_wconf 69' lang='lat'>,</span> 
     </span>
     <span class='ocr_line' id='line_1_42' title="bbox 255 3947 1371 4020; baseline 0 -20"><span class='ocrx_word' id='word_1_377' title='bbox 255 3949 332 4010; x_wconf 90' lang='lat' dir='ltr'>dare,</span> <span class='ocrx_word' id='word_1_378' title='bbox 346 3947 405 4001; x_wconf 86' lang='lat' dir='ltr'>sive</span> <span class='ocrx_word' id='word_1_379' title='bbox 418 3949 491 4002; x_wconf 87' lang='lat' dir='ltr'>intra</span> <span class='ocrx_word' id='word_1_380' title='bbox 505 3950 563 4004; x_wconf 90' lang='lat' dir='ltr'>sive</span> <span class='ocrx_word' id='word_1_381' title='bbox 576 3961 654 4003; x_wconf 84' lang='lat' dir='ltr'>extra</span> <span class='ocrx_word' id='word_1_382' title='bbox 667 3951 792 4015; x_wconf 87' lang='lat' dir='ltr'>missam,</span> <span class='ocrx_word' id='word_1_383' title='bbox 805 3951 833 4003; x_wconf 90' lang='lat' dir='ltr'>in</span> <span class='ocrx_word' id='word_1_384' title='bbox 847 3950 927 4003; x_wconf 86' lang='lat' dir='ltr'>altari</span> <span class='ocrx_word' id='word_1_385' title='bbox 947 3951 994 4003; x_wconf 89' lang='lat' dir='ltr'>ubi</span> <span class='ocrx_word' id='word_1_386' title='bbox 1014 3951 1065 4005; x_wconf 92' lang='lat' dir='ltr'>SS.</span> <span class='ocrx_word' id='word_1_387' title='bbox 1082 3952 1287 4005; x_wconf 89' lang='lat' dir='ltr'>Sacramentum</span> <span class='ocrx_word' id='word_1_388' title='bbox 1297 3960 1332 3996; x_wconf 79' lang='lat' dir='ltr'>ei·</span> <span class='ocrx_word' id='word_1_389' title='bbox 1370 3949 1371 4020; x_wconf 91' lang='grc'><strong>)</strong></span> 
     </span>
     <span class='ocr_line' id='line_1_43' title="bbox 256 4035 1095 4104; baseline 0.006 -19"><span class='ocrx_word' id='word_1_390' title='bbox 256 4035 376 4101; x_wconf 82' lang='lat' dir='ltr'>ponitur,</span> <span class='ocrx_word' id='word_1_391' title='bbox 390 4035 442 4087; x_wconf 88' lang='lat' dir='ltr'>nisi</span> <span class='ocrx_word' id='word_1_392' title='bbox 457 4038 630 4091; x_wconf 85' lang='lat' dir='ltr'>consuetudo</span> <span class='ocrx_word' id='word_1_393' title='bbox 644 4037 671 4091; x_wconf 91' lang='lat' dir='ltr'>id</span> <span class='ocrx_word' id='word_1_394' title='bbox 685 4039 763 4104; x_wconf 86' lang='lat' dir='ltr'>ierat,</span> <span class='ocrx_word' id='word_1_395' title='bbox 777 4037 926 4093; x_wconf 84' lang='lat' dir='ltr'>deficiente</span> <span class='ocrx_word' id='word_1_396' title='bbox 939 4039 994 4092; x_wconf 89' lang='lat' dir='ltr'>alio</span> <span class='ocrx_word' id='word_1_397' title='bbox 1007 4038 1095 4092; x_wconf 90' lang='lat' dir='ltr'>altari.</span> 
     </span>
    </p>

    <p class='ocr_par' dir='ltr' id='par_1_9' title="bbox 293 4113 1330 4194">
     <span class='ocr_line' id='line_1_44' title="bbox 293 4113 1330 4194; baseline 0.002 -22"><span class='ocrx_word' id='word_1_398' title='bbox 293 4147 300 4169; x_wconf 79' lang='grc' dir='ltr'><strong>ι</strong></span> <span class='ocrx_word' id='word_1_399' title='bbox 316 4121 507 4175; x_wconf 88' lang='lat' dir='ltr'>“Gravissimi</span> <span class='ocrx_word' id='word_1_400' title='bbox 527 4141 595 4177; x_wconf 86' lang='lat' dir='ltr'>sane</span> <span class='ocrx_word' id='word_1_401' title='bbox 614 4126 721 4193; x_wconf 87' lang='lat' dir='ltr'>peccati</span> <span class='ocrx_word' id='word_1_402' title='bbox 741 4143 804 4180; x_wconf 88' lang='lat' dir='ltr'>reus</span> <span class='ocrx_word' id='word_1_403' title='bbox 823 4137 898 4180; x_wconf 90' lang='lat' dir='ltr'>esset</span> <span class='ocrx_word' id='word_1_404' title='bbox 917 4126 1075 4180; x_wconf 88' lang='lat' dir='ltr'>animarum</span> <span class='ocrx_word' id='word_1_405' title='bbox 1094 4135 1197 4194; x_wconf 88' lang='lat' dir='ltr'>pastor,</span> <span class='ocrx_word' id='word_1_406' title='bbox 1218 4121 1288 4190; x_wconf 84' lang='lat' dir='ltr'>cujus</span> <span class='ocrx_word' id='word_1_407' title='bbox 1303 4113 1330 4168; x_wconf 79' lang='lat' dir='ltr'>ob</span> 
     </span>
    </p>
   </div>
   <div class='ocr_carea' id='block_1_5' title="bbox 257 4206 1371 4361">
    <p class='ocr_par' dir='ltr' id='par_1_10' title="bbox 257 4206 1371 4361">
     <span class='ocr_line' id='line_1_45' title="bbox 257 4206 1371 4292; baseline 0.004 -35"><span class='ocrx_word' id='word_1_408' title='bbox 257 4206 434 4258; x_wconf 87' lang='lat' dir='ltr'>oscitantiam</span> <span class='ocrx_word' id='word_1_409' title='bbox 449 4209 491 4261; x_wconf 82' lang='lat' dir='ltr'>vel</span> <span class='ocrx_word' id='word_1_410' title='bbox 505 4225 559 4262; x_wconf 88' lang='lat' dir='ltr'>una</span> <span class='ocrx_word' id='word_1_411' title='bbox 572 4209 667 4263; x_wconf 87' lang='lat' dir='ltr'>anima</span> <span class='ocrx_word' id='word_1_412' title='bbox 685 4228 719 4265; x_wconf 88' lang='lat' dir='ltr'>ex</span> <span class='ocrx_word' id='word_1_413' title='bbox 737 4212 790 4264; x_wconf 73' lang='lat' dir='ltr'>haic</span> <span class='ocrx_word' id='word_1_414' title='bbox 807 4211 865 4265; x_wconf 79' lang='lat' dir='ltr'>vich</span> <span class='ocrx_word' id='word_1_415' title='bbox 881 4213 1001 4280; x_wconf 86' lang='lat' dir='ltr'>migrare</span> <span class='ocrx_word' id='word_1_416' title='bbox 1014 4211 1122 4266; x_wconf 83' lang='lat' dir='ltr'>coelesti</span> <span class='ocrx_word' id='word_1_417' title='bbox 1140 4211 1203 4266; x_wconf 89' lang='lat' dir='ltr'>cibo</span> <span class='ocrx_word' id='word_1_418' title='bbox 1219 4207 1286 4264; x_wconf 89' lang='lat' dir='ltr'>haud</span> <span class='ocrx_word' id='word_1_419' title='bbox 1300 4219 1330 4255; x_wconf 83' lang='lat' dir='ltr'>re·</span> <span class='ocrx_word' id='word_1_420' title='bbox 1370 4255 1371 4292; x_wconf 55' lang='grc'><strong>(</strong></span> 
     </span>
     <span class='ocr_line' id='line_1_46' title="bbox 260 4291 639 4361; baseline 0.013 -16"><span class='ocrx_word' id='word_1_421' title='bbox 260 4291 332 4346; x_wconf 70' lang='lat' dir='ltr'>leiia</span> <span class='ocrx_word' id='word_1_422' title='bbox 341 4294 355 4318; x_wconf 80' lang='lat'>¹¹</span> <span class='ocrx_word' id='word_1_423' title='bbox 367 4293 376 4354; x_wconf 91' lang='grc'><strong>(</strong></span> <span class='ocrx_word' id='word_1_424' title='bbox 381 4293 409 4346; x_wconf 89' lang='lat' dir='ltr'>C.</span> <span class='ocrx_word' id='word_1_425' title='bbox 425 4294 499 4348; x_wconf 84' lang='lat' dir='ltr'>Ball.</span> <span class='ocrx_word' id='word_1_426' title='bbox 519 4296 556 4361; x_wconf 86' lang='lat'>11,</span> <span class='ocrx_word' id='word_1_427' title='bbox 570 4299 639 4361; x_wconf 81' lang='lat'>262).</span> 
     </span>
    </p>
   </div>
   <div class='ocr_carea' id='block_1_6' title="bbox 0 0 1398 4644">
    <p class='ocr_par' dir='ltr' id='par_1_11' title="bbox 0 0 1398 4644">
     <span class='ocr_line' id='line_1_47' title="bbox 0 0 1398 4644; baseline 0 0"><span class='ocrx_word' id='word_1_428' title='bbox 0 0 1398 4644; x_wconf 95' lang='lat' dir='ltr'> </span> 
     </span>
    </p>
   </div>
  </div>
 </body>
</html>
