2794 4662
254 201 325 252 660
622 201 693 250 ba
712 201 1010 254 Mammosam.

255 385 449 448 Lotharium
466 389 587 464 regem,
603 383 744 446 duarum
768 384 865 445 simul
890 405 1032 446 uxorum
1058 406 1228 468 sponsum,
1243 390 1336 470 palam

253 488 471 572 reprehendit,
488 487 748 568 Episcoposque,
763 487 819 568 qui
841 488 873 549 in
892 486 991 551 Cone.
1009 489 1156 552 Metensi
1176 493 1269 571 primi
1284 514 1338 555 ma·

253 592 398 655 trimonii
414 591 582 652 vinculum
600 589 819 654 dissolverant
835 590 999 672 deposuit.

297 696 375 758 Duo
401 703 513 756 tamen
542 690 629 756 saeta
656 693 688 754 in
716 694 917 756 contrarium
946 693 1160 776 allegantur:
1195 699 1278 778 prius
1301 711 1341 762 est

252 798 399 863 Socratis
413 798 469 878 qui
487 796 603 859 relert¹
618 795 891 859 Valentinianum
910 798 1144 878 imperatorem
1162 801 1244 862 duas
1259 803 1342 866 simul

252 922 374 966 uxores
386 901 550 976 habuisse,
562 910 595 962 et
611 901 767 962 statuisse
784 911 820 962 ut
837 899 924 962 idem
942 901 1078 963 cuilibet
1094 902 1220 965 volenti
1238 906 1344 966 liceret

252 1007 319 1071 Sed
343 1004 573 1068 testimonium
589 1003 781 1084 hujusmodi
798 1004 1021 1065 communiter
1036 1003 1079 1066 ab
1094 1007 1235 1068 eruditis
1251 1008 1346 1088 rejici·

251 1121 313 1184 tur,
335 1119 406 1171 tum
431 1108 509 1188 quia
532 1107 692 1168 nonnulla
715 1107 747 1168 in
772 1106 834 1167 hac
858 1106 1047 1168 narratione
1070 1107 1154 1170 salsa
1178 1120 1266 1186 sunt,
1285 1121 1345 1172 tum

250 1216 329 1296 quia
348 1213 548 1274 Ammianus
566 1210 752 1284 Marcellus,
765 1210 842 1272 licet
855 1210 1094 1273 Valentiniano
1110 1214 1193 1275 satis
1209 1214 1345 1276 infensus

250 1319 343 1382 illum
361 1317 499 1378 laudat2
514 1313 604 1396 quod
621 1315 740 1376 “omni
765 1313 934 1394 pudicitiae
957 1313 1047 1376 cultu
1072 1315 1165 1378 domi
1190 1326 1299 1380 castus
1320 1327 1346 1379 et

251 1421 328 1483 loris
352 1428 440 1481 esset
450 1419 474 1482 ''.
522 1416 668 1478 Aliunde
694 1414 817 1480 laetum
845 1416 1046 1496 hujusmodi,
1072 1419 1206 1482 etiamsi
1234 1442 1346 1494 verum,

250 1523 331 1586 nihil
354 1523 510 1604 probaret
534 1530 649 1582 contra
672 1523 864 1584 unanimem
892 1521 1042 1583 omnium
1068 1522 1267 1586 saeculorum
1292 1537 1346 1587 tra·

249 1629 420 1692 ditionem.
460 1626 626 1688 Posterius
642 1635 692 1686 est
708 1644 902 1706 responsum
919 1624 1073 1706 Gregorii
1081 1625 1125 1686 H
1130 1637 1146 1680 3
1158 1626 1346 1689 declarantis

250 1733 347 1794 licere
362 1730 432 1792 viro
443 1729 548 1791 aliam
566 1743 705 1790 uxorem
723 1731 852 1805 ducere,
868 1729 945 1808 quia
968 1728 1051 1804 haec,
1066 1728 1111 1791 ob
1128 1729 1344 1794 infirmitatem

249 1835 405 1916 corporis,
420 1833 572 1896 debitum
596 1832 732 1895 reddere
755 1852 821 1895 non
846 1833 987 1896 valebat.
1034 1833 1162 1896 Verum
1186 1835 1346 1898 dubitatur

249 1939 371 2021 pariter
387 1936 429 1999 de
445 1935 543 2016 hujus
560 1936 709 2015 responsi
727 1937 943 2016 genuinitate,
959 1938 1049 2016 quod
1066 1938 1186 2000 sedulo
1203 1939 1235 2001 in
1253 1941 1343 2001 archi·

249 2043 298 2106 vis
315 2041 459 2104 romanis
475 2039 652 2120 quaesitum
670 2038 742 2112 suit,
759 2059 819 2101 nec
843 2050 955 2102 tamen
980 2041 1153 2104 inventum
1169 2064 1176 2118 ;
1201 2044 1227 2104 si
1244 2055 1342 2106 autem
1380 2053 1381 2058 ’

249 2146 476 2210 authenticum
493 2153 590 2217 esset,
600 2143 710 2204 forsan
729 2142 867 2224 intelligi
885 2154 998 2224 posset
1010 2143 1052 2206 de
1065 2146 1265 2226 impotentia
1279 2168 1342 2228 qua

250 2249 497 2316 matrimonium
516 2247 696 2310 invalidum
714 2245 799 2308 facit.
846 2246 1046 2328 Ceteroquin
1064 2247 1266 2313 corret'tores
1283 2251 1339 2311 Ro

249 2355 338 2420 mani
361 2355 404 2415 de
427 2353 490 2415 hoc
513 2354 647 2416 decreto
670 2354 849 2412 notarunt:
873 2357 888 2382 “
904 2350 989 2413 lllud
1013 2349 1165 2431 Gregorii
1183 2355 1282 2416 sacris
1296 2375 1338 2414 ca·

250 2459 400 2532 nonibus,
426 2458 495 2519 imo
521 2454 722 2536 evangelicae
749 2464 782 2516 et
809 2454 1002 2535 apostolicae
1032 2451 1197 2518 doetrinae
1224 2459 1338 2538 penitus
1379 2509 1380 2530 ,

249 2562 414 2625 invenitur
430 2559 605 2623 adversum
616 2560 653 2634 '';
677 2558 722 2620 nil
748 2559 848 2638 igitur
868 2559 992 2619 exinde
1008 2567 1126 2620 contra
1143 2570 1336 2622 constantem
1379 2549 1380 2599 l

250 2664 407 2728 Ecclesiae
423 2659 608 2724 dodlrinam
626 2662 800 2741 praximve
816 2661 926 2742 colligi
943 2671 1063 2744 potest.

291 2799 339 2868 45.
387 2785 449 2867 (D)
462 2785 656 2866 Polygamr'a
667 2785 863 2847 simultanea
861 2786 943 2865 juri
954 2786 1104 2847 naturali
1114 2807 1176 2849 non
1179 2787 1336 2868 primario,

247 2892 306 2954 sed
330 2889 519 2952 secundario
548 2887 748 2951 adversatur.
805 2890 855 2951 lta
885 2891 1115 2953 communiter.
1164 2891 1233 2953 Res
1263 2893 1335 2953 enin

250 2998 295 3058 ita
307 3015 343 3057 se
355 2993 463 3068 habet,
476 2994 502 3053 si
516 2993 715 3074 polygamia‚
729 2992 806 3055 licet
817 2989 1013 3073 'primarium
1031 2993 1236 3056 matrimonii
1253 2993 1334 3056 finem
1377 3021 1378 3026 ¹

248 3099 389 3172 salvans,
401 3097 603 3158 secundariis
614 3095 734 3160 finibus
748 3107 861 3172 nocet;
877 3095 968 3175 atqui
980 3095 1174 3176 polygamia
1184 3095 1237 3172 (a)
1247 3116 1336 3177 neque

248 3201 395 3265 totaliter
410 3199 496 3262 tollit
514 3219 620 3278 neque
636 3200 823 3280 aliqualiter
835 3199 975 3280 impedit
980 3199 1130 3279 primum
1148 3201 1335 3262 matrimonii

248 3301 1336 3385 finem‚quumunusvirsufficiatpluribusuxoribusloecundandis,

247 3420 280 3472 et
297 3408 477 3471 educandis
495 3406 568 3469 filiis
585 3408 708 3470 exinde
725 3409 811 3471 natis
826 3429 832 3483 ;
855 3405 906 3486 (b)
918 3405 1123 3468 secundarios
1139 3417 1252 3469 autem
1269 3405 1336 3468 lines
1376 3433 1377 3479 i

248 3532 313 3573 non
338 3510 485 3573 totaliter
508 3509 595 3571 tollit
618 3510 762 3590 quidem,
786 3511 843 3572 sed
869 3509 1010 3572 multum
1036 3510 1204 3590 impedit:
1228 3511 1335 3572 etenim

247 3634 313 3675 non
339 3613 434 3674 facile
458 3622 568 3692 potest
592 3632 663 3674 esse
679 3623 751 3692 pax
772 3613 804 3674 in
830 3612 963 3685 familia,
986 3611 1042 3673 ubi
1067 3612 1122 3673 uni
1146 3612 1219 3673 viro
1242 3613 1336 3694 plures

247 3736 369 3778 uxores
379 3716 573 3795 junguntur,
586 3735 660 3776 cum
679 3735 744 3776 non
762 3715 866 3795 possit
879 3733 964 3776 unus
976 3713 1026 3774 vir
1037 3711 1188 3776 sufficere
1201 3715 1244 3777 ad
1257 3717 1335 3777 satis·
1375 3753 1376 3768 .

248 3817 435 3879 laciendum
452 3817 600 3898 pluribus
622 3817 782 3879 uxoribus
806 3819 848 3880 ad
871 3826 1010 3878 votum:
1034 3835 1246 3900 unaquaeque
1261 3818 1334 3879 vide·

248 3919 323 3980 licet
350 3920 392 3980 ad
420 3939 456 3981 se
479 3920 538 3981 viri
566 3917 719 3982 afledtum
745 3920 873 3982 trahere
897 3919 1078 3994 conabitur,
1102 3928 1135 3981 et
1160 3920 1186 3980 si
1212 3921 1260 3982 vir
1281 3939 1333 3982 non

247 4039 363 4080 omnes
387 4020 505 4100 aequali
530 4041 642 4083 amore
668 4031 888 4103 prosequatur
914 4022 1016 4102 (quod
1040 4023 1098 4084 vix
1122 4019 1193 4084 fieri
1218 4023 1332 4104 potestl,
1374 4025 1375 4066 l

284 4217 292 4246 ¹
309 4217 414 4273 Histor.
431 4221 448 4272 l.
468 4221 516 4287 1V,
530 4239 553 4275 c.
570 4240 611 4290 3¹·
625 4235 681 4263 —2
696 4225 754 4278 Lib.
770 4227 863 4288 XXX,
876 4226 951 4280 circa
964 4225 1058 4279 finem.

285 4304 395 4372 '‘Epist.
414 4319 444 4370 13
457 4307 492 4358 ad
508 4307 535 4361 S.
553 4309 642 4362 Bonis.
658 4328 699 4378 ap.
715 4312 810 4378 Labie,
825 4325 842 4365 t.
858 4315 906 4380 Vl,
920 4313 972 4366 col.
993 4313 1066 4378 1448.
