2758 4652
242 178 310 228 5⁴8
450 177 505 226 DE
525 177 816 227 POENITENTIAE
836 173 1136 228 sacnnmuttw.

242 357 338 416 solum
358 357 447 429 plena
466 357 618 414 obtinetur
636 355 772 413 omnium
793 355 952 414 venialium
972 355 1107 414 remissio
1128 371 1221 426 quum
1240 351 1322 408 nullus

241 443 382 501 retinetur
394 442 517 500 affectus
528 441 568 498 ad
580 439 714 498 venialia.
755 441 800 498 Ex
808 441 897 500 dictis
906 441 987 500 enirn
998 459 1059 499 non
1072 439 1228 500 remittitur
1236 455 1323 510 pecca-

242 541 304 586 tum
322 529 436 587 veniale
455 529 510 586 nisi
530 527 690 585 virtualiter
708 526 812 584 saltem
831 527 1001 598 detestetur,
1014 538 1048 586 vet
1059 526 1183 586 aliunde
1194 543 1277 582 unum
1288 541 1325 581 re

242 615 358 673 tradiari
372 625 470 688 potest
483 615 555 686 quin
569 615 627 672 alia
639 615 825 688 displiceant.

261 786 347 861 Art.
367 784 439 863 IV.
462 785 525 861 De
554 783 748 861 Ministro
776 782 1011 860 sacramenti
1041 783 1312 860 Poenitentiae¹.

287 973 341 1036 Ad
353 973 462 1037 valide
472 973 729 1036 ministrandum
743 971 951 1033 Poenitentiae
960 980 1206 1033 sacramentum
1216 968 1327 1050 duplex

243 1084 391 1158 potestas
407 1077 588 1158 requiritur,
606 1085 754 1157 potestas
770 1073 895 1137 ordinis
909 1072 1203 1156 etjurisa'iiiioms.

548 1226 576 1280 1.
598 1223 654 1281 De
673 1227 863 1295 potestate
881 1220 1041 1279 ordlnls.

288 1365 359 1415 102.
400 1349 517 1412 Status
530 1347 723 1430 questionis.
763 1347 924 1408 Erriirunt
939 1345 1001 1408 hac
1017 1347 1059 1408 de
1076 1366 1110 1408 re
1129 1347 1177 1426 (a)
1199 1345 1332 1406 Waldcn-

243 1472 292 1513 ses
313 1461 346 1513 et
373 1451 551 1532 Wicleffiroe,
567 1452 623 1531 qui
647 1458 849 1531 potestatem
873 1448 1067 1511 absolvendi
1090 1457 1228 1529 peccata
1249 1447 1335 1509 bonis

245 1552 336 1615 laicis
356 1553 594 1626 concedebant,
611 1553 721 1634 pravis
743 1562 855 1615 autem
872 1550 1098 1613 sacerdotibus
1114 1549 1335 1631 denegabant;

245 1653 297 1735 (b)
312 1655 541 1730 Protestantes,
557 1657 613 1736 qui
637 1653 859 1717 communiter
880 1663 996 1716 tenent
1019 1662 1220 1734 potestatem
1234 1652 1337 1714 remit-

246 1759 337 1820 tendi
353 1767 498 1838 peccata,
514 1778 571 1820 seu
595 1755 705 1839 potius
732 1754 919 1817 declarandi
944 1755 1172 1817 remissionem
1196 1764 1337 1836 peccato

246 1881 328 1936 rum,
342 1861 497 1924 omnibus
514 1861 666 1924 fidelibus
682 1879 740 1941 per
760 1879 795 1922 se
819 1867 1030 1939 competere;
1053 1857 1207 1921 eamdem
1224 1867 1339 1928 tamen,

246 1964 288 2027 ad
304 1963 532 2026 confusionem
550 1965 730 2038 vitandam,
747 1983 813 2026 non
830 1982 902 2024 esse
923 1962 1145 2024 exercendam
1164 1961 1226 2022 nisi
1241 1961 1339 2023 abeis

246 2065 301 2146 qui
328 2067 370 2128 ad
398 2065 461 2128 hoc
487 2066 639 2146 deputati
671 2074 748 2127 sunt
774 2085 795 2126 a
824 2064 1071 2128 communitate.
1125 2063 1340 2145 Excipiuntur

246 2180 357 2231 tamen
383 2168 632 2250 Episcopaliani
656 2188 694 2230 ac
718 2168 900 2248 praesertitn
926 2167 1125 2240 Ritualistae,
1147 2168 1204 2247 qui
1230 2185 1339 2229 conce·

245 2274 330 2336 dunt
345 2281 546 2354 potestatem
564 2271 757 2334 absolvendi
778 2271 857 2332 solis
878 2269 1107 2337 sacerdotibus
1126 2279 1315 2350 competere
1323 2279 1339 2328 ².

246 2375 294 2454 (c)
312 2373 472 2436 Nonnulli
489 2374 646 2455 theologi,
662 2382 698 2436 ut
720 2373 884 2448 Marinus,
900 2376 1058 2454 putarunt
1076 2371 1260 2453 antiquitus
1279 2373 1340 2434 dia·

247 2477 338 2539 conis
353 2485 555 2558 potestatem
572 2476 765 2538 absolvendi
783 2476 815 2537 in
832 2495 909 2537 casu
926 2475 1133 2538 necessitatis
1154 2492 1339 2536 concessam

248 2579 356 2642 luisse.

288 2727 355 2790 103
403 2714 522 2772 These's:
543 2711 618 2776 Soli
639 2710 858 2788 sacerdotes,
882 2709 902 2773 i.
919 2726 948 2772 e.
965 2708 1123 2787 episcopi
1145 2714 1183 2773 et
1204 2710 1341 2789 presby·

246 2809 325 2888 teri,
350 2813 436 2873 sunt
461 2807 613 2873 ministri
636 2807 853 2872 sacramenti
880 2805 1115 2883 Poeniteutiae,
1140 2823 1208 2871 seu
1233 2808 1341 2872 valide

248 2911 400 2985 possunt
418 2922 440 2968 a
458 2904 617 2983 peccatis
635 2905 829 2970 absolvere.
877 2903 927 2964 De
940 2902 1012 2985 fide
1034 2913 1081 2966 est
1101 2925 1141 2966 ex
1160 2905 1341 2968 Tridentino

247 3011 332 3090 (can.
354 3009 424 3088 10):
447 3007 510 3070 “Si
527 3007 601 3086 quis
616 3007 776 3069 dixerit...
795 3027 861 3069 non
885 3007 973 3069 solos
996 3009 1185 3070 sacerdotes
1202 3029 1277 3072 esse
1293 3009 1341 3071 mi·

249 3113 369 3173 nistros
384 3108 611 3186 absolutionis,
622 3111 679 3172 sed
692 3108 847 3170 omnibus
860 3118 893 3171 et
904 3108 1042 3190 singulis
1058 3109 1181 3173 Christi
1197 3109 1342 3175 fidelibus

249 3233 320 3276 csse
335 3210 460 3276 dictum
475 3235 482 3274 :
510 3211 720 3292 Quaecumque
734 3211 919 3292 ligaveritis
933 3222 1003 3287 etc,
1018 3212 1061 3274 Α.
1078 3211 1130 3276 S.''

291 3316 366 3397 Jam
385 3313 556 3395 Scriptura
569 3314 781 3396 probavimus
795 3322 996 3395 potestatem
1010 3315 1201 3378 remittendi
1214 3327 1344 3397 peccata

249 3418 408 3502 apostolis
434 3439 615 3500 corumque
640 3419 884 3481 successoribus
910 3417 1068 3480 divinitus
1091 3417 1248 3480 collatam
1273 3439 1345 3487 esse.

250 3525 390 3603 ideoque
415 3522 501 3584 hanc
528 3532 728 3604 potestatem
758 3542 823 3584 non
855 3542 927 3583 esse
957 3539 1170 3583 communem
1197 3523 1345 3584 omnibus

249 3625 410 3696 fidelibus,
426 3645 525 3705 quum
549 3625 650 3686 modo
666 3623 816 3706 judiciali
836 3625 983 3687 exerceri
999 3624 1130 3698 debeat,
1146 3625 1346 3705 proindeque

249 3729 292 3790 ab
315 3729 354 3789 iis
380 3727 458 3789 solis
485 3727 540 3807 qui
561 3727 691 3807 judiees
712 3736 791 3788 sunt
815 3727 846 3787 in
873 3725 1030 3789 Ecclesia.
1076 3725 1224 3808 Quinam
1241 3737 1346 3790 autem

248 3831 311 3892 hac
324 3829 471 3910 judiciali
488 3839 654 3911 potestate
670 3829 776 3891 induti
793 3828 914 3891 suerint
931 3848 998 3891 non
1017 3849 1061 3890 ex
1084 3829 1156 3891 sola
1173 3829 1347 3912 Scriptura

250 3932 307 3993 sed
324 3952 366 3993 ex
383 3931 528 3993 doilrinci
544 3941 577 3993 et
586 3932 691 4011 praxi
705 3931 863 3993 Ecclesiae
879 3932 1094 3994 determinari
1110 3940 1231 4012 potest.

287 4119 293 4141 ¹
310 4103 337 4160 S.
357 4105 451 4158 Thom.
475 4107 617 4185 Supplem.
637 4123 664 4175 q.
687 4107 721 4170 8;
742 4108 859 4170 Suares,
875 4106 912 4161 de
932 4107 1032 4162 Poenit
1053 4105 1124 4176 disp.
1146 4109 1247 4175 24-26;
1268 4108 1349 4176 Lnga

251 4190 321 4258 disp.
339 4189 435 4254 18·t9;
454 4191 602 4255 Palmieri,
618 4193 656 4246 th.
674 4207 684 4245 r
691 4207 764 4262 5·17;
783 4191 879 4258 Pesclr,
895 4209 920 4246 n.
936 4208 1058 4264 410sq.;
1077 4195 1171 4257 Sasse,
1187 4193 1227 4247 th.
1246 4209 1332 4264 14-15.

311 4274 367 4329 Cir.
381 4275 447 4340 Lea,
461 4292 505 4344 op.
522 4277 568 4330 cit.
584 4280 638 4333 vol.
657 4280 679 4343 1,
695 4296 721 4348 p.
741 4293 864 4350 515·5a3.
