2752 4648
199 179 253 227 DE
270 179 489 228 MYSTERIO
508 179 782 229 PRAESENTIAE
802 180 967 229 nanus.
1072 177 1138 229 369

90 367 132 440 74,
176 359 237 441 (D)
250 361 377 442 Religio
393 381 450 442 per
462 361 673 442 praesentiam
688 361 751 424 Dei
767 372 799 424 et
813 360 975 424 sacrificia
989 359 1138 422 maxime

55 475 269 541 promovetur;
292 465 383 545 atqui
401 464 433 526 in
452 463 661 526 Eucharistib
685 464 777 526 Deus
801 463 897 526 nobis
920 482 1066 545 praesens
1087 470 1137 523 est

56 565 165 628 meliori
180 586 247 647 quo
262 551 331 629 fieri
346 578 457 649 potest
474 567 585 641 modo,
601 586 667 629 non
686 567 793 629 solum
818 567 850 630 in
872 565 985 648 figura,
1001 565 1087 629 sicut
1104 565 1136 626 in

55 667 87 729 V.
110 667 202 750 Lege,
225 671 283 732 sed
308 671 438 732 realiter
461 669 506 733 ita
530 680 567 733 ut
591 670 710 732 merito
732 669 922 734 exclamare
945 668 1137 750 possimus:

54 777 66 798 ‘⁶
77 771 138 834 Nec
153 783 202 834 est
218 773 283 835 alia
299 773 391 836 natio
407 783 476 835 tam
492 771 629 854 grandis
641 792 717 853 quae
729 772 852 835 habeat
864 773 945 836 deos
958 771 1136 856 appropin-

54 885 177 951 quantes
198 875 269 949 sibi,
285 877 369 938 sicut
392 875 485 938 Deus
505 883 617 936 noster
627 875 642 900 ”
656 887 676 937 ¹.
724 875 871 938 Aliunde
892 876 924 938 in
945 879 984 938 eb
1000 873 1137 937 offertur

55 973 116 1037 Deo
131 977 324 1040 sacrificium
342 977 460 1040 infiniti
477 977 606 1052 valoris,
618 996 694 1058 quo,
705 984 802 1058 prout
817 975 924 1051 decet,
936 977 1092 1039 laudatur
1103 985 1136 1038 ct

53 1077 201 1143 adoratur.

87 1194 130 1262 75
174 1181 237 1262 (E)
253 1181 440 1245 Hurm'lr'tas
455 1181 578 1263 pariter
594 1181 691 1243 nobis
707 1181 872 1255 edocetur,
884 1181 964 1244 dum
978 1180 1137 1251 Christus,

53 1283 247 1362 majestatem
264 1305 358 1348 suam
375 1284 437 1347 sub
454 1283 591 1346 infirmis
607 1283 780 1346 elementis
793 1282 915 1360 velans,
926 1282 1021 1346 nobis
1034 1303 1136 1363 appa-

53 1395 92 1445 ret
111 1386 139 1446 in
162 1395 251 1451 statu
273 1386 437 1450 humiliori
454 1407 555 1468 quam
573 1387 604 1448 in
623 1387 694 1467 ipsa
713 1386 954 1462 iucarnatione,
970 1387 1037 1448 imo
1053 1397 1087 1448 et
1103 1386 1135 1446 in

54 1485 215 1566 I'assione;
239 1511 326 1564 nam,
342 1500 378 1553 ut
394 1489 440 1552 ait
457 1489 489 1553 S.
507 1489 666 1562 Thomas,

285 1606 302 1632 ‘¹
314 1604 349 1660 In
363 1622 450 1663 cruce
463 1603 573 1663 latebat
586 1605 649 1662 sola
664 1605 766 1664 Deitas
777 1625 785 1676 ;

282 1691 340 1749 Sed
354 1692 402 1749 bic
415 1693 486 1750 latet
498 1693 586 1751 simul
600 1704 628 1751 et
641 1692 809 1750 humanitas
819 1691 842 1748 ”.

52 1793 169 1878 insuper
185 1819 220 1860 se
237 1798 337 1860 tradit
354 1819 419 1861 non
437 1799 544 1862 solum
562 1798 720 1862 divitibus
733 1807 766 1862 et
779 1796 877 1877 hujus
890 1796 1001 1860 saeeuti
1019 1807 1135 1878 poten-

52 1897 135 1975 tibus,
156 1903 213 1963 sed
238 1902 383 1984 parvuiis
407 1914 440 1965 et
464 1901 687 1984 pauperibus:
714 1906 730 1932 ‘¹
744 1899 928 1963 Manducat
952 1900 1135 1962 Dominum

52 2020 168 2084 pauper,
186 2024 299 2066 servus
315 2013 348 2066 et
364 2005 498 2068 humilis
509 2006 533 2068 '’.
570 2004 655 2087 Quis
671 2003 781 2084 igitur,
791 2014 866 2083 post
879 2001 959 2065 talia
970 2003 1135 2084 exempla,

52 2107 204 2184 superbire
219 2106 376 2170 auderet?

85 2209 128 2286 7&
174 2209 235 2290 (F)
252 2209 338 2270 Item
355 2209 425 2290 ejus
436 2209 598 2290 patientia
614 2220 753 2292 apparet
776 2209 808 2270 in
833 2228 873 2272 eo
893 2208 982 2290 quod
1001 2209 1135 2288 injurias

51 2309 137 2372 etiarn
154 2311 319 2374 maximas
342 2311 403 2373 sibi
429 2309 569 2375 infliitas
593 2313 636 2375 ab
660 2313 795 2395 indigne
811 2311 1135 2374 communicantibus

52 2429 134 2491 equo
149 2414 230 2477 serat
246 2415 358 2477 animo
373 2436 381 2492 ;
404 2413 475 2494 ejus
495 2415 681 2490 obedientia,
697 2417 786 2488 dum,
801 2413 939 2493 jubente
955 2416 1135 2492 sacerdote,

52 2517 150 2578 statim
166 2517 228 2579 sub
244 2516 417 2598 speciebus
434 2519 495 2580 rite
510 2519 711 2581 consecratis
731 2529 871 2602 apparet
885 2540 892 2596 ;
915 2519 986 2600 ejus
996 2529 1134 2601 pauper-

53 2623 100 2690 tnr,
120 2619 198 2682 dum
225 2619 375 2682 habitare
402 2639 469 2682 non
497 2619 609 2682 horret
636 2621 667 2683 in
696 2623 896 2703 pauperibus
923 2622 1078 2698 ecclesiis,
1101 2634 1136 2687 et

52 2722 195 2798 squalidis
212 2723 376 2786 interdum
394 2723 517 2785 involvi
534 2722 799 2802 linteaminibus;
821 2745 888 2787 uno
904 2725 1004 2788 verbo
1019 2746 1137 2787 omnes

52 2821 183 2900 virtutes,
198 2826 318 2906 quibus
342 2825 494 2889 Christus
513 2837 649 2889 ornatus
674 2827 735 2890 fuit
758 2827 790 2890 in
816 2833 910 2901 terra,
928 2829 959 2888 in
981 2827 1052 2906 ejus
1068 2829 1137 2891 vita

52 2927 251 2992 eucharistica
268 2927 506 3009 perfeftissime
523 2941 556 2993 et
572 2942 734 3012 perpetuo
751 2941 973 3007 renovantur3
994 2951 1074 3012 ergo
1084 2944 1105 2996 2.

82 4019 89 4050 ι
103 4007 127 4057 D

81 4011 242 4152 ’nigidii
252 4026 309 4166 iegi
324 4107 441 4166 possunt
451 4095 543 4150 Faber
554 4113 598 4165 op.
615 4095 659 4148 cit.
675 4092 789 4162 passim,
804 4093 960 4162 praesertim
974 4110 1039 4147 vero
1054 4093 1135 4146 Book

57 4171 74 4237 Ι,
87 4177 112 4231 c.
126 4181 239 4252 tu-un,
257 4183 338 4236 soon
353 4183 401 4249 ru,
416 4183 446 4237 e.
459 4183 560 4246 v-vr;
580 4182 747 4250 ongum,
761 4197 806 4250 op.
823 4179 868 4234 cn.
884 4190 954 4249 part.
973 4181 996 4234 1.
1012 4180 1074 4234 Tne
1087 4179 1135 4235 ure

55 4261 80 4312 of
88 4263 159 4330 Jesus
171 4269 196 4324 in
210 4271 258 4326 the
272 4271 304 4326 B.
321 4270 505 4333 Senonum
526 4267 714 4330 Bourdaloue,
730 4267 748 4320 l.
764 4267 811 4320 cit.

129 4383 245 4434 Sruoests
257 4386 302 4434 111.
315 4411 343 4422 -
355 4400 384 4443 24
