2780 4646
214 95 216 100 ’
255 135 317 188 rae
707 138 847 190 cnvur
863 139 906 192 11.
963 177 964 182 ,

256 314 367 377 dimur
381 313 423 376 ad
440 313 526 376 bene
539 312 758 395 judicandum
778 317 812 379 in
837 317 934 379 rebus
957 316 1208 392 difficilioribus
1224 339 1340 400 praser-

256 416 317 478 tim
335 416 523 497 inopinatis,
539 417 582 479 ad
599 418 741 481 salntem
758 418 1009 501 pertinentibus.

256 517 307 598 (e)
323 519 439 581 Virtus
452 518 590 599 justitiae
606 521 794 603 completur
808 542 867 604 per
881 523 1008 584 donum
1018 521 1166 604 pietatis,
1182 541 1247 602 quo
1266 519 1341 580 incli-

258 640 377 684 namur
392 623 434 684 ad
451 623 680 686 exhibendum
697 626 824 688 cultum
844 625 928 701 Deo,
944 634 981 687 ut
998 625 1088 686 Patri
1106 635 1229 699 nostro,
1241 633 1271 684 et
1285 641 1341 682 om·

258 724 355 786 nibus
369 723 503 802 sanclis,
517 736 683 807 quatenus
699 728 742 790 ad
761 729 870 790 Deum
889 727 1065 809 pertinent.

257 825 305 908 (f)
321 827 438 891 Virtus
454 827 658 892 fortitudinis
674 829 842 911 perficitur
855 850 913 910 per
925 831 1051 893 donum
1057 829 1277 910 fortitudinis,
1288 845 1342 906 quo

258 929 467 1012 disponimur
482 933 525 993 ad
543 925 631 996 acius
648 933 806 1009 heroicos,
819 943 852 996 et
864 933 906 996 ad
920 933 1084 996 vincenda
1096 932 1241 1014 pericula
1253 929 1343 992 immi·
1377 1005 1378 1028 χ

259 1034 372 1096 nentia
387 1033 440 1096 vel
457 1035 650 1115 prementia

258 1137 312 1216 (g)
322 1135 475 1199 Tandem
489 1137 591 1200 virtus
605 1139 835 1218 temperantiae
852 1137 1038 1218 completur
1054 1157 1113 1219 per
1130 1137 1254 1201 donum
1266 1135 1342 1196 timo

259 1239 314 1315 ris,
332 1237 374 1302 de
394 1259 462 1321 quo
482 1239 552 1321 jam
577 1238 703 1304 dicium
729 1239 798 1314 suit,
814 1250 979 1321 quatenus
1002 1259 1065 1303 nos
1088 1241 1206 1303 incitat
1221 1240 1261 1300 ad
1276 1236 1342 1315 abji-

258 1341 392 1404 ciendas
415 1361 531 1404 omnes
554 1341 753 1424 voluptates,
769 1352 962 1424 castamque
979 1343 1081 1405 vitam
1106 1343 1296 1415 ducendam,
1309 1357 1344 1399 ne

259 1463 376 1524 poenas
392 1453 534 1507 aeternas
550 1444 764 1508 incurramus.

303 1573 371 1638 182.
417 1583 454 1632 20
476 1571 671 1635 Existentia.
716 1572 814 1635 Dona
838 1571 987 1654 Spin'tus
1010 1575 1119 1637 sanni
1142 1573 1345 1654 infunduntur

258 1671 362 1732 simul
373 1693 445 1734 cum
451 1673 695 1755 justificatione,
711 1675 884 1756 etquidem
904 1685 1072 1757 tamquam
1087 1675 1243 1738 de'stinna
1256 1695 1275 1735 a
1289 1673 1343 1733 ru'r·

259 1773 382 1836 tutibus
408 1774 537 1853 infusis.
590 1776 642 1838 lta
669 1777 892 1840 communiter
918 1787 1035 1840 contra
1063 1777 1227 1859 quosdam
1254 1773 1343 1839 Scoti·
1378 1819 1379 1832 ,

260 1887 328 1938 stas
351 1877 408 1958 qui
432 1878 549 1941 dicunt
569 1880 659 1941 dona
683 1879 827 1961 Spiritus
851 1878 956 1943 sancti
977 1901 1043 1943 non
1061 1901 1134 1944 esse
1149 1901 1170 1942 a
1185 1877 1343 1943 virtutibus

259 1977 424 2043 distincta

303 2092 363 2176 (A)
381 2093 554 2176 Scripturd
567 2095 730 2174 innuitur;
746 2097 871 2159 etenim
888 2116 1005 2160 omnes
1019 2095 1100 2177 justi
1113 2095 1274 2178 recipiunt
1284 2113 1343 2174 gra-

259 2199 340 2261 tiam
365 2197 567 2260 habitualem
592 2198 742 2279 ejusdem
767 2200 897 2280 generis
921 2219 960 2261 ac
984 2199 1054 2280 ipse
1078 2197 1242 2274 Christus,
1260 2197 1344 2278 juxta

260 2299 361 2364 illud:
384 2301 467 2363 “De
483 2301 691 2382 plenitudine
707 2301 779 2383 ejus
796 2323 863 2365 non
880 2321 997 2364 omnes
1013 2302 1203 2382 accepimus
1216 2301 1231 2327 ’¹
1245 2322 1253 2378 ;
1267 2295 1344 2378 atqui

259 2403 401 2484 gratiam
420 2402 542 2467 Christi
559 2404 763 2466 comitantur
781 2413 910 2486 septem
927 2403 1016 2466 dona
1034 2402 1179 2484 Spiritus
1194 2399 1301 2474 sancii,
1315 2409 1343 2459 ut

259 2504 357 2568 docet
373 2505 483 2568 Isaias
496 2518 507 2549 1
522 2532 533 2570 .·
549 2513 565 2538 “
580 2507 777 2588 Requiescet
790 2527 976 2589 supereum
989 2508 1124 2588 spiritus
1137 2507 1280 2579 Domini,
1291 2502 1343 2584 spi·

259 2608 340 2670 ritus
357 2609 530 2689 sapientiae
547 2619 580 2671 et
597 2607 792 2684 intellectus.
805 2610 939 2691 spiritus
955 2609 1083 2672 consilii
1099 2618 1133 2672 et
1150 2605 1342 2674 fortitudinis,
1379 2613 1380 2664 l

259 2710 394 2791 spiritus
411 2710 558 2773 scicntia·
575 2721 609 2774 et
625 2712 767 2792 pietatis,
785 2721 818 2773 et
833 2711 975 2792 replebit
991 2730 1066 2773 eum
1084 2711 1218 2793 spiritus
1234 2705 1343 2771 timoris
1379 2699 1380 2792 l

260 2812 398 2875 Domini
411 2812 435 2878 ’'.
482 2813 580 2896 Ergo.
1379 2805 1380 2822 ¹

305 2923 371 3012 (B)
400 2928 541 2991 Ratione
572 2928 675 2992 Theol.
708 2928 763 2990 Ad
796 2929 1039 3010 providentiam
1066 2928 1130 2990 Dei
1156 2928 1295 3009 pertinet
1316 2929 1341 2983 ut

260 3029 291 3090 in
309 3031 454 3092 animam
472 3030 690 3093 infundantur
705 3031 839 3093 habitus
856 3031 976 3092 diversi
989 3051 1049 3112 pro
1061 3028 1201 3092 diversis
1216 3026 1343 3095 adibus

259 3132 352 3213 atqui
374 3129 476 3208 aftus,
493 3132 556 3195 sub
574 3131 703 3194 influxu
726 3132 889 3195 donorum
915 3128 1048 3214 peracti,
1063 3131 1262 3194 sublimioris
1279 3133 1342 3190 sunl

259 3234 384 3298 ordinis
399 3254 501 3316 quam
517 3232 611 3297 astus
635 3235 697 3296 sub
721 3233 849 3297 influxu
866 3234 1025 3297 virtutum
1041 3233 1141 3296 eliciti
1157 3255 1164 3296 :
1187 3253 1264 3314 ergo
1280 3246 1342 3292 con-

259 3336 350 3399 venit
366 3345 411 3410 ut,
429 3347 549 3418 praeter
564 3338 713 3410 virtutes,
726 3336 941 3400 infundantur
956 3336 1010 3398 alii
1028 3335 1161 3398 habitus
1176 3335 1342 3417 superiores

259 3441 314 3520 qui
332 3451 493 3502 vocantur
509 3441 597 3502 dona
617 3439 759 3521 Spiritus
775 3437 879 3502 sandti
891 3451 913 3502 ².

491 3594 521 3654 Α
520 3593 665 3674 ppende'x
680 3616 691 3656 .·
713 3593 752 3654 de
771 3591 900 3655 Gratiis
909 3592 1020 3673 gratis
1034 3591 1129 3654 datis.

305 3735 372 3812 183
420 3731 544 3794 Gratiae
561 3730 664 3810 gratis
680 3729 779 3803 datae,
789 3749 864 3808 quae
881 3727 1005 3791 diredte
1020 3738 1054 3791 et
1071 3728 1262 3791 immediate
1276 3726 1342 3788 dan·

260 3843 312 3895 tur
334 3835 382 3895 ad
400 3835 541 3897 aliorum
566 3833 752 3907 utilitatem,
769 3853 888 3895 novem
905 3853 925 3894 a
943 3833 975 3897 S.
993 3832 1123 3894 Paulos
1145 3835 1343 3894 numerantur

298 4035 305 4058 ¹
319 4037 376 4088 Ira.
392 4036 445 4100 XI,
459 4051 482 4090 2.

295 4123 305 4154 ²
319 4121 361 4174 Cf.
378 4123 408 4175 S.
428 4123 477 4175 er.
495 4137 529 4174 ιι.
545 4135 588 4174 2².
605 4139 632 4191 q.
648 4121 683 4176 68
697 4134 725 4176 et
740 4135 779 4176 2⁸.
796 4135 840 4177 22.
856 4139 883 4192 q.
900 4139 928 4191 q,
943 4138 984 4191 19,
997 4135 1029 4191 45
1043 4133 1096 4176 etc

296 4203 306 4234 ³
320 4209 410 4262 ICor.
427 4207 494 4271 x11‚
510 4209 527 4262 8
543 4224 582 4262 ιο.
