2794 4662
279 196 343 249 6⁷6
646 193 702 242 DE
722 189 1008 242 un'rmmomo.

277 379 379 442 etiam
396 378 498 459 patris
514 396 627 440 severa
643 373 821 439 auctoritas
838 373 1027 454 eximiaque
1044 371 1235 453 prudentia.
1286 372 1360 432 Porro

277 483 319 545 ad
336 481 399 544 hoc
416 480 590 562 requiritur
606 487 766 560 perpetua
782 474 962 557 conjugum
981 475 1080 550 unio;
1105 494 1186 538 nam
1204 484 1362 555 antequam

276 585 425 648 omnium
444 582 619 645 infantium
640 578 785 663 perfecta
808 579 906 642 fuerit
929 577 1091 653 educatio,
1108 577 1308 658 plerumque
1321 598 1363 658 pa-

276 697 385 752 rentes
402 707 468 750 non
485 685 628 767 amplius
645 692 741 748 erunt
758 683 799 745 ad
817 700 939 744 nouum
965 680 1217 743 matrimonium
1235 679 1366 744 habiles;

276 799 444 873 praeterea,
467 789 493 850 si
517 806 640 850 novum
665 786 777 849 ineant
802 782 919 857 fredus,
936 780 992 845 filii
1016 781 1067 845 vel
1092 783 1179 863 patri
1205 782 1260 844 vel
1285 785 1365 844 matri

275 894 515 958 adhaerebunt:
537 892 563 953 si
573 890 680 972 prius,
692 898 806 952 tenero
823 887 937 950 matris
953 906 1060 948 amore
1075 887 1252 960 carebunt,
1265 886 1364 950 multa·

275 1017 339 1080 que
349 1017 392 1060 ex
407 995 530 1058 invidia
544 1013 694 1056 novercae
705 993 970 1074 patierrtur,quae,
983 988 1123 1070 propriis
1141 991 1231 1052 natis
1246 989 1365 1060 intenta

275 1096 348 1158 illos
371 1095 519 1176 negliget
541 1091 592 1155 vel
615 1092 716 1154 etiam
740 1091 837 1152 variis
862 1089 969 1150 modis
992 1086 1139 1166 affligem
1162 1089 1191 1150 si
1208 1091 1365 1170 posterius,

274 1194 402 1276 paterni
420 1192 541 1256 amoris
566 1190 717 1253 fruitione
741 1189 956 1270 privabuntur
979 1207 1019 1248 eo
1042 1196 1195 1268 tempore
1218 1209 1289 1269 quo
1311 1191 1365 1268 ejus

274 1301 352 1361 cura
373 1297 479 1378 magis
501 1295 705 1376 indigebunt,
722 1303 753 1355 et
778 1291 883 1354 multa
905 1290 1012 1353 forsan
1037 1291 1208 1371 patientur
1224 1312 1270 1354 ex
1288 1304 1365 1374 parte

272 1403 407 1466 secundi
425 1401 544 1474 mariti,
560 1401 616 1480 qui
641 1400 736 1461 timet
760 1417 801 1459 ne
824 1397 946 1478 proprii
965 1395 1020 1457 filii
1038 1394 1278 1475 negligantur;
1302 1417 1366 1476 ergo

273 1507 304 1568 in
322 1505 470 1588 qualibet
485 1503 672 1586 hypothesi,
688 1519 801 1563 eorum
818 1498 973 1561 educatio
990 1495 1186 1580 imperfedla
1203 1499 1275 1562 erit.

313 1633 362 1698 62.
412 1627 481 1715 (D)
500 1629 651 1704 Tandem
669 1627 846 1691 divortium
864 1624 940 1688 bono
955 1626 1114 1688 societatis
1129 1625 1331 1687 adversatur
1339 1650 1349 1696 ,·

271 1735 282 1814 l
285 1733 321 1814 a)
330 1746 440 1815 pacem
447 1734 663 1813 srmriliarmn
680 1729 861 1800 disturbem
886 1729 1106 1791 matrimoniis
1128 1730 1220 1790 enim
1246 1729 1366 1792 familia

272 1838 356 1900 inter
372 1858 407 1899 se
423 1837 658 1912 coadunantur,
675 1835 748 1897 lites
765 1843 798 1894 et
815 1833 996 1894 inimicitiae
1012 1833 1290 1912 exstinguuntur,
1305 1854 1367 1894 cou-

270 1941 391 2002 cordiae
411 1941 542 2003 vincula
564 1940 648 2002 inter
668 1940 759 2002 varia
782 1940 950 2002 societatis
974 1939 1122 2002 membra
1138 1938 1368 2004 efformauturz

271 2064 314 2106 ex
338 2045 477 2107 adverso
500 2053 622 2119 autem,
639 2065 682 2106 ex
706 2044 848 2107 divortio
871 2044 1050 2106 divisiones
1073 2045 1238 2118 oriuntur,
1255 2047 1331 2108 odia
1344 2055 1368 2104 rt

270 2146 426 2211 vindiciae
452 2151 536 2210 inter
560 2149 642 2210 duas
666 2147 717 2210 vel
743 2148 853 2230 plures
878 2147 1017 2210 familias
1041 2167 1100 2229 per
1122 2148 1252 2210 multos
1277 2170 1368 2211 anno>

272 2254 394 2332 vigent,
409 2261 443 2314 et
459 2252 485 2313 si
503 2251 770 2332 multiplicentur,
788 2271 855 2332 pax
874 2252 944 2332 ipsa
960 2251 1127 2314 societatis
1144 2251 1309 2316 turbatur.

270 2355 322 2435 (b)
338 2353 449 2418 Mores
463 2353 638 2434 corrumpit
647 2379 660 2424 ,·
682 2373 759 2416 narn
777 2353 915 2416 facultas
931 2354 1063 2418 divortii
1081 2355 1249 2435 paulatim
1269 2357 1366 2418 matri·
1388 2413 1389 2424 ,

272 2459 418 2521 monium
436 2459 533 2521 vertit
549 2459 580 2520 in
598 2457 876 2520 concubinatum:
896 2458 975 2520 data
990 2459 1079 2520 enim
1097 2457 1249 2520 hominis
1268 2462 1365 2522 incon·
1388 2445 1389 2486 ⁷

270 2563 401 2637 stantia,
418 2562 591 2644 conjugale
614 2561 781 2624 vinculum
806 2581 871 2623 non
896 2561 1007 2636 semel,
1024 2561 1080 2623 sed
1105 2571 1163 2636 ter,
1181 2573 1307 2641 quater
1321 2575 1364 2624 aul

270 2665 368 2728 etiam
393 2665 514 2746 pluries
535 2665 686 2745 abrumpi
711 2675 830 2746 potest,
854 2686 894 2727 eo
919 2667 1025 2746 magis
1046 2665 1124 2746 quia
1148 2665 1366 2730 inconstantia

270 2768 418 2849 repetitis
442 2765 570 2831 astibus
594 2769 734 2846 crescit;
759 2766 848 2848 quod
871 2767 940 2847 jain
965 2769 1110 2829 evenisse
1133 2766 1279 2831 historia
1303 2791 1365 2831 con-

270 2881 357 2934 stat:
383 2871 502 2934 Seneca
518 2871 606 2932 enirn
623 2873 664 2933 de
681 2871 731 2932 his
748 2871 908 2933 uxoribus
930 2869 1074 2950 loquitur
1089 2889 1164 2951 quae
1181 2876 1198 2902 “
1211 2892 1284 2934 non
1301 2893 1365 2934 con-

269 2974 376 3038 sulum
395 2994 541 3050 numero,
553 2975 611 3037 sed
626 2976 821 3038 maritorum
839 2995 944 3036 annos
960 2966 1037 3036 suos
1054 2985 1258 3055 computant
1269 2979 1284 3002 ”
1299 2991 1307 3020 ¹
1321 3000 1327 3048 ;
1341 2993 1364 3038 et
1388 2955 1389 2970 ἵ

263 3079 460 3162 Juvenalis²
475 3079 542 3141 ait:
566 3078 648 3143 “Sic
665 3078 748 3141 fiunt
764 3076 840 3141 ofto
857 3079 976 3154 mariti,
992 3079 1138 3159 quinque
1161 3099 1223 3160 per
1246 3091 1364 3145 autum·

270 3203 349 3246 nos:
373 3182 470 3246 titulo
487 3202 536 3244 res
552 3182 654 3263 digna
670 3182 810 3264 sepulcri
824 3184 847 3245 ”.
892 3183 1047 3264 Jamvero
1069 3182 1148 3261 quid
1166 3194 1248 3246 sunt
1266 3187 1364 3247 matri·

270 3287 380 3348 monia
397 3307 455 3368 per
470 3287 553 3348 duos
570 3297 627 3349 aut
645 3297 709 3348 tres
726 3305 840 3358 annoS,
855 3297 983 3349 tantum
1000 3284 1158 3348 duratura
1176 3288 1243 3350 nisi
1261 3290 1362 3371 pallia·

268 3400 321 3454 tus
337 3391 600 3453 concubinatus?
646 3391 716 3452 Nec
740 3391 849 3452 dicere
869 3391 963 3471 juvat
987 3409 1044 3470 per
1067 3389 1251 3454 divortium
1271 3394 1362 3456 minui

268 3495 449 3557 discordias
472 3503 505 3556 et
528 3495 775 3575 separationes;
799 3485 875 3556 nam
901 3492 1095 3556 indubitatis
1119 3490 1217 3555 fastis
1241 3507 1360 3558 constat

268 3597 327 3658 has
344 3597 519 3659 increvisse
542 3598 598 3659 ubi
622 3598 763 3659 divortia
783 3598 943 3678 permissa
958 3605 1045 3671 sunt,
1061 3605 1094 3658 et
1110 3599 1267 3676 quotidie
1284 3601 1360 3661 inra-

268 3701 396 3764 lescere.
443 3703 605 3764 Praeterea
618 3701 672 3763 lex
686 3701 875 3783 hujusmodi
890 3701 1096 3764 occasionem
1111 3701 1241 3781 praebet
1260 3705 1360 3766 multi<

267 3805 467 3881 criminibus,
479 3807 660 3886 praesertim
678 3825 755 3867 vero
771 3805 940 3878 adulterio,
950 3806 1039 3886 quod
1056 3824 1075 3866 a
1093 3807 1266 3868 nonnullis
1283 3829 1359 3870 coru-

269 3909 410 3971 mittitur
433 3909 482 3970 vel
508 3909 711 3991 permittitur
727 3929 766 3971 co
783 3908 846 3970 fine
864 3917 898 3970 ut
916 3907 1041 3970 facilius
1061 3908 1242 3989 conjugale
1258 3913 1359 3972 vincu-

268 4009 334 4070 lum
353 4031 463 4072 coram
482 4011 699 4073 tribunalibus
721 4011 802 4072 solvi
825 4013 935 4092 possit.
980 4011 1136 4092 Jamvero
1153 4014 1227 4094 quis
1246 4015 1357 4096 estqui
1388 4037 1389 4128 p

269 4131 333 4171 non
352 4111 461 4192 videat
477 4113 565 4175 hisce
581 4115 734 4177 omnibus
751 4135 857 4176 mores
875 4115 1032 4196 paulatim
1050 4118 1237 4198 corrumpi?
1388 4129 1389 4136 ’

733 4251 920 4259 ...-.-4..-....-.
1129 4253 1292 4261 ——-—.-
1299 4256 1322 4261 ...-

305 4303 311 4334 ¹
329 4309 371 4360 lle
386 4309 540 4377 Beneficiis,
557 4312 573 4366 l.
593 4313 647 4374 111,
663 4330 687 4366 c.
707 4313 744 4367 16.
761 4345 776 4353 -
807 4317 889 4370 ²Sat
903 4317 953 4376 Vl,
971 4333 994 4369 v.
1012 4329 1071 4382 229.
