2770 4652
415 182 470 231 DE
489 178 776 231 POErurruurtA.
1078 171 1138 223 471

51 374 122 420 tares
133 373 161 420 et
174 364 386 422 couvenientes
399 363 613 420 satisfactiones
632 360 786 432 injungere
799 380 806 414 :
827 375 872 426 ne,
885 357 908 413 si
925 359 998 414 sorte
1012 351 1141 427 peccatis

52 450 230 520 conniveant,
259 460 288 507 et
313 449 514 520 indulgentius
540 465 607 505 cum
633 445 848 519 poenitentibus
873 452 971 515 agant.
995 441 1142 499 levissima

51 535 182 606 quaedam
195 553 287 608 opera
300 554 354 608 pro
367 535 543 606 gravissimis
557 532 673 592 delictis
687 531 881 603 injungendo,
897 529 1060 586 alienorum
1075 543 1142 598 pec·

50 633 177 679 catorum
191 622 350 694 participes
362 621 534 680 efficiantur.

88 709 223 767 Habeant
238 719 337 767 autem
355 727 415 781 prae
431 708 533 778 oculis,
552 718 584 765 ut
599 705 770 771 satisfacliO,
790 722 880 776 quam
898 703 1065 774 imponunt,
1082 718 1141 757 non

50 797 87 853 sit
98 807 208 853 tanturn
222 797 261 855 ad
275 815 360 854 novae
373 797 440 854 vitre
452 795 627 858 custodiam,
642 803 672 852 et
684 791 862 850 infirmitatis
874 789 1127 847 medicamentum
1135 807 1143 858 ;

49 883 101 941 sed
111 883 246 942 etiamad
258 883 469 956 praeteritorum
484 891 674 954 peccatorum
686 879 848 937 vindictam
859 887 887 936 et
898 875 1121 948 castigationem
1137 897 1143 932 τ

49 988 117 1026 narn
134 971 230 1028 claues
252 970 444 1030 sacerdotum
469 987 529 1027 non
552 969 590 1026 ad
613 966 786 1026 solvendum
807 965 959 1029 duntaxat,
980 963 1032 1022 sed
1055 974 1084 1020 et
1105 962 1144 1019 ad

49 1057 198 1128 ligandum
212 1070 377 1129 concessas,
387 1059 473 1114 etiam
487 1056 600 1127 antiqui
613 1056 714 1114 Patres
726 1063 756 1112 et
768 1052 894 1111 credunt
906 1061 935 1110 et
948 1051 1070 1120 docent3
1089 1067 1144 1106 nec.

48 1154 202 1216 propterea
221 1144 433 1211 existimarunt,
455 1157 671 1202 sacramentum
692 1140 878 1200 Poenitentiae
897 1157 961 1197 esse
980 1139 1075 1195 forum
1095 1137 1144 1194 irae

48 1231 95 1288 rel
108 1249 274 1303 poenarum;
287 1233 362 1290 sicut
375 1249 464 1289 nemo
478 1247 609 1302 unquam
624 1227 796 1288 Catholicus
809 1226 908 1296 sensit,
924 1243 960 1284 ex
973 1223 1142 1295 hujusmodi

48 1319 139 1377 nostri
158 1319 409 1378 satisfaftionibus
431 1319 489 1376 vim
511 1318 614 1388 meriti,
636 1326 665 1376 et
684 1313 892 1373 satisfactionis
913 1312 1032 1371 Domini
1054 1311 1143 1368 nostri

47 1405 120 1477 Jesu
133 1406 239 1465 Christi
254 1407 298 1464 vel
312 1406 471 1475 obscurari,
487 1405 532 1463 vel
547 1423 582 1463 ex
595 1405 694 1476 aliqud
707 1412 789 1474 parte
803 1401 956 1458 imminui:
976 1399 1058 1470 quod
1072 1398 1143 1455 dum

50 1493 213 1551 Novatores
230 1493 392 1566 intelligere
410 1493 524 1562 nolunt,
542 1494 581 1549 ita
598 1491 741 1564 optimam
761 1487 965 1562 poenitentiam
984 1503 1091 1544 novam
1105 1484 1144 1540 vi-

48 1591 109 1636 tarn
123 1597 185 1638 esse
198 1580 318 1646 docent,
335 1590 366 1638 ut
379 1597 499 1638 omnem
514 1577 723 1638 satisfactionis
735 1578 795 1633 vim
810 1588 838 1634 et
851 1593 938 1632 usum
952 1573 1063 1632 tollant.

220 1766 326 1828 CAP.
347 1767 382 1827 9.
408 1769 464 1827 De
485 1765 667 1838 operibus
687 1763 975 1822 satisfactionis.

86 1914 182 1972 Docet
199 1925 349 1987 praeterea,
362 1927 476 1974 tantum
497 1933 561 1973 esse
580 1913 688 1971 divinae
701 1911 912 1969 munificentiae
926 1911 1097 1981 largitatem,
1115 1921 1146 1967 ut

51 2014 109 2054 non
122 1998 217 2055 solum
234 1999 338 2070 poenis,
347 2011 454 2072 sponte
467 2018 484 2056 a
497 1997 584 2058 nobis
599 2014 652 2067 pro
665 1996 846 2054 vindicando
858 2009 983 2070 peccato
993 1998 1146 2068 susceptis,

49 2093 98 2138 ant
120 2081 287 2140 Sacerdotis
307 2083 428 2142 arbitrio
448 2101 502 2156 pro
521 2085 658 2141 mensura
676 2083 776 2141 delicti
796 2085 952 2158 impositis,
973 2085 1025 2143 sed
1045 2087 1142 2155 etiam,

51 2169 131 2238 quod
150 2170 310 2228 maximum
330 2171 439 2228 amoris
458 2181 662 2243 argumentum
683 2181 735 2235 est,
757 2172 970 2243 temporalibus
990 2172 1111 2244 flagellis
1129 2189 1146 2228 a

52 2255 117 2313 Deo
130 2255 248 2314 indietis
261 2267 290 2315 et
303 2275 320 2314 a
334 2257 420 2315 nobis
434 2257 579 2330 patienter
598 2259 738 2328 toleratis,
753 2259 833 2330 apud
852 2259 949 2318 Deum
964 2260 1080 2318 Patrem
1095 2277 1147 2331 per
1235 2275 1237 2280 ¹

52 2341 200 2400 Christum
213 2344 317 2416 Jesum
331 2345 496 2402 satisfacere
510 2345 668 2403 valeamus.

509 2520 690 2572 CANONES.

87 2672 107 2708 1.
146 2651 176 2710 Si
196 2653 263 2724 quis
282 2654 395 2723 dixerit,
409 2656 438 2712 in
457 2656 611 2714 catholica
628 2657 762 2716 Ecclesia
779 2659 988 2718 Poenitentiam
1007 2678 1066 2717 non
1084 2677 1148 2718 esse

50 2755 115 2797 sere
129 2750 159 2798 et
172 2741 290 2812 proprie
300 2753 525 2812 sacramentum,
534 2762 587 2816 pro
596 2744 744 2812 fidelibus,
755 2749 871 2818 quoties
886 2757 953 2820 post
962 2749 1148 2820 Baptismum

52 2843 78 2882 in
92 2837 217 2898 peccata
230 2827 378 2900 labuntur,
395 2831 448 2902 ipsi
466 2832 531 2888 Deo
546 2834 773 2892 reconciliandis
785 2854 803 2892 a
816 2835 936 2894 Christo
951 2835 1083 2892 Domino
1098 2851 1148 2890 no-

51 2924 108 2971 stro
122 2916 306 2988 institutum;
326 2918 361 2974 A.
378 2917 405 2975 S.

86 3023 108 3057 2.
143 3003 175 3061 Si
188 3005 263 3075 quis,
280 3018 462 3063 sacramenta
476 3007 671 3078 confundens,
688 3009 784 3080 ipsum
800 3009 985 3080 Baptismum
1001 3009 1149 3066 Poeniten-

52 3091 96 3148 tiae
111 3101 329 3148 sacramentum
347 3111 411 3150 esse
430 3093 542 3164 dixerit,
559 3097 641 3167 quasi
657 3095 720 3153 haec
736 3097 798 3153 duo
815 3105 999 3153 sacramenta
1011 3095 1149 3154 distinfla

52 3195 108 3235 non
123 3180 192 3248 sint,
204 3190 294 3252 atque
308 3181 376 3238 ideo
390 3181 597 3239 Paenitentiam
613 3201 671 3240 non
687 3184 763 3241 retle
777 3183 938 3241 secundam
955 3196 1022 3256 post
1036 3183 1149 3240 naufra-

52 3269 130 3334 gium
144 3266 278 3325 tabulam
291 3268 448 3340 appellari;
468 3271 503 3326 A.
521 3271 548 3327 S.

84 3371 107 3424 3.
149 3354 181 3412 Si
193 3355 260 3426 quis
273 3355 386 3424 dixerit,
396 3356 484 3413 verba
498 3357 546 3414 illa
562 3357 684 3413 Domini
699 3358 874 3415 Salvatoris:
889 3358 1049 3429 “Accipite
1061 3357 1148 3428 Spiri-

53 3451 111 3498 tum
125 3442 262 3499 saudtum
276 3463 281 3498 :
302 3461 428 3515 quorum
443 3445 611 3501 remiseritis
625 3456 755 3516 peccata,
769 3447 957 3504 remittuntur
965 3445 1022 3510 eis;
1036 3455 1064 3501 et
1078 3461 1150 3515 quo-

53 3544 114 3585 rnm
128 3529 314 3598 retinueritis,
327 3541 440 3587 retenta
459 3541 526 3588 sunt
537 3531 559 3601 ’',
577 3549 637 3588 non
657 3549 721 3590 esse
741 3533 934 3604 intelligenda
951 3533 989 3589 de
1006 3540 1151 3603 potestate

52 3616 219 3674 remittendi
251 3629 373 3688 peccata
404 3619 433 3673 in
460 3628 650 3675 sacramento
683 3619 877 3687 Poenitentiae‚
908 3619 983 3675 sicut
1016 3618 1149 3674 Ecclesia

54 3701 205 3763 Catholica
224 3706 263 3763 ab
282 3706 367 3765 initio
383 3707 500 3778 semper
514 3707 669 3778 intellexit,
689 3707 843 3765 detorserit
861 3716 969 3776 autern,
986 3716 1088 3762 contra
1107 3706 1150 3760 in-

54 3790 234 3850 stitutionem
248 3793 336 3865 hujus
348 3795 534 3861 sacramenti,
549 3793 587 3852 ad
600 3795 804 3852 auctoritatem
820 3794 1000 3866 praedicandi
1017 3793 1149 3863 Evange-

55 3877 143 3949 lium;
163 3883 199 3938 A.
216 3882 244 3938 S.

86 3987 110 4038 4
148 3971 177 4028 Si
198 3971 264 4042 quis
282 3971 440 4042 negaverit,
452 3971 490 4028 ad
508 3970 652 4041 integram
671 3978 699 4025 et
717 3967 877 4039 perfectam
898 3978 1089 4040 peccatorum
1107 3985 1149 4025 re·

57 4053 222 4115 missionem
242 4057 349 4129 requiri
370 4068 426 4116 tres
445 4058 529 4115 aelus
550 4059 578 4113 in
601 4056 760 4128 poenitente
779 4056 861 4127 quasi
882 4057 1032 4113 materians
1057 4072 1149 4112 sacra-

57 4143 144 4199 menti
165 4145 359 4210 Poenitentiae,
375 4145 521 4214 videlicet,
537 4144 755 4208 contritionem,
776 4143 1001 4212 confessionem,
1021 4152 1050 4200 et
1069 4142 1150 4200 satis·

57 4225 221 4298 factionem,
237 4249 304 4304 quae
318 4242 375 4289 tres
390 4232 576 4289 Poenitentiae
595 4241 692 4302 partes
711 4230 869 4301 dicuutur;
887 4242 936 4287 aut
950 4230 1062 4298 dixerit,
1075 4230 1150 4286 duas

58 4321 166 4376 tantum
181 4337 244 4378 esse
258 4319 444 4378 Poenitentiae
457 4331 561 4392 partes,
580 4329 702 4376 terrores
722 4319 832 4376 scilicet
852 4318 985 4375 incussos
998 4316 1150 4374 conscien-
