2758 4652
225 179 300 229 504
658 178 714 227 DE
732 177 911 228 ORDINE.

236 296 272 303 .—

225 357 460 423 ttificationem
477 358 600 422 scilicet
617 361 813 423 animarum.
862 359 949 423 Ordo
964 360 1097 441 proprie
1116 359 1318 438 distinguitur

225 461 269 524 ab
294 462 497 524 ordinatione
520 465 605 525 sicut
630 460 767 526 effeetus
791 483 811 524 a
833 467 953 540 causa;
979 462 1145 524 ordinatio
1167 463 1253 524 enim
1276 474 1318 524 est

225 584 325 627 causa
338 565 472 641 ordinis,
481 585 538 628 seu
555 566 637 628 ritus
653 585 719 647 quo
735 565 903 628 confertur
914 575 1063 646 potestas
1075 566 1209 640 ordinis,
1220 567 1320 646 proin-

226 669 335 750 deque
350 677 401 731 est
416 665 511 732 attus
526 669 701 745 transiens
711 670 792 732 dum
809 670 892 732 ordo
907 677 959 730 est
974 668 1097 748 gradus
1113 687 1169 730 seu
1185 667 1322 748 dignitas

226 791 271 833 ex
297 791 332 833 se
355 791 562 853 permanens
609 772 812 854 Frequenter
838 782 951 835 autem
980 770 1051 833 haec
1078 772 1146 854 duo
1172 769 1323 832 vocabula

226 875 414 955 promiscue
438 882 615 936 sumuntur
627 895 635 952 ;
658 875 704 937 ita
727 875 864 957 quando
886 875 1028 937 dicitur:
1053 873 1142 937 Ordo
1163 885 1211 936 est
1225 895 1323 936 scura·

227 986 382 1054 mentum,
397 974 602 1058 significatur
617 976 788 1040 ordinatio.

272 1087 340 1175 (13)
368 1089 455 1154 Ordo
476 1091 586 1172 igitur,
608 1101 774 1171 quatenus
797 1092 885 1154 idem
913 1101 1010 1155 sonat
1034 1111 1072 1152 ac
1095 1090 1265 1164 ordinatii),
1281 1101 1325 1150 est

226 1205 465 1256 sacramentum
478 1195 522 1256 N.
535 1194 575 1256 L.
585 1215 646 1275 quo
660 1194 845 1275 spin'tuulis
858 1195 1007 1257 traditur
1012 1203 1157 1274 potestas
1170 1204 1201 1256 et
1214 1195 1325 1272 confrr-

228 1307 285 1359 tur
292 1297 409 1378 gratia
424 1297 472 1359 ad
482 1297 708 1379 conficiendam
723 1299 757 1360 E
757 1298 979 1373 uclran'stiam,
990 1298 1119 1378 aliaque
1128 1297 1326 1358 ecclesiastica

229 1401 343 1462 rnrrnia
359 1399 420 1462 rite
434 1399 585 1463 obermda.
631 1400 763 1482 Quibus
778 1401 887 1464 verbis
903 1402 1068 1464 indicatur
1080 1421 1138 1482 per
1150 1399 1212 1462 hoc
1227 1421 1327 1461 sacra-

230 1513 391 1577 mentum,
407 1505 456 1584 (a)
473 1523 536 1565 non
554 1504 661 1566 solum
678 1504 817 1566 conserti
834 1505 986 1592 gratiam,
996 1506 1054 1567 sed
1070 1505 1172 1566 etiam
1189 1513 1328 1585 potesta·

230 1617 297 1668 tem
321 1626 397 1668 vere
420 1603 586 1683 adtivam;
612 1606 663 1688 (b)
687 1607 776 1670 illam
801 1608 943 1688 gratiam
967 1618 1000 1671 et
1023 1616 1225 1689 potestatem
1249 1607 1329 1669 tradi

231 1709 397 1789 praecipue
416 1709 457 1772 ad
480 1705 724 1772 confectionem
743 1709 984 1788 Eucharistiae;
1006 1710 1056 1792 (c)
1072 1711 1265 1773 secundarie
1278 1729 1330 1770 au-

154 1833 158 1838 ·
231 1821 298 1873 tem
322 1812 365 1873 ad
390 1811 455 1873 alia
477 1821 686 1875 sacramenta
708 1813 928 1877 ministranda
950 1813 1001 1876 vel
1024 1815 1137 1875 munia
1159 1832 1250 1875 sacra
1276 1813 1332 1873 rite
1375 1873 1376 1910 1

231 1913 394 1977 obeunda.
442 1913 732 1978 Praetermittendo
747 1916 951 1997 quaestiones
967 1917 1145 1978 canonicas
1159 1935 1234 1996 quae
1250 1914 1331 1976 ordi·

233 2018 383 2079 nationes
399 2017 587 2098 respiciunt,
604 2017 746 2082 breviter
761 2020 960 2082 disseremus
981 2031 1012 2080 10
1023 2018 1066 2080 de
1079 2018 1216 2082 Ordinis
1230 2037 1332 2078 sacra-

233 2129 347 2183 mento
362 2119 396 2180 in
407 2139 545 2200 genem·
570 2132 604 2181 2⁰
619 2120 660 2183 de
677 2120 816 2202 singulis
831 2120 1002 2183 ordinibus
1019 2119 1052 2181 in
1068 2119 1173 2201 specie.

452 2303 539 2380 Art.
569 2301 599 2381 Ι.
631 2303 693 2380 De
717 2303 873 2382 Ordine
895 2305 936 2380 in
962 2283 1119 2402 genere.

276 2493 306 2542 2.
356 2481 502 2543 Errorcs.
554 2479 781 2544 Existentiam
810 2482 946 2546 Ordinis
973 2493 1010 2545 ut
1036 2484 1236 2546 sacramenti
1264 2485 1334 2546 Pro·
1374 2515 1375 2520 κ

236 2593 397 2648 testantes
434 2568 618 2667 qeneratim
659 2595 793 2666 negant,
828 2586 855 2648 si
894 2586 1084 2649 Ritualistae
1121 2589 1334 2670 excipiantur.

236 2687 283 2766 (a)
301 2685 447 2763 Quakeri
460 2686 587 2748 nullum
605 2695 781 2750 externum
798 2689 1016 2751 ordinationis
1033 2689 1132 2752 ritum
1150 2691 1335 2756 admittunt.

236 2791 394 2853 docentes
421 2789 611 2872 quemlibet,
639 2789 765 2871 absque
795 2795 896 2853 sexus
928 2793 978 2854 vel
1004 2793 1114 2854 aetatis
1144 2793 1336 2856 discrimine

237 2893 382 2956 interiori
399 2893 533 2975 spiritus
550 2893 703 2973 impulsu,
716 2894 902 2956 ministrum
920 2895 1097 2971 constitui;
1121 2892 1175 2975 (b)
1197 2894 1339 2958 Unitarii
1373 2881 1374 2940 ἐ

239 2998 382 3079 aliquem
415 2997 512 3058 ritum
544 3005 720 3058 externum
752 2995 945 3073 admittunt,
974 3016 994 3058 a
1026 2996 1168 3077 singulis
1198 2998 1337 3060 ecclesiis

238 3101 539 3173 determinandum,
551 3120 618 3181 quo
634 3120 700 3162 non
718 3109 936 3174 consecratur,
948 3101 1005 3163 sed
1022 3102 1134 3182 potius
1150 3102 1339 3182 designatur

153 3247 158 3255 -
240 3205 413 3292 minister;
440 3203 486 3282 tc)
509 3202 756 3282 Presbyteriam'
775 3213 809 3266 et
831 3203 990 3284 Baptistae
1011 3213 1137 3285 negant
1159 3203 1338 3268 distinffio

240 3327 316 3369 nem
336 3325 408 3368 esse
432 3307 518 3368 inter
540 3305 725 3387 Episcopos
750 3315 783 3368 et
804 3307 1027 3388 PresbyteroS,
1046 3317 1234 3389 tenentque
1256 3311 1339 3370 Pres-
1372 3325 1373 3342 ³

242 3411 376 3493 byteros
399 3429 471 3472 esse
495 3409 663 3472 ministros
686 3408 786 3484 verbi,
809 3429 828 3470 a
851 3408 1003 3476 fidelibus
1026 3411 1265 3490 designandos
1288 3411 1340 3473 sub

242 3514 338 3576 certis
355 3511 612 3585 conditionibus,
627 3511 685 3573 sed
703 3531 768 3573 non
787 3511 986 3575 Sacerdotes
1005 3511 1140 3592 speciali
1157 3511 1340 3576 charactere

243 3619 398 3692 indutos;
424 3615 476 3697 (d)
499 3614 680 3694 Anglicani
700 3613 836 3676 tandem
861 3625 894 3676 et
921 3613 1127 3676 Metlrodtstre
1148 3614 1342 3696 Episcopatu

244 3719 389 3782 latentur
404 3720 539 3801 quidem
556 3717 799 3781 ordinationem
817 3717 947 3780 nonnisi
963 3736 1021 3798 per
1037 3716 1226 3799 Episcopos
1241 3719 1341 3780 valide
1371 3785 1372 3800 χ

245 3823 383 3886 conferri
400 3843 506 3904 posse,
522 3825 580 3885 sed
598 3831 722 3902 negant
745 3841 802 3904 per
826 3822 915 3883 illam
938 3821 1009 3884 dari
1033 3820 1175 3901 gratiam
1187 3833 1209 3883 ¹.
1257 3821 1341 3903 Quos
1371 3809 1372 3841 ¹

246 3947 369 3987 errores
386 3927 417 3986 in
434 3927 573 3988 decursu
590 3923 766 3986 hastatus
783 3923 1036 3987 contutabimus.

283 4120 290 4141 ¹
301 4115 346 4166 Ad
360 4115 491 4168 fusiorem
502 4117 601 4171 horum
612 4135 736 4172 errorum
744 4119 947 4188 expositionem
957 4117 1076 4170 conferri
1087 4129 1207 4186 possunt
1219 4136 1271 4188 pro
1283 4116 1343 4171 Uni·
1370 4155 1371 4227 p

250 4199 327 4251 tnriis
339 4199 370 4266 J.
392 4199 501 4264 Clarke,
525 4203 639 4256 Manual
653 4205 689 4266 ,of
705 4205 855 4259 Unitarian
875 4205 967 4268 belief,
985 4217 1038 4274 47;
1058 4219 1109 4273 pro
1129 4205 1343 4272 Presbyterianu
1369 4281 1370 4286 Ἰ

253 4285 358 4352 Hodge,
372 4287 444 4354 Syst.
459 4287 554 4354 theol,
567 4289 681 4355 11,4⁶6;
698 4291 825 4358 111,689;
839 4308 889 4361 pro
901 4291 1036 4360 Baptistis
1045 4291 1157 4360 Hovey,
1169 4291 1243 4356 Syst
1255 4291 1342 4345 theol..
