2780 4646
242 147 302 197 1³8
679 147 819 198 CAPUT
835 147 894 197 111.

255 263 339 270 ----·-·
777 261 1326 272 u———u———u—-——-—-——

242 327 407 407 tiquorum
424 325 654 407 theologorum
669 348 676 402 ;
699 336 847 389 attamen
871 336 939 390 vox
956 331 1053 388 “vere
1071 328 1186 390 mereri
1196 329 1220 403 ’',
1232 328 1327 408 juxta

242 448 452 491 communem
480 429 795 509 interpretationem,
820 429 972 492 meritum
997 431 1038 492 de
1061 430 1225 511 condigno
1247 431 1327 492 desi·

242 544 329 614 gnat.
1195 536 1200 548 '
1229 591 1231 596 .

286 650 353 714 194
405 647 435 696 10
449 633 620 715 Scriptura
633 632 689 714 (A)
706 633 738 698 S.
753 634 881 708 Paulus,
894 635 1031 715 loquens
1047 637 1088 696 de
1105 636 1260 710 mercede,
1272 635 1327 696 sibi

241 736 378 817 aliisque
401 733 524 798 sanetis
548 739 712 798 reservata
735 737 767 797 in
792 736 886 810 coelo,
910 736 980 799 haec
1004 736 1104 798 habet
1119 749 1150 798 :¹
1175 738 1326 799 “Bonum

240 850 407 903 certamen
433 840 564 915 certavi,
590 859 718 901 cursum
743 839 981 912 consummavi,
1005 837 1103 901 fidem
1129 840 1276 902 servavi:
1299 841 1326 900 in

241 941 366 1022 reliquo
382 942 526 1023 reposita
547 951 596 1002 est
619 941 698 1002 mihi
721 933 990 1021 coronajus'titioe,
1006 961 1105 1021 quam
1123 941 1237 1004 reddet
1252 941 1326 1003 mihi

242 1029 406 1105 Dominus
423 1044 455 1104 in
473 1043 529 1105 illa
541 1041 595 1104 die
597 1043 713 1123 justus
713 1044 827 1124 judex,
841 1063 906 1104 non
923 1043 1029 1104 solum
1046 1053 1158 1105 autem
1175 1044 1262 1118 mihi,
1273 1042 1325 1104 sed

241 1157 273 1209 et
290 1147 336 1220 iis,
352 1148 408 1227 qui
425 1147 568 1227 diligunt
583 1139 767 1208 'adventum
789 1147 860 1226 ejus
872 1147 908 1224 ’';
931 1147 1023 1226 atqui
1040 1147 1095 1208 illa
1110 1147 1210 1209 verba
1225 1148 1327 1209 claris-

240 1249 321 1310 sime
338 1249 485 1311 indicant
501 1249 602 1310 vitam
620 1259 778 1312 aeternam
797 1267 870 1310 vere
888 1258 921 1311 et
941 1249 1071 1331 proprie
1096 1250 1210 1311 mereri
1234 1270 1252 1311 a
1274 1269 1324 1309 no-

241 1350 289 1412 bis
309 1373 315 1413 :
333 1371 410 1412 nam
428 1351 495 1412 vita
511 1360 636 1412 aeterna
651 1349 829 1414 exhibetur
844 1351 891 1413 uti
908 1371 1030 1413 corona
1035 1353 1188 1432 justitia,
1205 1373 1259 1414 seu
1276 1351 1325 1412 de·

241 1455 309 1518 bita
324 1458 441 1517 eodem
458 1455 555 1517 titulo
570 1475 608 1517 ac
624 1475 747 1517 corona
767 1455 912 1517 vincenti
935 1455 966 1516 in
989 1453 1074 1517 ludis
1094 1456 1283 1525 debebatur,
1297 1463 1325 1514 et

240 1559 392 1621 tribuitur
419 1579 438 1619 a
454 1558 548 1637 jusm
564 1557 685 1638 judice,
708 1576 773 1618 non
802 1557 900 1637 igitur
922 1577 965 1618 ex
990 1561 1079 1630 mera
1103 1557 1325 1629 misericordia,

240 1664 296 1724 sed
315 1671 472 1741 tanquam
485 1661 661 1741 praemium
685 1680 752 1740 quo
772 1658 960 1739 judicamur
976 1661 1067 1742 digni
1085 1671 1219 1744 propter
1232 1679 1326 1742 opera

240 1763 513 1844 supernaturalia,
543 1762 593 1823 his
625 1761 732 1824 verbis
761 1763 945 1843 descripta:
982 1760 1132 1822 “bonum
1166 1770 1324 1822 certamen
1381 1757 1382 1798 Ι

240 1867 360 1928 certavi
371 1867 387 1892 '’
403 1877 462 1929 etc.

285 1965 350 2055 (Β)
381 1971 520 2050 Insuper
547 1969 578 2030 in
607 1969 719 2031 multis
744 1967 833 2041 locis,
858 1969 925 2030 vita
950 1977 1074 2029 aeterna
1097 1965 1272 2027 exhibetur
1294 1971 1324 2024 ut

241 2094 364 2148 merces,
395 2073 620 2147 remuneratio,
647 2071 822 2143 retributtb,
848 2071 925 2151 quia
952 2077 1087 2161 propter
1115 2067 1203 2129 bona
1231 2085 1324 2148 opera

239 2180 337 2240 datur
349 2202 355 2239 :
371 2183 386 2208 “
398 2177 550 2241 Gaudete
561 2185 595 2237 et
605 2169 943 2253 exsultatequoniam
955 2192 1070 2233 merces
1078 2179 1187 2232 vestra
1198 2171 1325 2249 copiosa

240 2289 289 2342 est
314 2281 346 2342 in
368 2280 485 2341 coelis”
499 2291 532 2354 2;
555 2277 696 2339 “Nolite
718 2278 829 2356 itaque
850 2274 1003 2336 amittere
1021 2271 1256 2335 confidentiam
1277 2290 1324 2331 ve-

239 2393 350 2455 stram,
365 2403 439 2462 qua:
463 2399 620 2462 magnam
648 2378 745 2440 habet
768 2377 1055 2440 rerrruncrutionem
1068 2377 1107 2431 ”3
1124 2397 1130 2452 ;
1154 2381 1171 2408 “
1183 2375 1324 2438 Scientes

240 2485 326 2565 quod
352 2484 518 2564 accipietis
542 2503 560 2544 a
585 2482 659 2543 Deo
684 2481 923 2544 retributionem
948 2480 1139 2542 hereditatis
1150 2479 1212 2555 ”4;
1238 2476 1322 2557 atqui

240 2606 372 2661 merces,
393 2586 613 2648 remuneratio
635 2594 668 2646 et
692 2584 863 2646 retributio
886 2592 1077 2663 supponunt
1099 2601 1212 2644 verum
1236 2579 1323 2642 meri·
1380 2637 1381 2642 ,

240 2703 332 2753 tum:
351 2709 416 2750 non
434 2699 543 2771 potest
559 2688 647 2751 enim
664 2688 734 2748 dari
752 2706 884 2761 merces
900 2695 959 2748 etc.
976 2686 1047 2746 sine
1066 2705 1164 2765 opere
1181 2683 1323 2746 mercede

239 2794 350 2873 dign0,
366 2811 423 2852 seu
441 2792 616 2866 meritorio,
632 2811 671 2851 eo
688 2791 794 2870 magis
810 2791 887 2871 quia
903 2809 1010 2870 graeca
1026 2809 1093 2850 vox
1112 2787 1216 2858 μισθός
1231 2787 1322 2868 signi-

239 2893 314 2956 ficat
331 2893 490 2974 quidquid
509 2913 568 2975 pro
584 2897 684 2973 opera
701 2892 876 2972 paciscitur
888 2903 921 2968 5;
943 2910 1029 2973 ergo.

282 2997 339 3075 (C)
371 2994 592 3058 Confirmatur
622 2996 871 3077 comparatione
901 3015 975 3075 quae
1011 2993 1047 3055 fit
1081 2993 1166 3055 inter
1196 3009 1320 3074 poenam

239 3099 404 3160 damnatis
421 3099 597 3178 irrogatam
621 3109 653 3160 et
678 3100 862 3159 mercedem
877 3097 975 3178 justis
991 3114 1190 3158 concessam.
1239 3096 1321 3160 Sicut

239 3200 327 3262 enim
345 3198 490 3280 reprobis
506 3199 653 3263 dicetur:
676 3207 690 3232 ·‘
704 3202 873 3263 Discedite
889 3222 909 3262 a
926 3221 987 3274 me,
1003 3195 1195 3262 maledieti...
1211 3195 1320 3262 esurivi

238 3302 332 3375 enim,
349 3309 382 3361 et
404 3320 469 3361 non
491 3300 629 3363 dedistis
650 3304 728 3364 mihi
752 3303 951 3365 manducare
964 3303 990 3376 '’,
1006 3304 1053 3364 ita
1071 3301 1193 3383 pariter
1214 3301 1321 3364 bonis:

237 3405 388 3466 “Venite
412 3401 602 3467 benedieti...
618 3407 735 3468 esurivi
760 3403 905 3482 enim,‘et
927 3406 1064 3468 dedistis
1086 3405 1165 3467 mihi
1191 3407 1320 3468 mandu-

238 3531 311 3572 care
324 3511 338 3534 ’'
348 3509 369 3570 ⁶.
418 3509 517 3572 Unde
534 3511 598 3571 sic:
621 3509 738 3571 eodem
761 3511 861 3571 modo
877 3529 912 3571 se
929 3509 1051 3572 habent
1067 3527 1167 3591 opera
1184 3509 1272 3571 bona
1286 3505 1320 3569 ad

239 3613 340 3672 vitam
354 3621 512 3672 aternam
525 3631 563 3672 ac
576 3630 676 3690 opera
689 3611 776 3673 mala
790 3612 890 3673 relate
903 3613 944 3673 ad
955 3611 1222 3688 damnationem;
1238 3607 1320 3691 atqui

240 3713 309 3774 haec
326 3731 400 3776 vere
417 3723 584 3775 merentur
601 3723 759 3775 aeternam
784 3715 1044 3788 damnationem,
1060 3733 1153 3776 secus
1170 3713 1263 3776 Deus
1278 3713 1320 3794 ju·

239 3826 308 3877 stus
325 3835 391 3875 non
407 3825 512 3893 esset;
535 3835 613 3895 ergo
630 3815 685 3877 illa
700 3817 802 3877 vitam
819 3827 977 3878 aeternam
993 3835 1069 3878 vere
1083 3827 1258 3878 merentur.

271 3961 327 4018 1ΙΙ
343 3960 416 4018 Τιήι.
435 3965 482 4030 lV,
497 3979 523 4030 7;
543 3965 590 4017 cir.
607 3967 698 4019 ICor.
719 3967 883 4035 1X,2rsq.-

273 4051 380 4102 ²rllutt
396 4051 429 4115 V,
446 4068 491 4114 ης
511 4051 556 4104 cir.
572 4053 769 4119 Aper-xxm,
790 4067 828 4106 12.
845 4083 878 4091 —
891 4050 901 4082 ³
914 4053 998 4107 Hebr.
1013 4055 1048 4108 X.
1064 4067 1106 4124 35.
1131 4121 1133 4126 Ι

169 4171 172 4178 ·
271 4151 280 4180 ⁴
294 4134 384 4190 Color.
401 4138 455 4202 ΙΙΙ,
468 4155 509 4204 ²4·
519 4167 550 4175 -
561 4141 570 4172 ⁵
582 4138 662 4203 Vide,
673 4139 745 4192 inter
757 4140 835 4204 alios,
845 4141 1018 4205 Schleusner,
1033 4141 1162 4208 lexicon,
1173 4140 1201 4194 in
1214 4141 1241 4196 h.
1253 4139 1319 4194 verb.

270 4220 377 4275 “Mara
394 4223 483 4289 XXV,
498 4235 530 4288 34
544 4239 599 4291 sq.;
619 4224 653 4278 ct'.
670 4226 747 4278 Rom.
765 4227 802 4292 ΙΙ,
816 4229 833 4280 6
846 4243 887 4296 sq.
