2776 4644
417 151 752 204 PROLEGOMENA.

42 345 70 394 ct
90 333 216 396 Zoaimo
238 335 271 397 in
297 333 450 416 Epistola
479 333 646 396 Trallorril
672 327 785 416 (418);
813 349 940 392 necnon
958 327 998 424 ‘in
1025 327 1125 391 Cone.

41 436 158 498 OEcum.
174 437 332 518 Eplcesinn
348 439 450 517 (431).

77 553 116 616 13
156 537 218 624 (C)
235 539 493 620 Serm'pedtginm'
505 553 525 615 ¹,
540 559 682 620 quorum
699 541 800 601 duces
817 535 974 617 praecipui
994 533 1126 596 luerunt

41 638 209 716 Curianus,
221 641 326 704 abbas
339 642 530 704 monasterii
549 642 580 704 S.
595 639 739 703 Vidtoris
757 638 925 710 Massiliae,
938 636 1128 700 Gennadius

38 742 248 820 llassiliensiS,
265 754 298 806 et
321 745 474 819 Faustus,
492 745 666 823 Regiensis
692 744 888 824 Episcopus,
911 740 1005 820 quasi
1029 737 1126 800 dinn-

35 845 151 906 dintunr
175 847 455 928 Pelagianismum
479 848 673 909 docuerunt.
726 844 966 925 Agnoscebant
990 841 1124 923 quidem

34 951 149 1027 peccati
165 951 334 1030 originalis
350 950 575 1024 existentiam,
587 960 621 1011 et
637 949 827 1012 debilitates
840 945 1020 1007 voluntatis
1033 945 1127 1017 vireS,

33 1053 86 1112 sed
108 1053 201 1115 simul
226 1055 386 1117 tenebant
416 1051 471 1139 (a)
498 1055 639 1134 gratiam
663 1054 846 1116 secundum
872 1051 989 1112 merita
1013 1058 1127 1110 nostra

33 1155 107 1228 dari,
122 1156 194 1218 licet
214 1158 396 1219 concordes
420 1178 486 1219 non
511 1169 622 1220 essent
645 1157 677 1217 in
703 1154 905 1235 explicando
928 1151 1127 1232 quibusnam

34 1254 152 1318 actibus
167 1277 240 1320 eam
259 1261 375 1321 mereri
394 1261 560 1340 possimus
575 1283 581 1335 ;
598 1260 734 1341 quidam
752 1267 876 1330 tamen,
887 1265 923 1316 ut
939 1255 1127 1326 CassianuS,

33 1359 263 1422 existimabant
280 1381 353 1424 eam
372 1362 536 1425 interdum
551 1363 621 1424 dari
635 1362 761 1441 absque
774 1358 848 1420 ullis
862 1355 1127 1438 praecedentibus

34 1461 159 1536 meritis,
176 1463 251 1525 licet
268 1464 389 1544 sapius
406 1465 468 1526 sub
485 1466 604 1527 merito
620 1465 774 1538 caderet;
798 1461 852 1522 alii
870 1478 947 1520 vero
968 1457 1128 1520 tenebant

32 1582 100 1624 eam
123 1566 252 1626 nonnisi
278 1577 412 1647 propter
436 1567 659 1647 praecedentia
683 1564 800 1627 merita
824 1561 984 1634 conferri;
1009 1556 1063 1644 (b)
1085 1560 1127 1620 ad

34 1667 154 1728 initium
179 1667 265 1742 fidei,
289 1669 339 1730 uel
365 1671 644 1750 perseverantiam
676 1669 707 1730 in
737 1666 815 1740 fide,
839 1676 896 1727 aut
925 1663 1126 1726 desiderium

32 1787 111 1847 opus
125 1772 374 1850 supernaturale
391 1771 542 1846 faciendi,
558 1773 699 1852 gratiam
718 1771 881 1830 internam
900 1787 965 1828 non
984 1785 1055 1828 esse
1072 1786 1127 1827 ne-

31 1873 210 1946 cessariam,
223 1875 281 1935 sed
299 1875 404 1937 solum
422 1876 464 1936 ad
482 1895 583 1956 opera
600 1874 689 1935 bona
706 1870 921 1953 perficienda,
938 1869 1126 1930 sicutenim

32 1984 168 2052 egrotus
186 1995 252 2037 non
271 1986 382 2056 potest
398 1978 532 2058 quidem
551 1977 695 2058 seipsum
710 1994 833 2048 curare,
844 1974 901 2034 sed
916 1982 1027 2034 tamen
1041 1973 1127 2033 sani·

32 2087 127 2140 tatem
143 2078 332 2142 desiderare
349 2091 382 2142 et
399 2082 565 2143 medicum
583 2099 738 2160 quaerere,
756 2079 802 2140 ita
821 2078 923 2138 homo
940 2096 997 2158 per
1013 2095 1127 2156 pecca-

32 2190 97 2240 tum
113 2182 303 2245 vulneratus
319 2183 460 2246 salutem
478 2185 674 2255 desiderare,
687 2192 721 2244 et
738 2181 847 2242 media
864 2181 905 2242 ad
922 2199 995 2242 eam
1013 2199 1127 2242 conse-

31 2284 189 2360 quendam
207 2304 267 2366 per
283 2306 317 2348 se
333 2306 478 2367 quaerere
494 2287 582 2349 valet
596 2309 603 2363 ;
629 2280 683 2370 (c)
700 2285 834 2347 tandem
848 2283 1125 2364 perseverantiam

32 2384 58 2442 in
77 2385 162 2446 bono
179 2389 305 2449 meritis
321 2389 466 2451 obtineri
483 2409 580 2470 posse
596 2388 770 2450 docebant.

71 2487 104 2549 S.
120 2491 339 2570 Augustinus,
354 2491 423 2571 jam
448 2512 561 2567 senex,
579 2491 671 2553 illum
695 2509 838 2551 errorem
862 2500 996 2552 strenue
1020 2489 1126 2569 impu-

32 2593 146 2668 gnavit,
165 2604 199 2654 et
223 2613 298 2654 cum
324 2593 380 2656 illo
406 2594 600 2676 §.Prosper
619 2604 652 2655 et
678 2593 712 2655 S.
731 2592 947 2672 Fugentiuu
971 2593 1126 2654 eumdem

32 2711 166 2755 errorem
184 2695 358 2758 damnavit
376 2695 534 2777 synodus
550 2697 763 2759 Arausicann
779 2695 820 2756 ll
836 2691 941 2777 (529),
957 2716 977 2757 a
994 2695 1096 2757 Bonis
1115 2732 1127 2741 -
1206 2775 1209 2784 Δ

33 2796 76 2856 cio
94 2798 126 2860 ll
144 2798 337 2860 solemniter
354 2800 540 2881 approbata
555 2798 733 2877 (Denaing,
750 2817 803 2877 op.
820 2797 872 2859 cit.
895 2797 975 2876 144).

70 2910 113 2974 14
164 2893 234 2982 (D)
259 2899 497 2976 Rationnlr'stoe,
513 2921 653 2980 quorum
678 2901 816 2963 historia
840 2900 871 2960 in
903 2899 954 2961 Tr.
976 2900 1014 2962 de
1045 2900 1127 2963 Verri

34 2999 126 3082 Relig.
146 2999 195 3085 (n.
214 3000 330 3086 27·35)
349 3004 543 3078 delineatur,
559 3024 599 3065 eo
615 3004 778 3085 principio
800 3004 906 3065 innixi
930 3004 1019 3084 quod
1045 3007 1128 3066 ratio

35 3101 68 3161 sit
82 3105 198 3165 unicus
214 3105 281 3164 veri
299 3114 332 3167 et
350 3105 432 3179 salsi,
449 3105 527 3167 boni
544 3116 578 3168 et
595 3105 673 3167 mali
691 3107 822 3180 arbiter,
839 3105 919 3167 illud
937 3125 1037 3168 omne
1054 3107 1128 3187 reji-

33 3203 111 3268 ciunt
135 3206 227 3286 quod
253 3207 380 3270 ratione
403 3208 623 3270 demonstrari
648 3209 786 3289 nequit;
811 3209 898 3283 hinc,
918 3209 1018 3289 juxta
1046 3210 1128 3284 illos,

32 3303 122 3368 homo
138 3309 182 3369 ad
201 3307 300 3370 linem
318 3311 603 3391 supernaturalem
621 3330 793 3391 nunquam
818 3311 879 3374 fuit
899 3309 1040 3385 evedtus,
1056 3312 1128 3374 nul-

32 3407 91 3470 lum
114 3410 276 3490 originale
301 3424 474 3493 peccatum
501 3415 644 3486 incurrit,
669 3413 759 3475 nulla
782 3415 909 3495 indiget
933 3415 1047 3494 gratia,
1070 3416 1127 3476 sed

32 3514 162 3592 propriis
180 3513 304 3576 viribus
320 3534 360 3576 ea
376 3533 577 3595 cognoscere
593 3524 626 3576 et
643 3535 742 3595 agere
759 3525 878 3595 potest,
891 3535 967 3596 quae
980 3534 1128 3576 necessa-

33 3614 73 3673 ria
87 3627 164 3678 sunt
181 3616 223 3677 ad
243 3615 342 3680 tinem
360 3637 456 3678 suum
474 3617 719 3696 attingendum.
761 3618 834 3678 lmo
851 3618 1057 3678 contendunt
1070 3617 1128 3678 do·

34 3710 161 3779 &tinam
180 3717 379 3781 catholicam
404 3721 447 3781 de
469 3721 576 3799 gratia
602 3721 788 3782 libertatem
806 3730 839 3781 et
856 3719 1002 3781 studium
1023 3720 1127 3780 homi·

35 3834 102 3880 num
118 3820 290 3900 impedire,
307 3824 523 3902 mysticorum
549 3824 680 3884 somnia
705 3822 823 3897 lovere,
840 3833 873 3885 et
891 3822 1001 3884 Deum
1019 3823 1126 3904 ipsum

36 3936 157 3998 arguere
175 3919 345 3985 audiorem
363 3935 574 4006 peccatorum
592 3924 635 3985 ab
651 3923 841 3984 hominibus
859 3944 925 3985 non
942 3925 1127 3987 emendatis

65 4135 274 4211 1ΕἱΡιΙιτωίιε,
288 4146 306 4199 l.
323 4146 369 4200 cit.
386 4164 411 4216 p.
423 4148 485 4213 6483
499 4149 663 4218 Montagne,
672 4165 716 4217 op.
729 4148 774 4202 cit.
791 4164 818 4217 p.
836 4149 895 4213 164;
911 4149 1011 4218 Ala-ug.
1023 4164 1066 4216 op.
1078 4147 1123 4201 cit.

37 4227 49 4285 l
64 4240 115 4298 117;
133 4233 238 4301 Schaffi
250 4248 295 4302 op.
312 4233 356 4287 cit.
372 4231 386 4302 ἓ
405 4247 463 4304 159;
482 4236 588 4304 Meyer,
605 4235 733 4302 Cassien,
751 4237 789 4288 Sa
802 4235 856 4290 Vie
869 4247 895 4290 et
909 4252 954 4288 ses
968 4236 1070 4288 Ecrits.
