2770 4646
230 152 287 201 DE
306 153 693 205 SACRAMENTORUM
712 153 930 205 sUssJEc'ro.
1070 153 1130 203 221

44 332 187 407 quamvis
209 333 242 394 in
267 335 397 397 mortali
425 346 562 416 peccato
589 337 750 411 existunt,
773 346 831 400 aut
858 336 958 399 etiam
986 333 1132 397 censuris

46 430 246 510 innodantur,
262 447 373 498 tamen
398 457 463 499 non
485 448 562 501 sunt
585 439 781 513 denuntiati,
803 438 862 501 sed
886 437 1068 502 tolerantur
1089 435 1132 498 ab

44 530 195 598 Ecclesia.

86 695 147 748 112.
193 684 253 766 (A)
268 686 344 750 Non
360 688 432 750 licet
438 699 547 768 petere
562 698 621 750 aut
635 689 768 771 recepere
780 697 983 751 sacramenta
998 708 1019 747 a
1034 683 1131 746 mini·

42 785 116 846 stris
143 809 204 850 nnn
234 791 385 866 toleratis,
416 793 483 853 nisi
511 793 546 858 in
572 793 712 855 extremit
742 791 929 855 necessitate.
986 789 1132 861 Etenim,

44 889 91 966 (a)
103 889 279 956 formaliter
293 894 500 957 interdicitur
514 895 703 982 communio
719 896 751 957 in
768 897 868 958 sacris
881 914 956 957 cum
974 889 1131 956 ministris

43 1010 105 1056 non
134 994 280 1058 toleratis
295 1019 302 1074 ;
331 995 383 1078 (b)
413 999 546 1081 insuper
574 1000 695 1061 caritas
724 1009 815 1062 vetat
845 1019 886 1060 ne
916 1013 1132 1076 cooperemur

41 1091 156 1157 actioni
173 1099 270 1161 make
285 1101 441 1188 proximi,
456 1101 581 1183 absque
598 1103 726 1184 urgenti
744 1103 887 1180 ratione;
910 1099 1002 1181 atqui
1019 1106 1130 1178 petere

42 1210 242 1264 sacramenta
262 1223 282 1270 a
301 1222 367 1266 noo
389 1205 538 1267 toleratis
561 1215 611 1267 est
634 1205 803 1287 cooperari
826 1204 956 1266 illorum
977 1209 1130 1284 peccato;

42 1301 88 1380 (c)
103 1305 230 1366 tandem
240 1307 418 1386 prudentia
434 1310 552 1371 suadet
568 1329 618 1384 ne,
627 1329 686 1390 per
701 1308 1037 1372 communicationem
1054 1321 1128 1366 cum

41 1403 103 1466 illis
117 1407 281 1485 ministris
297 1411 477 1491 periculum
494 1413 670 1474 amittendi
688 1411 786 1476 fidem
804 1413 995 1475 incurratur.

83 1517 135 1600 (Β)
160 1522 201 1585 In
228 1525 369 1587 ertremtl
393 1527 581 1602 necessitate,
605 1529 623 1591 i.
646 1550 669 1590 e.
692 1529 726 1590 in
750 1528 887 1590 articulo
913 1525 1034 1600 rnortis,
1059 1524 1132 1586 licet

38 1625 186 1704 suscipere
198 1640 400 1690 sacramenta
421 1633 598 1694 necessaria
620 1653 641 1694 a
660 1653 722 1694 non
743 1631 895 1706 toleratis,
909 1630 941 1692 si
960 1650 1021 1691 non
1042 1627 1132 1689 adsit

38 1727 121 1789 alius
137 1731 293 1806 minister,
312 1752 367 1794 nec
388 1732 545 1795 timeatur
560 1734 760 1800 scandalum.
812 1735 900 1796 Nam
923 1733 955 1794 in
977 1735 1129 1794 extrema

40 1834 230 1898 necessitate
242 1855 318 1915 pars
331 1837 433 1898 tutior
444 1839 612 1918 sequenda
628 1848 693 1918 est;
715 1839 806 1921 atqui
819 1858 895 1920 pars
908 1837 1008 1898 tutior
1019 1836 1052 1898 in
1066 1834 1128 1896 hoc

40 1953 112 1996 casu
128 1946 176 1999 est
191 1949 400 2002 sacramenta
423 1940 466 2002 ab
490 1942 627 2023 indigno
643 1943 795 2024 recipere,
811 1961 886 2005 cum
905 1939 1055 2002 Ecclesia
1070 1938 1128 1999 det

37 2037 294 2118 jurisdictionem
306 2044 442 2108 cullibet
453 2046 605 2109 ministro
618 2047 650 2108 in
663 2046 802 2110 articulo
814 2045 939 2116 mortis,
951 2053 984 2104 et
1001 2040 1127 2103 facilius

40 2143 79 2204 sit
89 2143 259 2223 justificari
273 2167 331 2228 per
342 2159 587 2212 sacramentum
601 2170 701 2232 quam
714 2151 785 2212 sine
797 2150 878 2231 ipso.
911 2147 1127 2211 Sacramenta

40 2255 143 2310 autem
173 2252 366 2326 necessaria,
396 2253 438 2314 de
468 2252 586 2333 quibus
617 2255 735 2335 agitur,
764 2263 842 2315 sunt
872 2249 1069 2330 Baptismus,
1093 2257 1126 2308 et

41 2349 236 2426 Punitentia,
259 2354 327 2416 imo
349 2354 563 2436 probabiliter
587 2357 798 2419 Eucharistia
820 2364 854 2417 et
877 2354 938 2416 Ex.
960 2351 1082 2425 (Innio,
1098 2350 1125 2411 si

41 2453 233 2519 Poenitentia
256 2458 377 2539 suscipi
401 2469 551 2540 nequeat.
599 2459 729 2522 Dicitur
751 2466 864 2521 tamen
880 2456 1022 2518 “secluso
1036 2474 1125 2515 scan-

40 2555 139 2634 dul0'',
154 2559 232 2640 quia
248 2563 274 2622 si
294 2580 338 2623 ex
359 2561 416 2624 tali
435 2563 645 2643 susceptione
667 2561 738 2624 aliis
759 2563 893 2624 daretur
915 2558 1045 2621 occasio
1066 2576 1124 2637 pu-

40 2663 124 2724 tandi
140 2683 197 2745 per
212 2664 275 2726 hoc
290 2665 466 2747 approbari
487 2665 630 2728 schisma
650 2665 700 2728 vel
720 2664 881 2740 haeresim,
897 2673 983 2726 tunc
994 2661 1125 2723 elicien-

41 2762 95 2826 dus
109 2777 194 2829 esset
210 2765 304 2830 attus
324 2768 531 2831 contritionis
550 2766 711 2850 perlectae,
728 2770 770 2831 ad
792 2787 891 2849 quem
911 2775 1000 2828 certo
1018 2765 1125 2844 gratia

40 2867 163 2933 daretur
174 2877 193 2934 ¹'.

77 3035 141 3101 113
187 3019 246 3100 (A)
263 3019 354 3082 Licet
359 3029 467 3099 petere
479 3030 680 3082 sacramenta
703 3042 724 3081 a
748 3017 909 3082 ministris
931 3017 1029 3079 malis
1051 3016 1122 3078 tele-

42 3124 121 3199 rntis,
135 3124 167 3185 si
179 3123 263 3185 desit
277 3123 375 3185 benus
393 3123 548 3196 nn'nister,
564 3121 688 3185 nullum
711 3121 865 3184 timeatur
881 3120 1079 3195 scandalum,
1094 3130 1125 3182 et

41 3223 118 3286 adsit
120 3227 217 3307 justa
225 3226 360 3305 petendi
372 3246 477 3288 cansa.
517 3225 650 3288 Etenim
664 3225 720 3305 qui
733 3225 817 3306 petit
828 3233 1072 3285 sacramentum
1090 3223 1121 3284 in

42 3344 107 3389 casu
123 3329 225 3392 allato
240 3348 306 3390 non
322 3329 488 3390 concurrit
503 3325 626 3391 directe
644 3339 677 3390 et
698 3327 889 3390 immediate
909 3336 1047 3407 peccato
1063 3327 1122 3386 mi-

42 3430 132 3508 nistri,
147 3434 204 3495 sed
222 3433 302 3495 illud
319 3433 531 3495 solummodo
551 3431 732 3513 permittit;
758 3432 850 3511 atqui
872 3431 955 3504 licet,
969 3429 1058 3509 justa
1081 3428 1122 3489 de

42 3539 137 3611 causa,
151 3536 345 3617 permissive
360 3556 396 3597 se
411 3534 531 3597 habere
554 3535 595 3595 ad
620 3531 731 3598 actum
750 3535 1017 3615 peccaminosum
1042 3530 1121 3591 alte·

70 3739 77 3768 ¹
88 3745 166 3812 Quod
175 3743 334 3798 confirmari
344 3753 435 3813 potest
450 3761 583 3814 responso
595 3745 623 3799 S.
638 3745 672 3798 O.
684 3757 708 3810 7.
719 3745 773 3813 Jul.
789 3744 855 3808 1864
866 3745 930 3813 (Ap.
944 3744 1121 3815 Cottenanea,

42 3831 167 3901 n.1845l;
186 3849 272 3900 quum
291 3831 367 3885 enim
386 3834 535 3901 quaesitum
553 3832 649 3887 luisset
665 3845 756 3887 utrum
776 3831 868 3898 liceat,
881 3832 978 3885 mortis
994 3833 1119 3903 articulo,

44 3911 232 3972 absolutionem
240 3935 258 3972 a
266 3919 411 3972 sacerdote
421 3918 599 3973 schismatico
607 3919 744 3988 accipere,
751 3935 916 3987 responsum
925 3929 978 3972 est:
988 3923 1004 3944 “
1014 3920 1119 3984 Licere,

44 3997 181 4058 riummodo
194 4015 289 4058 tamen
308 4015 336 4057 et
354 4004 416 4058 aliis
435 4005 563 4060 fidelibus
581 4022 636 4058 non
656 4007 813 4074 praebeatur
830 4007 1003 4074 scandalum,
1017 4025 1068 4062 nec
1087 4010 1122 4063 sit

46 4085 178 4146 periculum
197 4101 227 4144 ut
246 4089 338 4146 fidelis
357 4092 393 4144 ab
412 4092 543 4145 haeretico
562 4103 743 4160 pervertatur,
761 4104 789 4145 et
808 4095 921 4148 tandem
942 4095 1122 4162 probabiliter

46 4173 155 4230 credatur
175 4177 352 4232 sacerdotem
373 4177 535 4231 haereticum
557 4178 817 4232 administraturum
839 4180 893 4233 hoc
914 4194 1121 4237 sacramentum

47 4263 180 4317 secundum
194 4264 262 4318 ritus
276 4264 413 4318 Ecclesiae
424 4265 443 4317 ''.
