2758 4652
330 183 386 235 DE
404 185 619 236 EXTREMA
636 186 863 239 vacatoria.
1076 185 1143 238 58⁵

33 361 153 438 modo,
172 365 393 432 ministrando
408 389 450 432 sc.
467 369 528 433 Ex.
547 368 759 445 Undiionem,
769 371 811 434 ad
828 370 922 452 cujus
937 369 1142 433 validitatem

31 467 165 532 sufficit
189 472 317 536 attritio
343 473 481 538 interna
529 474 689 537 Nonnulli
713 483 824 537 tamen
850 473 996 556 theologi
1020 481 1144 554 negant

31 580 214 651 pastorem
236 573 278 636 ad
302 574 334 636 id
360 577 464 638 teneri
488 597 563 639 curn
581 576 727 659 periculo
743 577 829 652 vitae,
845 579 922 660 quia
938 595 1014 658 spes
1030 575 1143 657 proxi-

30 693 133 736 mum
151 673 302 738 salvandi
320 678 352 739 in
367 663 430 742 hoc
445 699 523 742 casu
540 689 628 742 certa
645 699 710 742 non
728 689 788 754 est,
804 699 906 761 quum
924 679 1083 741 incertum
1101 677 1143 739 sit

29 785 154 840 utrum
172 779 389 844 moribundus
406 783 449 846 sit
465 783 598 846 attritus
613 796 631 846 ¹.

76 879 141 961 (C)
161 881 369 962 Sacerdotes,
384 887 442 967 qui
470 906 583 949 curam
610 887 795 948 animarum
821 905 886 948 non
912 883 1045 958 habent,
1061 884 1141 954 cari-

28 993 108 1045 tate
134 985 199 1048 sub
220 988 312 1068 gravi
336 997 500 1066 tenentur,
517 989 694 1052 deficiente
710 988 864 1071 paroch0,
882 989 919 1052 E.
940 985 1140 1052 Undtionem

28 1085 229 1150 ministrare
246 1090 515 1173 moribundo,qui
532 1091 753 1154 verisimiliter
768 1100 819 1154 est
836 1091 867 1153 in
885 1099 1024 1172 peccato
1040 1089 1141 1170 gravi,

28 1208 98 1252 nec
110 1190 354 1256 confessionem
369 1193 541 1258 instituere
553 1194 755 1278 potest,quia
769 1192 913 1274 receptio
925 1190 1023 1273 hujus
1035 1211 1141 1254 sacra-

28 1295 146 1357 menti
165 1296 331 1360 moraliter
347 1300 532 1363 necessaria
548 1307 598 1361 est
614 1298 656 1360 ad
674 1297 772 1379 hujus
788 1297 977 1360 moribundi
993 1295 1140 1359 salutem.

75 1405 131 1473 27.
181 1411 217 1459 20
236 1397 353 1475 Quoad
370 1402 579 1466 ceremonias.
626 1402 675 1484 (a)
700 1401 866 1466 Omittere
891 1421 999 1464 omnes
1021 1401 1140 1463 oratio-

27 1521 95 1562 nes
110 1502 144 1562 in
158 1501 283 1565 Rituali
296 1505 514 1586 prascriptas
526 1515 603 1568 ante
613 1505 664 1568 vel
681 1515 758 1588 post
770 1503 951 1580 unt'liones,
967 1513 1053 1568 esset
1066 1524 1140 1586 pec·

26 1613 152 1666 catum
170 1606 318 1682 mortale,
329 1617 426 1671 extra
442 1627 555 1670 casum
567 1609 781 1684 necessitatis,
793 1610 871 1690 quia
885 1608 1020 1671 materia
1032 1606 1140 1688 gravis

28 1718 96 1768 est.

78 1809 135 1889 (b)
155 1809 248 1874 Idem
265 1812 444 1876 dicendum
461 1823 512 1876 est
529 1812 723 1893 regulariter
739 1811 908 1895 loquendo
924 1814 965 1876 de
982 1809 1055 1875 adiu
1080 1811 1140 1873 rni-

28 1912 203 1974 nistrandi
238 1915 309 1977 sine
332 1916 480 1978 vestibus
514 1919 623 1993 sacris,
646 1937 689 1979 sc.
715 1916 954 1998 superpelliceo
988 1923 1022 1977 et
1045 1913 1137 1977 stola.

29 2017 211 2090 Attamen,
228 2019 255 2080 si
280 2016 416 2100 longum
440 2029 473 2082 et
489 2017 623 2082 difficile
646 2019 688 2081 sit
712 2019 782 2094 iter,
798 2030 831 2082 et
848 2018 1002 2080 sacerdos
1018 2016 1140 2080 debeat

27 2119 180 2201 pedibus
196 2121 357 2197 incedere,
370 2124 441 2185 sine
458 2122 526 2186 ullo
542 2123 642 2198 socio,
655 2123 807 2185 excusari
825 2131 936 2203 potest
952 2120 995 2183 ab
1011 2119 1137 2200 obliga-

27 2224 128 2286 tione
144 2243 256 2287 secum
272 2225 442 2289 deferendi
456 2235 582 2289 vestem
600 2227 747 2302 talarem,
759 2226 792 2288 in
809 2225 860 2286 his
878 2221 1066 2304 regionibus
1082 2221 1138 2284 ubi
1196 2217 1221 2317 ‘l

27 2347 99 2388 non
118 2325 332 2390 habitualiter
348 2328 503 2406 defertur,
520 2330 656 2412 solaque
673 2330 720 2394 uti
737 2328 831 2391 stola.

76 2429 128 2510 (c)
146 2428 287 2492 Veniale
303 2440 352 2493 est
369 2442 615 2495 sacramentum
633 2432 820 2494 ministrare
843 2430 914 2492 sine
931 2428 1064 2502 lumine,
1081 2437 1138 2490 aut

27 2533 105 2594 sine
125 2533 278 2596 ministro
286 2556 293 2610 ;
313 2535 405 2615 justa
421 2544 532 2597 tamen
550 2555 649 2598 causa
665 2543 812 2598 excusat.
860 2534 1041 2614 Nunquam
1067 2549 1138 2594 mu-

27 2635 91 2698 lier
108 2636 299 2701 adhibenda
315 2649 366 2701 est
383 2639 424 2702 ad
441 2639 586 2702 officium
605 2640 753 2714 ministri,
771 2649 804 2702 et
828 2639 853 2700 si
877 2637 1026 2699 minister
1041 2636 1137 2710 desit,

26 2739 192 2801 sacerdos
209 2740 279 2820 ipse
294 2741 501 2804 orationibus
519 2743 727 2824 respondeat.

241 2890 311 2948 111.
331 2889 386 2949 De
407 2891 634 2949 vlsltatlone
656 2891 933 2956 infirmorum..

75 3015 127 3078 28.
172 3027 204 3077 1⁰
221 3016 394 3098 obligatio.
438 3016 575 3079 Parochi
596 3017 719 3097 aliique
741 3036 852 3078 curam
871 3016 1057 3078 animarum
1076 3014 1133 3076 ha-

26 3119 161 3194 bentes,
173 3120 235 3182 sub
246 3121 337 3200 gravi
355 3129 512 3183 tenentur
528 3119 662 3182 visitare
679 3112 826 3180 infirmos
838 3117 1020 3199 periculose
1033 3137 1136 3199 aegro·

26 3233 153 3299 tantes,
177 3224 278 3286 etiarn
314 3234 390 3305 post
424 3222 748 3287 administrationem
782 3230 1076 3296 sacramentorum,
1103 3231 1136 3283 et

28 3327 250 3408 agonizantes
271 3327 396 3407 juvare,
420 3329 447 3389 si
471 3327 648 3390 commode
672 3325 741 3386 fieri
766 3325 879 3405 possit.
926 3323 1069 3387 Constat
1092 3343 1135 3385 ex

28 3430 102 3492 Rit.
122 3429 225 3504 Rom,
241 3430 296 3493 ubi
314 3431 356 3493 de
373 3431 564 3493 visitatione
587 3429 802 3499 infirmorum,
827 3436 860 3489 et
884 3427 969 3488 ratio
991 3433 1043 3488 est
1058 3427 1137 3505 quia

28 3533 124 3594 salus
140 3542 263 3596 aeterna
279 3534 465 3596 animarum
479 3533 603 3615 pendet
615 3553 657 3594 ex
672 3532 773 3595 modo
789 3552 856 3613 quo
872 3530 988 3610 aegroti
1002 3529 1136 3592 ultimas

28 3634 248 3698 difficultates
271 3647 305 3698 et
328 3637 530 3699 tentationes
554 3645 729 3718 superant;
761 3634 911 3715 jamvero
929 3634 1047 3694 Pastor
1063 3631 1136 3692 illos

26 3738 149 3818 juvare
166 3739 315 3800 maxime
330 3747 442 3820 potest
459 3747 528 3801 tum
543 3739 687 3800 consiliis
704 3747 775 3800 tum
793 3735 954 3818 precibus
967 3745 1038 3797 tum
1056 3734 1136 3815 ipsis

30 3841 207 3921 largiendo
224 3841 375 3904 ultimam
393 3839 645 3922 absolutionem.
692 3839 756 3921 (Cs.
777 3838 809 3902 C.
823 3839 908 3901 Balt.
927 3837 971 3914 11,
988 3857 1018 3900 n.
1040 3836 1122 3917 116.)

69 4025 241 4091 ¹Ballerini,
255 4027 335 4095 Opus
351 4025 468 4093 Morale,
485 4043 512 4080 n.
528 4039 574 4094 455
594 4026 718 4090 Ge‘m'col,
728 4041 754 4076 n.
771 4039 829 4088 421.

69 4113 120 4166 ²5.
135 4112 309 4180 Alphonsus,
324 4113 420 4167 Praxis
441 4113 581 4178 Confess,
601 4129 663 4181 cap.
683 4113 732 4165 ult.
754 4109 851 4164 Brevis
871 4109 963 4179 praxis
982 4108 1136 4164 assistendi

33 4198 167 4262 infirmis;
182 4199 363 4268 Capelmunn,
371 4200 476 4254 Medic.
489 4199 646 4269 pastoralis,
657 4217 683 4267 p.
695 4216 748 4253 210
759 4215 815 4267 sq.;
828 4199 1137 4267 Konings,15o9·1512;

39 4287 502 4356 W.srang,Pastora1The010gy,
517 4283 531 4355 5
545 4299 588 4355 37.
