2770 4652
244 165 312 216 ⁴00
570 201 573 207 v
686 165 826 218 CAPUT
842 166 902 216 111.

244 361 281 414 ut
297 357 532 412 convertantur
547 357 587 420 et,
604 348 805 430 poeniteant)
821 368 881 430 pro
904 346 1093 412 infidelibus
1118 359 1151 413 et
1174 371 1193 411 a
1215 349 1325 414 fortiori

244 449 498 517 catechumenis.
546 451 680 514 Etenim
706 452 738 516 S.
757 453 879 516 Paulus
902 449 1051 535 postulat
1074 453 1189 518 fideles
1211 455 1326 536 publice

244 577 338 621 orare
353 560 369 588 “
381 575 440 638 pro
456 553 612 617 omnibus
628 553 827 632 hominibus,
844 576 904 638 pro
920 557 1054 639 regibus
1070 567 1104 620 et
1120 559 1270 621 omnibus
1280 559 1326 640 qui

245 663 277 724 in
291 656 494 722 sublimitate
509 657 633 721 sunt'’¹
648 679 656 736 ;
678 678 820 740 quorum
837 659 986 741 plerique
1002 671 1082 724 tunc
1098 663 1253 743 temporis
1268 661 1327 724 infi-

245 765 336 828 deles
353 771 454 825 erant.
501 760 641 825 Constat
658 761 760 825 etiarn
777 783 821 824 ex
839 783 998 845 responso
1011 763 1044 829 S.
1058 764 1169 829 Officii
1187 768 1270 845 1865,
1281 767 1326 827 ubi

245 863 431 929 declaratur
455 860 594 923 Missam
619 860 776 924 celebrari
801 881 907 943 posse,
924 871 1062 945 accepto
1085 864 1258 946 stipendio,
1278 884 1326 945 pro

251 969 282 1031 T
280 987 432 1030 arcarum
447 965 654 1047 aliorumque
670 965 851 1048 infidelium
867 968 1060 1044 intentione,
1077 968 1258 1032 dummodo
1273 988 1327 1030 non

248 1071 335 1152 adsit
351 1069 555 1146 scandalum,
571 1068 652 1132 nihil
669 1069 702 1131 in
721 1069 825 1132 Missa
842 1071 1030 1152 specialiter
1044 1072 1198 1148 addatur,
1213 1081 1245 1135 et
1260 1069 1326 1134 nihil

246 1173 324 1239 mali
341 1183 398 1238 aut
414 1173 634 1256 superstitiosi
650 1174 738 1236 adsit
754 1175 788 1236 in
807 1173 1001 1239 Infidelibus
1018 1175 1158 1238 Missam
1177 1175 1328 1259 postulan-

246 1280 343 1344 tibus.
389 1278 541 1344 Vetitum
558 1287 671 1341 tamen
690 1276 751 1340 luit
767 1297 786 1340 a
804 1277 839 1340 S.
854 1278 962 1360 Officio
979 1281 1058 1358 1837
1073 1300 1114 1342 ne
1131 1279 1234 1343 Missa
1248 1279 1328 1342 ofler-

246 1391 335 1447 retur
350 1401 411 1465 pro
421 1380 751 1465 greco-schismatico,
767 1387 783 1414 “
795 1383 856 1443 nisi
880 1403 1037 1464 expresse
1054 1393 1186 1447 constet
1206 1384 1328 1446 eleemo-

245 1508 363 1570 synam
377 1507 396 1549 a
409 1486 619 1550 schismatico
632 1486 771 1567 praeberi
784 1487 825 1550 ad
840 1488 1083 1568 impetrandam
1098 1487 1328 1549 conversionem

246 1591 288 1654 ad
302 1611 413 1653 veram
428 1589 527 1653 iidem
539 1589 555 1616 '⁹
569 1610 576 1668 ;
599 1590 689 1672 quod
702 1590 838 1670 quidem
852 1590 1016 1654 sancitum
1031 1600 1082 1652 est
1095 1609 1137 1652 ne
1149 1590 1329 1671 quibusdam

246 1693 414 1775 cogitandi
432 1692 619 1775 praebeatur
634 1695 765 1756 occasio
782 1692 976 1773 religionem
990 1692 1236 1754 schismaticam
1252 1709 1330 1772 aeque
1371 1731 1372 1750 r

247 1793 356 1856 valere
372 1813 410 1855 ac
427 1791 633 1856 catholicam.

627 1957 675 2016 11.
697 1959 752 2017 De
772 1957 978 2018 defunctis.

294 2127 361 2192 193.
413 2120 445 2170 10
461 2105 667 2186 Prt’ncipnlia
678 2104 847 2186 generalia
864 2128 876 2168 .·
901 2105 993 2167 Inter
1008 2101 1185 2168 delundtos
1201 2104 1253 2167 alii
1270 2111 1334 2166 sunt

249 2213 282 2276 in
295 2210 381 2275 coelo
397 2217 583 2292 regnantes,
596 2207 650 2270 alii
668 2208 699 2269 in
718 2207 855 2282 infern0,
867 2206 921 2269 alii
940 2208 972 2270 in
990 2209 1182 2290 purgatorio
1194 2209 1317 2290 degunt.

294 2315 360 2404 (A)
377 2307 581 2383 Sacrificium
596 2314 710 2377 Missae
723 2334 789 2376 non
803 2313 939 2378 offertur
952 2335 1012 2396 pro
1024 2315 1153 2391 sanein,
1165 2335 1265 2396 quum
1278 2333 1333 2395 pte-

250 2445 327 2488 nam
346 2443 411 2485 non
429 2422 575 2484 habeant
591 2441 652 2502 pro
668 2420 813 2502 peccatis
830 2420 1033 2494 solvendam,
1051 2440 1112 2481 nec
1134 2421 1274 2501 gratiam
1293 2438 1335 2478 ac-

250 2526 472 2609 quirendam:
507 2524 564 2586 sed
593 2523 730 2586 offertur
756 2523 791 2584 in
820 2521 969 2585 honorem
992 2523 1190 2598 sanctorum,
1213 2533 1249 2585 ut
1275 2523 1334 2584 Deo

251 2627 368 2713 gratiae
384 2627 567 2690 reddantur
583 2625 625 2689 de
641 2627 770 2689 illorum
787 2623 942 2700 vidioriis,
958 2644 1072 2688 eorum
1092 2626 1273 2707 patrocinia
1288 2626 1335 2686 im-

253 2734 431 2815 plorentur,
448 2737 482 2792 et
505 2729 567 2810 ipsi
592 2750 652 2810 pro
668 2729 764 2791 nobis
788 2729 990 2792 intercedere
1006 2729 1195 2809 dignentur,
1211 2743 1334 2810 quorum

130 2873 132 2878 ·
252 2836 447 2900 memoriam
465 2834 595 2915 agimus
612 2833 643 2894 in
661 2833 763 2894 terris.

298 2936 364 3026 (B)
384 2939 525 3020 Insuper
538 2937 642 2999 Missa
658 2934 767 2998 offerri
785 2936 899 3017 nequit
915 2957 975 3018 pro
991 2935 1165 3013 dantnatis,
1179 2957 1277 3019 quum
1293 2935 1334 2996 isti

253 3045 283 3106 in
303 3054 391 3107 statu
409 3051 538 3105 aetemae
560 3041 802 3122 reprobationis
818 3041 1073 3115 constituantur,
1089 3050 1123 3102 et
1147 3038 1334 3122 poenitentia

253 3166 472 3315 lnizgaiid'et
489 3233 612 3296 utiliter
625 3230 761 3294 offertur
773 3229 968 3293 sacrificium
984 3230 1097 3292 lllissae
1110 3251 1170 3312 pro
1182 3228 1334 3292 animabus

253 3338 288 3400 in
305 3337 505 3418 purgatorio
528 3337 680 3399 detentis
728 3335 781 3396 De
805 3333 867 3398 fide
891 3344 941 3396 est
965 3355 1008 3396 ex
1038 3333 1068 3395 T
1066 3333 1126 3396 rid.
1149 3332 1332 3397 definiente:

253 3441 318 3506 “Si
337 3441 410 3522 quis
427 3439 550 3502 dixerit
567 3440 681 3503 Missae
698 3437 929 3500 sacrificium...,
946 3457 1053 3519 neque
1070 3457 1131 3518 pro
1147 3437 1229 3498 vivis
1243 3445 1273 3498 et
1286 3435 1332 3497 de·

255 3543 376 3608 iundiis
392 3542 500 3606 offerri
517 3543 646 3617 debere,
661 3542 701 3605 A.
716 3542 765 3606 S.”
779 3543 870 3622 (sess.
886 3541 987 3616 XlIl,
1001 3541 1080 3604 Can.
1096 3541 1137 3621 3).

254 3648 305 3728 (a)
323 3647 438 3729 Scn'pt.
457 3671 468 3711 :
492 3646 630 3730 Legitur
645 3646 733 3707 enim
757 3645 788 3706 in
811 3645 895 3708 libro
914 3645 1063 3706 secundo
1080 3641 1189 3705 Maeli.
1207 3641 1255 3704 XI
1261 3642 1280 3716 1,
1292 3655 1328 3716 43.

255 3750 376 3831 Judam
401 3750 577 3813 duodecim
602 3747 706 3810 millia
728 3747 904 3810 drachmas
928 3747 1055 3828 argenti
1081 3746 1209 3808 misisse
1224 3745 1327 3826 Jeroso·
1369 3727 1370 3794 l

256 3853 381 3934 lymam
405 3861 442 3916 ut
465 3851 637 3916 offerretur
659 3872 720 3933 pro
744 3852 887 3934 peccatis
909 3860 1114 3912 mortuorum
1137 3847 1327 3911 sacrificium:

256 3955 347 4033 atqui
365 3955 391 4015 si
408 3955 567 4018 sacrificia
583 3955 729 4036 antiquae
748 3955 847 4035 Legis
863 3953 1009 4016 efficacia
1024 3962 1118 4014 erant
1134 3951 1176 4014 ad
1191 3947 1325 4032 juvandas

303 4055 384 4114 'mas
411 4055 656 4132 defundiorum,
684 4058 772 4120 idem
804 4078 823 4120 a
853 4057 979 4120 fortiori
1006 4055 1098 4117 valet
1126 4055 1167 4117 de
1198 4048 1324 4116 sacrificio

358 4277 421 4330 rim.
438 4277 476 4337 11,
493 4292 541 4332 t·2.
