2776 4644
402 165 733 216 PROLEGOMENA.
1077 167 1114 216 19

959 283 1063 290 -—......-
1071 285 1114 290 --

38 335 107 398 tistae
119 348 149 400 et
164 338 303 404 Unitarii
319 345 519 425 quandoque
535 347 696 408 adhibent
711 365 826 408 vocem
838 346 987 426 gratiam
1001 347 1036 408 'in
1054 346 1117 408 hoc

36 457 128 514 sensu,
142 442 252 522 sieque
278 445 444 524 simplices
466 447 679 528 decipiunt¹;
706 449 763 512 sed
788 449 934 529 theologi
958 449 1014 510 illa
1037 469 1118 512 voce

35 542 150 602 nonnisi
168 543 197 604 in
213 565 310 606 sensu
325 545 439 610 strifto
455 550 502 611 uti
518 550 649 613 debent.

69 643 124 722 (B)
136 645 241 710 Sensu
254 651 367 710 striiio
381 654 489 732 gratia
504 663 555 715 est
570 653 689 715 domim
705 653 950 734 supernaturale
965 663 1121 714 crenturre

33 746 261 814 intellectualia
277 753 346 814 Deo
361 775 537 816 concessum
553 757 588 818 in
603 757 715 819 ordine
728 757 776 819 nd
788 758 891 818 vitam
906 767 1068 818 uternam.

70 850 194 916 Dicitur
214 854 264 934 (a)
286 857 411 919 donum
435 860 688 938 supernaturale,
704 860 721 920 i.
739 880 764 921 e.
782 879 914 940 prorsus
935 859 1118 922 indebitum

32 970 79 1012 seu
97 959 275 1030 essentiam,
294 957 388 1033 uires,
408 967 442 1022 et
463 960 639 1040 arigernus
659 961 836 1040 cujuslibet
854 971 1011 1023 creatura
1031 971 1118 1040 supe·

32 1073 107 1128 rans,
122 1066 154 1117 ct
178 1057 225 1118 sic
248 1059 464 1140 distinguitur
486 1082 506 1123 a
529 1062 697 1124 beneficiis
721 1082 809 1125 mere
837 1063 1041 1124 naturalibus
1056 1061 1122 1140 (De

32 1152 89 1214 Deo
106 1155 249 1232 Creonte,
270 1163 432 1243 lar-145),
442 1163 541 1244 juxta
558 1164 637 1226 illud
656 1165 688 1228 S.
704 1165 817 1227 Pauli:
838 1165 900 1228 “Si
918 1175 1028 1226 autem
1041 1184 1119 1243 gra-

31 1256 155 1336 trajam
167 1282 228 1321 non
242 1263 441 1343 arapcribus.
454 1268 598 1347 alioquin
612 1268 720 1347 gratia
729 1266 798 1347 jam
813 1286 877 1328 non
890 1275 940 1327 est
952 1267 1058 1344 gratia
1071 1266 1085 1290 ¹¹
1098 1278 1120 1326 ².

67 1359 114 1439 (b)
130 1373 286 1424 creaturae
301 1365 509 1428 intellectuali
525 1388 718 1430 concessum
736 1391 742 1442 ;
766 1369 812 1429 ita
833 1367 1027 1447 designatur
1048 1365 1103 1427 sul
1110 1401 1120 1412 -

31 1461 135 1526 sectum
150 1469 276 1546 gratiae,
293 1469 360 1531 scil.
377 1471 514 1552 angelus
530 1483 563 1534 et
579 1471 696 1547 homo;
715 1481 832 1533 ceterae
848 1471 936 1531 enim
954 1477 1122 1540 creaturae,

32 1575 137 1646 utpote
157 1570 373 1644 irrationales,
393 1593 457 1635 non
482 1582 621 1656 possunt
643 1575 787 1655 recipere
806 1573 957 1654 gratiam,
976 1593 1051 1652 quae
1072 1581 1122 1633 est

32 1670 232 1752 participatio
247 1675 325 1736 vitae
344 1675 406 1738 Dei
423 1674 663 1739 intelletStualiS.

68 1773 113 1852 (c)
128 1796 149 1834 α
165 1773 254 1848 Dan
281 1778 327 1838 sic
349 1777 513 1841 indicatur
527 1800 624 1840 causa
639 1777 771 1860 efficiens
790 1777 980 1858 principalis
999 1777 1123 1855 gratia,

31 1875 89 1934 scil.
101 1877 191 1939 solus
202 1878 305 1953 Deus,
317 1900 419 1961 quum
432 1881 509 1963 Ipse
522 1882 610 1944 solus
624 1882 789 1962 propriam
803 1881 906 1943 vitam
920 1879 991 1941 aliis
1005 1880 1123 1960 imper-

33 1975 77 2037 tiri
92 1979 208 2042 valeat.

69 2078 117 2160 (d)
143 2082 181 2144 In
206 2084 323 2146 ordine
344 2087 385 2147 ad
408 2085 513 2147 vz'lam
532 2097 710 2157 caternam,·
741 2086 787 2146 sic
811 2085 1010 2164 exprimitur
1029 2104 1126 2144 cuum

25 2179 133 2258 finalis
148 2186 276 2264 gratiae,
292 2187 358 2249 scil.
375 2189 459 2248 visio
480 2187 632 2251 beatifica
647 2209 653 2262 ;
675 2187 784 2248 omnis
800 2188 889 2248 enim
906 2186 1014 2266 gratia
1031 2185 1125 2246 nobis

32 2283 120 2346 datur
135 2296 310 2370 tamquam
327 2291 473 2351 medium
491 2287 652 2352 <inceium
671 2288 721 2350 vel
740 2284 936 2350 indireetum
962 2286 1003 2348 ad
1027 2285 1124 2347 finem

34 2398 173 2452 nostrum
190 2392 474 2472 supernaturalem
492 2393 725 2473 attingendum
743 2412 750 2454 :
777 2391 853 2454 hinc
869 2390 976 2471 gratia
991 2398 1127 2452 vocatur

32 2490 191 2566 mlumris,
208 2502 324 2575 utpote
341 2495 382 2556 ad
399 2495 540 2557 salutem
558 2496 719 2558 ordinata.

116 2627 178 2704 ΙΙ.
211 2626 403 2706 Gratiae
432 2625 709 2724 praecipuae
723 2623 1040 2706 divisiones³.

70 2769 96 2837 ό.
142 2772 204 2856 (A)
226 2775 372 2836 Primum
396 2777 531 2856 quidem
552 2776 658 2856 gratia
679 2786 729 2838 est
751 2776 906 2848 increata,
921 2772 971 2834 vel
993 2783 1128 2834 creata:

35 2873 78 2954 (a)
93 2879 236 2940 increata
252 2889 302 2941 est
320 2879 411 2941 Deus
434 2880 504 2960 ipse
527 2889 686 2942 creaturae
709 2876 922 2941 intellettuali
946 2897 1018 2938 sese
1041 2897 1128 2938 com·

37 2983 209 3055 municanS,
226 2981 276 3043 vel
299 3003 394 3045 amor
417 2983 490 3057 Dei,
505 2993 672 3063 quatenus
696 2982 792 3044 nobis
814 2982 959 3062 gratuito
982 2981 1130 3053 collatuS,

39 3085 112 3161 quia,
127 3095 166 3147 ut
182 3095 277 3147 notat
295 3083 330 3146 S.
349 3085 489 3147 Thomas
507 3089 546 3165 (1.
564 3107 593 3166 q.
612 3089 661 3164 38,
674 3105 701 3146 a.
719 3085 762 3164 2),
779 3090 898 3146 “amor
914 3083 1015 3145 habet
1032 3083 1129 3144 ratio-

39 3205 102 3250 nem
118 3189 218 3270 primi
234 3189 324 3264 boni,
339 3209 397 3270 per
412 3191 501 3271 quod
518 3190 631 3251 omnia
647 3191 737 3251 dona
751 3189 897 3269 gratuita
913 3187 1108 3248 donantur”
1124 3207 1131 3260 ;

38 3283 80 3363 (b)
94 3297 201 3349 creata
218 3295 269 3348 est
285 3287 411 3348 donum
432 3288 613 3366 gratuitum
634 3307 653 3347 a
671 3287 745 3348 Deo
766 3283 963 3358 distinetum,
980 3293 1013 3344 et
1030 3283 1131 3345 veluti

37 3386 166 3451 effeetus
182 3379 284 3452 divini
302 3391 431 3451 amoris
480 3391 663 3470 Utriusque
679 3388 871 3468 exemplum
886 3386 1027 3450 habetur
1042 3387 1130 3464 apud

121 3501 331 3508 ---—--·—
615 3501 749 3508 -—.—-
768 3498 968 3505 -..-—.-——

70 3543 219 3610 ¹Pelagius
238 3542 305 3594 olim
326 3541 485 3610 Episcopus
505 3541 611 3610 Synodi
634 3541 801 3609 Diospoliue
820 3538 941 3605 decepit,
963 3537 1084 3588 dicendo
1104 3552 1134 3588 se

40 3628 154 3682 confiteri
167 3629 296 3696 gratiam,
306 3627 373 3680 dum
387 3644 483 3680 revera
496 3627 607 3680 nonnisi
623 3627 740 3679 liberum
754 3626 899 3678 arbitrium
914 3622 1091 3689 signiticaret.
1100 3652 1133 3659 -

42 3711 135 3767 Merito
147 3726 244 3768 autem
256 3713 354 3781 gratim
368 3713 481 3768 nomine
494 3713 678 3780 designantur
689 3729 738 3765 usu
751 3711 882 3780 loquendi
895 3709 998 3761 biblico
1009 3719 1035 3761 et
1046 3709 1133 3762 eccle-

41 3797 144 3853 siastico
157 3801 234 3853 bona
245 3799 478 3868 mpernaturalin
489 3820 499 3853 .·
512 3801 572 3853 haec
586 3799 661 3854 enim
676 3810 740 3852 sunt
754 3815 802 3866 per
815 3795 1042 3849 antonomasiam
1056 3795 1134 3846 inde·

42 3881 100 3950 bita,
112 3905 160 3940 seu
180 3885 311 3954 gratuita,
324 3901 410 3953 quum
429 3903 513 3939 omne
533 3902 646 3954 prorsus
663 3885 789 3938 debitum
810 3881 959 3935 excludant
974 3897 1029 3932 non
1045 3880 1134 3932 solum

44 3967 66 4021 in
84 3974 221 4040 operibus,
241 3971 291 4026 sed
312 3971 397 4024 etiam
421 3971 448 4023 in
472 3974 571 4025 natura
591 3971 746 4024 fundatum.
788 3969 829 4034 (5.
857 3968 915 4031 Tu,
940 3981 960 4018 ι.
983 3981 1005 4018 2.
1026 3983 1051 4034 q.
1078 3981 1135 4030 ιιι,

45 4059 463 4125 a.1ad2.)-²nom,xt‚6.

73 4135 132 4198 Ἢ.
145 4147 175 4198 S.
193 4143 241 4198 Tlt.
262 4159 282 4197 1.
295 4159 319 4196 a.
331 4160 357 4211 q.
374 4159 432 4209 ηις
447 4146 564 4207 Sunrrr,
580 4145 596 4197 1.
611 4143 655 4196 cit.
666 4161 690 4196 c.
703 4141 759 4212 3-6:
775 4143 938 4208 rtlontagur,
956 4140 971 4191 l.
986 4140 1031 4192 cit.
1045 4149 1095 4190 art.
1107 4152 1135 4200 4;

44 4227 182 4296 iteraretur,
197 4250 223 4286 n.
243 4247 268 4286 11
286 4247 339 4300 sq.;
352 4231 532 4298 jaramanno,
546 4245 572 4280 n.
589 4243 606 4294 9
620 4245 660 4296 sq.
