2752 4648
228 161 299 210 ⁴22
673 157 816 210 carm
833 160 878 208 tt

229 354 316 406 stete
332 343 461 424 possint
476 341 559 405 etin
575 341 683 422 gratia
698 360 918 422 perseverare,
934 359 997 424 nec
1020 339 1160 403 aliunde
1183 349 1250 402 tam
1271 338 1323 400 fre·

230 463 334 527 quens
348 456 400 509 est
414 456 452 509 ut
467 445 728 508 familiaritatem
744 454 891 526 generet.

277 545 344 634 (B)
364 551 427 612 Pro
442 547 570 611 oHtiiud
584 548 826 610 communione:
851 546 1132 610 Hebdomadaria
1147 545 1324 608 communio

231 653 378 734 permitti
401 663 434 713 et
457 649 583 713 consuli
607 659 719 732 potest
744 650 793 729 (a)
819 650 883 711 illis
911 649 969 730 qui
996 649 1132 712 etiamsi
1159 649 1324 730 aliquando

234 755 417 818 mortaliter
432 763 580 836 peccent,
593 763 706 816 tamen
723 773 842 834 graves
857 753 974 834 culpas
990 772 1058 814 non
1072 753 1285 815 committunt
1295 773 1326 814 er

233 859 356 934 habitu,
371 869 534 920 conantur
548 859 703 939 quaedam
720 857 840 920 saltem
857 857 1001 919 venialia
1016 856 1133 931 vitare,
1150 867 1185 918 et
1208 857 1326 938 insuper

234 963 368 1044 aliquod
384 963 628 1024 communionis
643 961 846 1024 desiderium
859 961 995 1035 habent,
1004 961 1067 1023 etsi
1086 959 1237 1042 pluribus
1251 960 1326 1023 vitiis

236 1065 362 1128 levibus
378 1064 537 1138 laborent,
553 1085 614 1126 nec
630 1065 697 1126 sint
719 1065 763 1126 de
784 1063 1017 1126 emendatione
1035 1063 1180 1127 solliciti.
1227 1063 1325 1144 Expe-

235 1169 285 1232 dit
301 1180 413 1231 tamen
430 1178 466 1231 ut
483 1167 663 1248 aliquando
685 1167 765 1247 ipsis
788 1165 925 1231 ottidua
947 1167 1145 1229 communio
1166 1166 1325 1230 interdica-

237 1282 298 1348 tur,
312 1271 495 1354 praesertim
507 1271 533 1331 si
547 1270 675 1332 nullum
688 1279 847 1332 conatum
860 1279 977 1332 contra
988 1269 1134 1332 venialia
1150 1269 1328 1343 exhibeant,

237 1387 273 1439 ut
301 1377 348 1437 sic
375 1374 534 1454 majorem
562 1373 731 1435 horrorem
758 1392 894 1435 suorum
922 1371 1115 1437 defectuum
1144 1374 1329 1455 concipiant

242 1482 296 1544 lta
325 1479 358 1544 S.
391 1478 543 1558 Ligorius
580 1478 805 1560 praecipuique
843 1477 994 1540 moderni
1034 1474 1199 1551 auftores,
1229 1487 1331 1540 contra

240 1584 275 1646 S.
292 1583 346 1644 Fr.
365 1581 539 1652 Salesium,
555 1581 610 1660 qui
635 1591 795 1661 praeterea
818 1579 927 1662 exigit
950 1579 1076 1642 nullum
1101 1599 1174 1642 esse
1194 1581 1330 1661 affellum

239 1689 281 1750 ad
297 1684 447 1748 venialia.
494 1685 582 1746 Nam
598 1685 660 1746 etsi
678 1685 723 1746 illi
747 1685 791 1746 de
813 1684 935 1765 quibus
958 1685 1078 1764 agitur,
1094 1682 1252 1748 affectum
1268 1684 1332 1746 reti·

241 1798 342 1853 neant
363 1788 405 1849 ad
429 1795 602 1868 peccatum
626 1787 763 1860 veniale,
780 1796 920 1867 possunt
943 1796 1057 1849 tamen
1074 1787 1207 1868 aliquos
1222 1785 1332 1849 fructus
1373 1817 1374 1844 i

240 1914 284 1956 ex
312 1891 546 1954 communione
570 1891 747 1970 percipere,
769 1899 802 1952 et
829 1891 964 1952 aliunde
993 1887 1130 1953 oflidua
1153 1888 1333 1951 communio

242 2017 307 2060 non
326 2005 376 2057 est
392 1994 438 2056 ita
455 1992 607 2074 frequens
630 2003 667 2054 ut
690 1992 950 2055 familiaritatem
966 2002 1001 2053 et
1017 1993 1230 2073 tepiditatem
1247 2011 1332 2073 gene·

242 2110 298 2162 ret.
345 2097 395 2176 (b)
416 2097 498 2160 ltem
522 2095 784 2157 hebdomadaria
806 2096 1000 2158 communio
1023 2114 1083 2175 per
1105 2095 1241 2175 aliquod
1262 2104 1333 2157 tern-

243 2223 305 2285 pus
326 2199 482 2282 permitti,
505 2200 572 2260 imo
595 2197 725 2260 suaderi
749 2207 860 2278 potest
884 2198 923 2260 iis
946 2198 1002 2279 qui
1025 2206 1078 2259 sat
1102 2196 1287 2278 frequenter
1307 2197 1332 2257 in

244 2313 417 2388 peccatum
451 2300 589 2374 mortale
620 2300 785 2374 labuntur,
816 2309 952 2381 propter
989 2319 1107 2380 graves
1147 2301 1335 2363 tentationes

244 2409 364 2490 quibus
396 2406 641 2485 impugnantur,
669 2403 771 2464 modo
801 2402 930 2466 firmam
962 2402 1172 2465 voluntatem
1204 2404 1335 2465 habeant

247 2511 375 2572 fortiter
397 2517 512 2570 contra
535 2507 736 2570 tentationes
758 2506 959 2568 dimicandi:
983 2525 1077 2568 sacra
1093 2507 1183 2568 enim
1201 2523 1334 2568 commu·

247 2610 302 2672 nio
318 2608 481 2689 optimum
499 2617 549 2668 est
566 2606 711 2668 medium
727 2606 770 2667 ad
787 2606 990 2668 tentationes
1007 2605 1080 2668 illas
1097 2611 1297 2690 superandas
1307 2619 1323 2667 ¹.

290 2709 346 2790 (C)
360 2710 428 2772 Pro
435 2709 606 2790 frequenti
619 2709 843 2771 commnione.
887 2709 1057 2790 Frequens
1073 2713 1264 2774 communio
1276 2730 1334 2792 per·

247 2816 334 2879 mitti
356 2823 388 2876 et
413 2814 541 2876 suaderi
564 2823 674 2894 potest
698 2812 762 2873 illis
783 2813 839 2892 qui
860 2813 910 2892 (a)
930 2821 1068 2892 peccata
1089 2816 1233 2878 venialia
1253 2815 1334 2896 plene

247 2921 429 2984 deliberata
451 2918 555 2979 vitare
578 2915 695 2988 solent,
712 2935 772 2976 nec
796 2916 936 2995 proinde
958 2915 1136 2994 affatuum
1160 2919 1280 2982 habent
1300 2915 1332 2977 ad

249 3023 390 3084 venialia
404 3043 410 3097 ;
434 3021 484 3100 (b)
497 3029 529 3082 et
543 3021 676 3099 insuper
689 3019 798 3079 media
812 3015 1023 3099 perfectionis
1035 3023 1252 3102 assequendae
1264 3019 1334 3082 serio

249 3129 432 3193 assumunt,
464 3129 499 3180 ut
531 3117 709 3179 mentalem
742 3118 936 3190 orationem,
965 3117 1262 3194 mortificationem,
1285 3126 1333 3179 etc.

250 3227 299 3306 (c)
323 3223 522 3286 desiderium
542 3222 785 3283 communionis
808 3220 942 3286 habent.
989 3223 1024 3286 Si
1042 3231 1153 3285 autern
1172 3234 1281 3305 postea
1295 3221 1333 3283 di·
1372 3297 1373 3300 Ἴ

251 3337 430 3410 gnoscatur
453 3326 580 3387 animas
604 3325 676 3384 illas
700 3324 777 3384 nihil
807 3323 964 3404 proficere
991 3326 1023 3386 in
1051 3325 1104 3386 via
1132 3323 1334 3406 perfedtionis,

288 3505 293 3526 ¹
308 3499 367 3548 lmo
380 3495 548 3563 quandoque
562 3492 692 3560 frequens
706 3493 866 3546 communio
879 3491 987 3546 eisdem
998 3493 1116 3546 concedi
1128 3505 1229 3563 potest,
1237 3507 1334 3563 praeser-

252 3587 301 3638 tim
322 3584 344 3636 si
365 3581 459 3635 statim
478 3597 510 3633 ac
531 3589 723 3648 peccaverunt,
743 3580 838 3634 dolent
858 3581 893 3634 de
913 3591 1028 3649 peccato
1048 3597 1081 3633 nc
1100 3597 1212 3634 sacrum
1232 3577 1334 3634 tribunal

253 3673 380 3726 adeunt:
407 3670 446 3722 sic
469 3667 544 3722 enim
570 3667 682 3735 pessimi
705 3668 819 3722 habitus
840 3667 976 3721 eradicari
998 3667 1101 3720 valent.
1144 3668 1200 3722 Cfr.
1224 3665 1334 3720 Arnidu

256 3759 360 3826 Clergc‘,
377 3757 451 3822 1898,
468 3773 492 3822 p.
510 3767 559 3822 457
575 3770 614 3821 sq.

290 3845 299 3873 '²
314 3843 417 3897 Sedulo
436 3841 641 3908 distinguamus
660 3851 769 3908 oportet
788 3841 861 3894 inter
878 3850 996 3908 peccata
1015 3837 1137 3893 venialia
1150 3858 1183 3894 ex
1195 3839 1333 3908 fragilitate

256 3931 415 3998 commissa,
431 3941 458 3983 et
472 3946 506 3982 ea
519 3945 581 3998 quae
594 3945 627 3981 ex
640 3925 739 3996 affee‘iu
753 3927 980 3982 committuntur:
1001 3927 1093 3996 priora
1107 3927 1273 3995 spiritualem
1284 3939 1332 3993 pto

256 4031 382 4082 gressum
400 4032 455 4068 non
474 4016 591 4068 multum
610 4017 760 4080 retardant,
774 4015 839 4084 quia
857 4031 913 4068 non
929 4031 962 4068 ex
980 4015 1077 4067 habitu
1096 4014 1147 4068 sed
1164 4019 1217 4084 per
1229 4011 1332 4065 acciaens

258 4101 441 4154 admittuntur
459 4101 608 4170 statimque
627 4103 709 4156 bonis
727 4101 836 4156 aclibus
856 4111 1081 4171 compensantur,
1102 4101 1171 4155 dum
1189 4099 1327 4170 posteriora¹

259 4197 354 4254 utpote
367 4187 448 4253 plene
462 4188 615 4241 deliberata
628 4199 655 4242 et
669 4207 685 4241 a
699 4200 846 4258 peccatore
859 4199 953 4242 amata
973 4205 1025 4242 nec
1041 4187 1199 4256 retraetata,
1213 4179 1331 4241 familiari·

273 4283 318 4324 nte
331 4271 426 4324 divina
439 4289 489 4325 nos
502 4274 620 4340 privant,
636 4276 765 4345 viamque
779 4275 888 4330 mortali
903 4286 1019 4345 peccato
1033 4287 1141 4342 parant.
1371 4265 1372 4286 l
