2776 4644
234 131 278 182 58
679 134 819 185 CAPUT
837 136 862 186 Ι.

234 315 345 377 Deum
370 314 539 379 offendere
565 319 742 399 potuerint,
769 319 849 380 illud
876 317 1088 380 tribuendum
1120 325 1170 378 est
1194 313 1334 396 speciali

233 418 359 498 gratia,
372 418 473 498 juxta
489 419 570 482 illud
589 442 597 484 :
630 422 789 502 “Raptus
805 430 856 484 est
872 441 914 482 ne
930 419 1058 483 malitia
1075 429 1216 482 mutaret
1235 415 1333 478 intel-

234 517 356 582 ledlum
373 519 445 600 ejus
456 521 471 547 ''
484 533 503 584 ¹.

273 675 321 752 63
377 679 474 736 Thesis
494 686 530 753 3¹¹
551 705 561 738 .·
599 677 732 754 Justus
761 678 872 743 etiam
900 678 1082 757 perlectus
1110 694 1182 740 non
1210 679 1335 754 potest

234 773 416 837 moraliter
425 792 488 853 per
502 781 618 839 totam
633 776 745 840 vitam
758 776 878 840 omnia
893 780 1044 855 peccata
1053 774 1206 839 venialia
1217 774 1335 836 vitare

233 869 312 935 sine
330 871 476 950 speciali
496 872 681 952 privilegio
703 874 840 952 gratiae.
884 875 935 936 De
941 874 1012 955 fide
1034 883 1085 936 est
1108 882 1223 935 contra
1240 870 1336 933 Pela·

234 973 360 1054 gianos,
375 977 432 1056 qui
458 977 708 1039 contendebant
732 978 841 1058 justos
869 997 967 1058 posse
989 978 1093 1038 vitare
1119 977 1152 1038 in
1178 972 1334 1058 praesenti

233 1076 301 1137 vita
316 1098 416 1140 omne
432 1090 618 1160 peccatum,
639 1081 740 1143 etiam
758 1079 893 1142 veniale.
948 1079 1085 1160 Legitur
1100 1079 1190 1141 enim
1206 1079 1238 1140 in
1264 1076 1296 1138 T
1294 1075 1335 1136 ri·

232 1178 363 1241 dente'no
376 1184 465 1256 (sess.
483 1183 544 1257 Vl,
556 1203 627 1245 can.
639 1199 656 1244 2
662 1184 695 1263 3)
708 1205 715 1246 :
737 1184 801 1246 “Si
818 1183 892 1263 quis
902 1183 1027 1245 dixerit
1043 1182 1211 1244 hominem
1228 1179 1330 1242 semel

230 1279 447 1362 justificatum
472 1305 569 1367 posse
586 1287 617 1347 in
636 1289 707 1349 toti
722 1286 791 1347 vita
807 1285 911 1346 vitare
933 1284 1046 1347 omnia
1069 1293 1215 1366 peccata,
1229 1283 1331 1345 etiam

233 1386 385 1460 venialia,
401 1389 463 1448 nisi
479 1409 524 1449 ex
541 1389 675 1468 speciali
694 1388 758 1450 Dei
776 1388 958 1470 privilegio,
977 1387 1016 1451 A.
1035 1388 1085 1452 SR·

278 1501 472 1581 Explicatur
505 1503 555 1584 (a)
578 1509 593 1535 ‘⁴
604 1503 715 1564 (νηπία
751 1511 889 1582 peccata
918 1502 1061 1564 venialia
1073 1501 1098 1576 ’',
1123 1503 1201 1582 quia
1230 1499 1331 1561 homo

236 1613 355 1686 potest,
367 1627 442 1667 curn
460 1607 636 1668 ordinariis
652 1606 777 1687 gratiiS,
787 1607 891 1668 vitare
908 1606 1051 1668 venialia
1066 1606 1204 1667 seorsim
1220 1616 1253 1666 et
1271 1604 1333 1664 sin-

235 1707 375 1787 gulatim
402 1720 552 1790 sumpta;
591 1709 667 1783 im0‚
681 1708 782 1788 juxta
806 1708 925 1788 plures,
941 1705 1047 1770 sandli
1071 1717 1211 1788 possunt
1230 1705 1333 1767 vitare

236 1807 307 1869 sine
319 1809 452 1889 speciali
464 1797 647 1891 privilegio
660 1811 773 1873 omnia
786 1819 923 1891 peccata
935 1808 1127 1884 deliberata,
1141 1829 1206 1870 non
1222 1816 1331 1869 autem

236 1912 350 1972 omnia
366 1923 504 1993 peccata
514 1912 712 1994 semi-plene
725 1911 916 1988 deliberata,
926 1931 1001 1993 quae
1012 1931 1056 1972 ex
1070 1910 1248 1991 fragilitate
1258 1927 1332 1970 con·

237 2015 379 2094 tingunt
427 2015 504 2096 (b)“
517 2017 578 2078 Per
594 2026 695 2077 totam
708 2017 810 2077 vitam
826 2015 850 2090 ¹’‚
861 2014 938 2095 quia
952 2013 1061 2093 justus
1078 2022 1190 2093 potest
1207 2032 1264 2092 per
1279 2009 1332 2072 ali-

236 2119 325 2198 quod
343 2118 601 2202 brevetempuS,
617 2139 692 2180 curn
718 2119 832 2199 gratiis
857 2116 1043 2191 ordinariis,
1059 2116 1173 2177 omnia
1194 2114 1330 2177 venialia

236 2221 350 2303 vitare,
375 2241 440 2282 non
468 2230 581 2283 autem
606 2222 662 2283 diu
688 2241 749 2282 nec
776 2241 795 2281 a
818 2219 944 2282 iortiori
973 2240 1032 2300 per
1055 2218 1190 2299 longam
1223 2219 1330 2279 vitam.

238 2323 286 2404 (c)
301 2329 317 2353 ‘¹
332 2323 412 2387 Sine
427 2323 558 2402 speciali
573 2322 746 2404 privilegio
758 2323 793 2384 '':
819 2343 877 2404 per
893 2321 955 2404 hoc
968 2320 1162 2402 intelligitur
1178 2321 1219 2382 ad
1232 2321 1330 2382 vitan-

238 2426 318 2488 dum
336 2426 391 2487 diu
408 2426 522 2487 omnia
537 2425 687 2499 venialia,
705 2445 771 2486 non
788 2425 936 2487 sufficere
948 2425 1088 2504 gratiam
1105 2431 1330 2504 supernatura·
1369 2413 1370 2420 ἵ

239 2528 304 2589 lem
326 2529 538 2602 ordinariam,
555 2529 612 2590 sed
631 2529 750 2609 requiri
767 2529 908 2610 gratiam
926 2526 1063 2588 omnino
1084 2525 1284 2607 singularem
1300 2533 1328 2582 et

239 2631 546 2694 extraordinariam.
606 2632 697 2694 Talis
721 2634 829 2713 gratia
863 2651 1021 2693 concessa
1049 2629 1112 2692 suit
1136 2630 1172 2691 B.
1200 2626 1331 2709 Virgini,

239 2743 276 2795 ut
306 2733 453 2795 declarat
482 2734 730 2806 Yrr'dentz'num,·
763 2734 864 2814 juxta
887 2735 1061 2815 quosdam,
1088 2752 1248 2794 concessa
1278 2729 1329 2792 luit
1369 2747 1370 2756 ¹

241 2837 273 2900 S.
294 2836 451 2918 Josepho,
479 2837 598 2899 saltem
633 2847 709 2916 post
741 2837 992 2900 matrimonium
1024 2855 1099 2897 cum
1132 2836 1168 2897 B.
1195 2835 1331 2915 Virgine,

241 2940 411 3020 S.Joanni
441 2941 611 3022 Baptistae,
631 2950 664 3001 et
693 2939 868 3020 Apostolis
896 2947 973 3020 post
997 2939 1084 2999 diem
1112 2938 1331 3003 Pentecostes;
1369 2961 1370 2974 2

240 3043 330 3124 quod
346 3043 481 3122 quidem
499 3041 632 3104 admitti
650 3051 761 3122 potest
770 3041 987 3121 probabiliter
1000 3039 1042 3101 de
1058 3039 1244 3102 venialibus
1266 3035 1331 3100 deli·
1369 3111 1370 3116 ἵ

240 3145 367 3220 berulis,
391 3146 449 3208 sed
475 3148 638 3207 incertum
665 3154 715 3208 est
737 3147 848 3226 quoad
874 3143 1016 3206 venialia
1037 3141 1236 3223 semi-plene
1262 3139 1330 3203 deli·

241 3249 363 3310 berata.

283 3373 332 3450 64
379 3369 474 3432 Proh.
491 3369 551 3450 (A)
569 3368 685 3450 Scrt'pt.
733 3369 864 3430 Dicitur
889 3367 1004 3428 enim:
1040 3364 1147 3426 “Non
1173 3374 1226 3427 est
1253 3363 1328 3426 enim

240 3473 343 3534 homo
365 3471 475 3552 justus
500 3473 531 3533 in
556 3476 642 3534 terra
658 3471 714 3553 qui
740 3469 839 3532 saciat
862 3470 986 3531 bonum
1010 3477 1043 3530 et
1067 3488 1133 3530 non
1161 3476 1275 3549 peccet
1287 3466 1332 3534 ’'²;

242 3577 345 3638 item:
372 3580 388 3606 “
401 3575 440 3636 In
459 3575 573 3637 multis
590 3573 794 3636 offendimus
810 3591 928 3635 omnes
938 3572 974 3626 '²³
991 3571 1083 3651 atqui
1099 3570 1157 3632 iila
1180 3571 1282 3632 verba
1295 3569 1332 3629 in·

243 3678 346 3758 telligi
363 3686 530 3758 nequeunt
546 3678 588 3738 de
605 3677 751 3758 peccatis
767 3676 934 3757 gravibu5‚
944 3693 1045 3754 quum
1063 3683 1153 3736 certe
1165 3671 1331 3752 denturju·

243 3780 283 3841 sti
300 3780 356 3859 qui
374 3779 527 3842 mortalia
542 3780 662 3855 vitent;
685 3799 765 3860 ergo
781 3779 891 3859 agitur
907 3779 949 3840 de
960 3775 1153 3839 venialibus,
1195 3776 1294 3840 Unde
1308 3774 1332 3833 in

242 3881 392 3943 oratione
405 3881 594 3955 Dominicd,
606 3902 625 3942 a
638 3881 738 3962 justis
751 3899 885 3961 quoque
902 3878 1081 3952 recitandi,
1092 3878 1233 3940 dicitur:
1260 3883 1275 3908 ‘¹
1287 3874 1331 3938 Di·

243 3983 339 4045 mitte
352 3982 467 4044 debita
484 3993 598 4045 nostra
609 3985 633 4046 ''.
682 3983 931 4064 HincJoannes
947 3988 1061 4062 aperte
1073 3979 1116 4042 de
1128 3979 1229 4060 justis
1244 3979 1333 4041 dicit:

278 4205 362 4272 'San
378 4203 427 4271 ΙΙΙ,
445 4220 483 4256 11.
497 4203 666 4258 -'Ecrles.
683 4205 751 4268 vll,
766 4217 808 4256 21.
824 4233 859 4240 -
871 4202 949 4270 ³Jar.
969 4201 1024 4268 ΙΙΙ,
1041 4218 1064 4256 2.
