2738 4646
249 147 310 204 '316
707 153 848 208 CAPUT
865 158 889 206 1.

287 347 325 400 14.
364 332 412 402 (C)
425 330 560 390 Christus
573 331 611 406 de
624 331 693 392 cibo
706 334 765 406 agit
775 333 813 392 ad
823 334 948 392 salutem
960 333 1145 392 necessario:
1162 336 1182 362 “
1191 333 1248 392 Nisi
1256 350 1317 388 nun-

250 415 427 502 ducaveritis
438 435 557 478 carnem
578 417 643 477 Filii
663 417 824 478 hominis...
840 439 899 478 non
917 420 1066 480 habebitis
1082 422 1173 479 vitam
1190 423 1219 478 in
1235 419 1317 476 vobis'’

251 503 315 574 (54).
355 504 446 576 Atqui
461 506 646 565 Eucharistia
666 525 726 566 non
745 519 789 566 est
807 509 971 566 necessaria
987 509 1026 567 ad
1043 509 1178 579 salutern,
1194 526 1275 580 quum
1289 508 1319 562 in·

251 589 346 648 t'antes
357 590 421 649 sine
434 593 469 650 ea
481 591 552 650 salvi
567 593 627 651 tieri
642 595 762 666 possint
799 595 882 666 Resp.
892 617 903 650 .·
914 595 980 653 dist.
995 596 1134 666 majorem
1145 617 1156 651 .·
1168 594 1284 667 loquitur
1293 593 1319 650 de

250 675 320 734 cibo
333 679 498 738 necessario
516 680 554 739 ad
574 681 698 740 salutem
713 683 887 741 necessitate
895 683 1037 754 precepti,
1053 684 1206 753 concedo;
1222 681 1319 739 necessi·

251 773 310 822 tate
323 765 415 836 rrredr'r',
426 785 521 838 nego:
535 785 603 826 cum
618 769 697 827 enim
710 787 807 828 sermo
820 770 962 841 dirigatur
971 769 1009 828 ad
1020 770 1181 842 auditores,
1192 771 1240 842 qui
1250 767 1322 825 adulti

251 862 341 922 erant,
358 851 448 911 verba
464 853 528 912 haec
545 855 585 913 ad
602 855 681 927 ipsos
697 873 860 928 eorumque
877 875 1063 915 successores
1075 857 1210 929 restringi
1223 866 1321 930 possum

251 937 437 1010 proindeque
450 957 559 1012 pueros
571 961 631 999 non
644 943 784 1015 amplecti
797 964 804 1015 ;
823 943 944 1015 insuper
953 943 984 1001 id
994 944 1077 1015 quod
1091 942 1286 1016 praescribitur,
1292 953 1322 998 est

250 1025 334 1096 cibus,
352 1028 403 1099 qui
423 1030 605 1087 necessarius
623 1041 667 1089 est
685 1029 856 1103 regulariter
877 1042 910 1089 ut
933 1032 991 1088 vita
1014 1049 1067 1103 per
1084 1035 1208 1104 longum
1231 1043 1323 1101 tempus

251 1125 451 1185 praeservetur,
463 1117 515 1175 sed
533 1117 592 1174 alio
610 1118 702 1176 modo
717 1119 847 1192 suppleri
864 1129 971 1190 potest,
986 1137 1027 1177 ac
1035 1120 1162 1191 proinde
1176 1139 1234 1178 non
1247 1118 1323 1191 praci-

251 1199 330 1271 pitur
347 1211 490 1274 tanquam
508 1204 641 1263 conditio
654 1205 718 1263 sine
730 1206 790 1276 qua
802 1224 873 1264 non.
910 1206 1021 1264 Nonne
1034 1217 1063 1264 et
1077 1205 1133 1278 ipsi
1149 1205 1323 1262 Protcstantes

251 1286 309 1344 hoc
330 1289 485 1349 admittere
505 1291 617 1350 debent
636 1291 724 1349 etiam
745 1292 846 1365 quoad
866 1293 1132 1351 manducationem
1155 1289 1321 1363 spiritualem.

251 1390 303 1431 seu
316 1374 425 1434 fidem?
460 1377 537 1434 Nam
552 1388 632 1436 certo
645 1377 772 1437 infantes
791 1397 851 1437 non
869 1389 993 1452 possunt
1006 1378 1075 1436 actu
1087 1378 1209 1436 credere
1222 1376 1249 1432 in
1261 1373 1324 1432 Clui-

250 1472 338 1519 stunt.

287 1561 324 1616 15
372 1551 422 1622 (D)
442 1549 578 1610 Christus
598 1551 662 1623 ipse
684 1552 814 1610 declarat
836 1548 926 1609 verba
946 1567 999 1608 sua
1020 1549 1224 1620 metaphorice
1244 1541 1325 1600 intelli-

249 1634 348 1705 genda
361 1653 433 1705 esse,
443 1637 516 1694 dum
529 1637 613 1695 addit
626 1659 632 1696 ε
648 1637 801 1710 “Spiritus
814 1649 858 1695 est
868 1638 919 1709 qui
930 1635 1067 1700 viviticat,
1078 1651 1147 1691 caro
1159 1650 1219 1689 non
1230 1629 1325 1702 prodest

251 1721 416 1794 quidquam
427 1741 435 1794 ;
454 1721 542 1782 verba
554 1742 622 1796 quae
634 1743 691 1796 ego
703 1725 820 1783 locutus
832 1742 898 1781 sum
912 1721 997 1780 vobis
1009 1720 1128 1792 spiritus
1141 1729 1170 1777 et
1183 1713 1243 1776 vita
1251 1725 1307 1773 sunt
1315 1713 1325 1727 '¹

251 1813 317 1880 (64).
356 1811 440 1883 Resp.
451 1836 461 1868 .·
480 1830 549 1884 nego
561 1813 722 1870 antecedens
730 1835 743 1878 ,’
760 1813 861 1885 quoad
880 1821 1001 1875 textum,
1016 1807 1129 1880 duplici
1149 1806 1241 1866 modo
1257 1802 1326 1874 expli·

251 1899 309 1954 cari
323 1909 429 1971 potest.
468 1903 508 1970 (a)
522 1901 587 1958 Vox
606 1900 760 1972 “Spiritus
770 1900 795 1966 '',
812 1899 862 1957 ubi
877 1897 963 1956 carni
978 1896 1151 1968 opponitur,
1166 1911 1227 1950 non
1240 1888 1326 1962 signill-

251 1995 298 2042 cat
311 2005 431 2044 sensum
445 1988 636 2061 spiritualem,
649 2005 700 2046 seu
714 1985 960 2058 metaphoricum,
978 1995 1009 2040 ut
1022 1983 1125 2040 volunt
1140 1981 1326 2044 Protestanter,

251 2073 304 2130 sed
317 2073 497 2133 elementum
510 2075 670 2148 spirituale,
684 2092 735 2132 seu
747 2073 882 2131 divinum
897 2071 1016 2139 Christi,
1029 2079 1059 2127 et
1078 2086 1180 2127 seusus
1199 2079 1259 2125 est:
1276 2081 1327 2122 cam

251 2160 313 2218 sola
335 2179 395 2219 non
416 2172 513 2234 potest
532 2163 687 2230 vivificare,
706 2161 759 2218 sed
780 2178 849 2217 caro
869 2177 943 2228 mea,
964 2157 1051 2240 simul
1072 2175 1142 2214 cum
1163 2155 1270 2229 spiritu,
1289 2169 1327 2208 seu

251 2247 404 2306 divinitate
416 2250 491 2315 ntea,
501 2249 628 2306 vivificat
637 2259 653 2303 ¹.
693 2249 733 2316 (b)
743 2249 808 2305 Vox
821 2250 838 2276 “
851 2247 981 2319 Spiritus
991 2247 1016 2316 ”,
1026 2244 1150 2318 quando
1163 2243 1241 2302 carni
1253 2258 1327 2314 oppo-

251 2333 337 2406 nitur,
358 2353 437 2406 saepe
455 2335 564 2408 saepius
581 2336 609 2392 in
629 2334 778 2408 Scriptura
795 2334 931 2406 designat
950 2330 1135 2390 intelleclum
1151 2329 1275 2388 hominis
1290 2343 1329 2398 per

250 2420 371 2490 gratiam
384 2421 520 2500 adjutum
529 2422 547 2490 ²,
560 2422 632 2479 dum
645 2439 715 2479 caro
727 2420 873 2492 significat
893 2419 1045 2476 hominem
1059 2435 1119 2475 suae
1133 2418 1238 2474 nativae
1250 2429 1328 2471 comt·

250 2507 345 2576 ptioni
363 2507 516 2578 relictum3
535 2509 615 2567 unde
634 2525 737 2566 sensus
756 2517 822 2565 est:
843 2504 1010 2563 intellectus
1028 2503 1196 2575 spiritualis,
1218 2521 1265 2559 seu
1283 2497 1328 2555 lide

250 2590 378 2663 adiutus,
394 2592 457 2650 haec
476 2593 621 2665 intelligit,
642 2595 694 2653 sed
716 2592 883 2650 intelledlus
902 2590 1035 2660 carnalis,
1057 2606 1108 2646 seu
1128 2590 1233 2646 nativae
1250 2602 1328 2643 corru·

251 2678 345 2749 ptioni
365 2679 491 2751 relictus,
515 2699 575 2737 non
597 2683 718 2753 prodest
736 2679 902 2751 quidquam
923 2679 962 2736 ad
983 2675 1210 2748 intelligendum
1228 2692 1260 2732 ea
1276 2687 1329 2743 qua

250 2764 318 2821 dixi.
357 2764 493 2838 Utraque
511 2768 619 2824 solutio
639 2765 800 2838 probabilis
820 2776 864 2823 est
875 2785 883 2836 ;
903 2763 1131 2822 Protestantium
1149 2773 1248 2820 autem
1260 2761 1328 2817 inter-

250 2852 384 2926 pretatio,
395 2853 446 2926 qui
460 2873 512 2927 per
527 2854 685 2926 “spirirum
696 2853 711 2878 '¹
724 2851 851 2909 audiunt
864 2867 983 2908 sensum
999 2848 1242 2920 metaphoricum,
1253 2857 1277 2904 et
1288 2861 1329 2916 per
1359 2897 1360 2916 ,

250 2941 414 2997 “carnem'’
427 2959 544 2998 sensum
556 2940 721 3004 litteralem,
736 2939 860 2996 omnino
880 2947 1025 3010 repugnat
1044 2937 1108 2994 usui
1127 2935 1210 3008 apud
1226 2933 1329 3007 ludaeos
1359 2939 1360 3006 l

250 3037 379 3097 recepto,
393 3036 425 3083 ut
438 3027 565 3086 latentur
577 3027 682 3098 optimi
697 3025 833 3084 moderni
849 3025 1031 3096 interpretes,
1045 3023 1134 3080 etiam
1149 3019 1294 3080 haereticis.

286 3249 293 3272 ι
309 3225 351 3279 lta
365 3227 395 3278 S.
406 3226 597 3295 Augustinus,
615 3227 638 3279 C
630 3227 700 3294 yrr‘l.
717 3226 814 3290 Alex,
826 3224 935 3290 Beelen,
952 3224 1057 3285 Maier,
1072 3222 1153 3292 apud
1165 3221 1189 3275 C
1187 3221 1271 3290 orlrry,
1282 3217 1299 3272 l.
1311 3231 1327 3268 r.

249 3327 275 3378 p.
290 3323 348 3377 372.
388 3311 428 3364 Cf.
443 3312 529 3364 Mau.
546 3311 652 3377 XXVI,
669 3326 715 3376 41;
734 3311 802 3378 Joa.
822 3309 877 3374 111,
894 3309 926 3371 6;
945 3308 1025 3360 Rom.
1045 3321 1067 3372 r,
1081 3322 1111 3374 3;
1132 3307 1254 3373 V111,5.
1359 3299 1360 3352 l

284 3396 352 3452 ²Ira
371 3398 556 3462 Athanasius,
577 3397 769 3465 chrysostom,
794 3395 820 3447 T
816 3383 1023 3462 heophyIaHus,
1042 3393 1118 3462 apud
1137 3393 1290 3450 Mulrlonot,
1308 3387 1329 3440 in
1359 3393 1360 3432 l

250 3486 276 3539 h.
289 3486 389 3541 loc.Cf.
403 3487 608 3554 Wrsemanmp.
620 3485 665 3539 cit.
676 3481 740 3537 lect.
754 3483 802 3535 IV.
821 3480 863 3536 Cf.
876 3481 961 3533 Matr.
972 3480 1052 3545 XVI,
1061 3479 1205 3543 17;I.Cor.
1216 3478 1328 3544 Hpq-15.

284 3587 294 3618 ³
308 3573 526 3627 Protestantium
541 3571 701 3626 testimonia
718 3587 775 3623 non
794 3585 884 3638 pauca
903 3567 1017 3636 collegit
1032 3565 1116 3620 Card.
1138 3565 1283 3628 Wr'seman,
1294 3578 1328 3629 op.
1359 3615 1360 3636 ,

249 3658 441 3715 cit.tett.1v.
482 3656 791 3724 ltaKur'rroellinJoa
809 3654 922 3723 V1,63)
940 3654 997 3707 ait:
1017 3651 1104 3706 “Sed
1122 3652 1329 3706 haecverborum
1359 3681 1360 3730 ,

250 3735 440 3811 interpretatio
460 3761 511 3798 usu
534 3739 666 3810 loquendi
688 3741 853 3809 scriptorum
876 3741 911 3794 N.
937 3741 969 3793 Τ,
991 3737 1169 3808 comprobari
1190 3735 1279 3806 nequit
1284 3769 1325 3786 .....
1359 3771 1360 3794 ,

252 3830 405 3896 Praeplacet
416 3830 497 3898 igitur
507 3829 575 3882 mihi
586 3843 683 3882 eorum
692 3827 763 3882 ratio
771 3828 872 3896 quibus
881 3829 984 3890 πνεῦμα
993 3825 1130 3894 (spiritus)
1140 3836 1184 3879 est
1192 3821 1327 3895 perletlion

250 3913 394 3967 sublimior
407 3915 545 3969 sentiendi
560 3915 631 3969 ratio
644 3932 728 3985 quam
742 3913 870 3968 dodlrina
884 3913 931 3967 Xti
945 3913 1048 3977 efficit;
1068 3907 1132 3980 σάρξ
1152 3911 1239 3980 (caro)
1256 3905 1326 3964 humi·

250 3999 292 4064 lis,
306 4000 367 4052 vilis
381 4001 518 4053 sentiendi
533 4000 653 4058 ratio...
665 4040 671 4053 .
695 4012 723 4055 ut
739 4001 811 4055 adeo
825 4017 924 4054 sensus
937 4000 981 4062 sit,
996 3999 1154 4053 valedicere
1167 3995 1271 4053 debetis
1283 3991 1326 4062 opi·

250 4085 379 4138 nionibus
393 4087 491 4140 vestris
511 4087 710 4156 praejudicatis
723 4105 789 4141 narn
806 4086 950 4141 sublimior
967 4096 1077 4140 tantum
1097 4083 1237 4139 sentiendi
1250 4091 1326 4136 etsu-

250 4172 346 4224 tuendi
368 4188 401 4224 ac
424 4172 557 4239 operandi
577 4174 648 4226 ratio
667 4175 785 4228 salutern
805 4172 904 4238 alteru
929 4171 1051 4236 humilis,
1069 4169 1134 4224 vilis
1152 4167 1286 4224 statuendi
1301 4178 1325 4216 ac

249 4257 381 4326 sperandi
396 4257 473 4326 ratio,
484 4259 597 4327 judaica
610 4260 657 4314 illa
670 4261 749 4326 ratio,
763 4259 830 4312 nihil
844 4259 950 4313 confert
964 4259 999 4313 ad
1014 4273 1109 4312 veram
1123 4257 1281 4312 felicitatem
1289 4249 1305 4304 ²¹.
