2738 4646
353 169 409 220 DE
427 169 800 222 SS.EUCHARIST1A.
1063 165 1129 216 2⁹5

42 347 118 419 “Qui
133 349 293 406 manducat
307 366 405 406 meam
418 365 549 415 carnem,
564 359 593 405 et
617 346 692 406 bibit
711 363 811 405 meum
832 345 1018 418 sanguinem,
1034 344 1063 401 in
1083 363 1131 404 me

43 446 140 504 manet,
153 445 183 492 et
196 451 253 506 ego
267 435 297 491 iu
311 435 363 492 illo
371 435 404 470 ”¹
418 458 424 502 ;
447 435 521 493 dixit
534 435 728 493 nihilominus
745 457 751 492 :
775 434 859 506 “Qui
874 434 1036 492 manducat
1050 433 1130 492 hunc

42 538 140 592 panem
153 523 232 581 vivet
245 522 274 580 in
288 535 432 581 aeternum
442 523 483 579 '’2.

78 647 178 707 CAP.
198 647 234 706 2.
252 648 440 707 Ecclesiae
456 654 629 741 potestas
646 651 748 708 circa
765 647 1088 720 dispensationem

312 747 545 804 sacramenti
574 745 847 805 Eucharistiae.

73 861 212 921 Praeterea
225 863 366 929 declarat,
381 862 457 920 hanc
478 875 654 934 potestatem
675 872 820 936 perpetuo
834 862 863 919 in
878 835 1012 919 Ecclesia
1029 860 1128 930 fuisse,
1220 932 1222 936 ,

42 949 114 1007 utin
132 959 384 1007 sacramentorum
403 949 637 1022 dispensatione,
658 949 738 1008 salva
759 949 874 1007 illorum
895 947 1072 1018 substantia,
1095 965 1129 1006 ea

41 1043 170 1092 statueret
182 1035 229 1092 vel
243 1045 379 1101 mutaret,
395 1054 462 1108 quae
475 1039 700 1111 suscipientium
721 1036 849 1102 utilitati,
864 1053 917 1094 seu
936 1035 1066 1107 ipsomm
1087 1052 1130 1092 sa-

40 1132 250 1178 cramentorum
265 1121 456 1190 venerationi,
472 1141 527 1196 pro
546 1142 653 1195 rerum,
669 1135 837 1196 temporum
852 1133 881 1181 et
894 1122 1026 1184 iocorum
1040 1122 1130 1180 varie·

41 1217 103 1274 tate,
118 1209 209 1280 magis
228 1208 369 1280 expedire
387 1210 542 1280 judicaret.
585 1212 621 1270 Id
640 1223 739 1270 autem
754 1210 917 1282 Apostolus
930 1227 991 1267 non
1004 1208 1130 1275 obscure

41 1293 112 1349 visus
124 1303 166 1350 est
180 1295 322 1359 innuisse,
334 1311 402 1352 cum
416 1299 458 1355 ait
473 1318 479 1354 ε
502 1301 521 1368 .“
530 1298 578 1356 Sic
594 1315 648 1356 nos
661 1298 808 1356 existimet
821 1299 922 1367 homo,
935 1307 968 1354 ut
981 1297 1131 1356 ministros

42 1378 143 1437 Christi
156 1393 185 1438 et
199 1381 420 1454 dispensatores
434 1384 639 1456 mysteriorum
655 1384 710 1442 Dei
722 1385 775 1454 ”³3
793 1393 883 1456 atque
897 1385 993 1455 ipsum
1007 1383 1129 1454 quidem

42 1467 91 1524 hac
104 1481 249 1541 potestate
262 1488 349 1528 usum
363 1487 436 1534 esse,
452 1469 522 1525 satis
535 1478 659 1536 constat,
676 1485 745 1526 cum
764 1469 793 1524 in
812 1467 912 1524 multis
928 1467 999 1538 aliis,
1017 1475 1079 1523 tum
1100 1466 1129 1522 in

42 1552 94 1610 hoc
113 1555 175 1627 ipso
195 1556 395 1627 Sacramento,
418 1572 486 1612 curn
509 1553 652 1630 ordinatis
674 1555 824 1613 nonnuliis
846 1554 924 1612 circa
945 1555 1009 1626 ejus
1031 1570 1128 1624 usum¹

45 1639 184 1708 “Cetera,
209 1643 316 1714 inquit,
342 1661 410 1701 cum
434 1659 556 1706 venero,
582 1640 740 1713 disponam
750 1641 792 1697 ”t
841 1641 941 1714 Quare
965 1657 1130 1712 agnoscens

43 1727 137 1786 sancia
150 1731 248 1788 Mater
263 1731 397 1789 Ecclesia
417 1729 495 1786 hanc
514 1746 597 1786 suam
618 1729 648 1784 in
667 1729 921 1786 administratione
935 1739 1130 1786 sacramento·

43 1833 99 1872 rum
119 1817 335 1884 auctoritatem,
351 1819 420 1876 licet
435 1817 474 1874 ab
494 1816 579 1874 initio
592 1814 767 1874 Christianae
785 1815 949 1887 Religionis
966 1832 1027 1872 non
1045 1813 1129 1874 inire·

43 1919 130 1972 quens
144 1904 298 1976 utriusque
312 1903 422 1978 speciei
436 1922 505 1962 usus
520 1902 630 1969 fuisset,
647 1915 747 1961 tamen
769 1920 923 1975 progressu
937 1901 1078 1974 temporis
1090 1901 1130 1958 ia-

42 1989 146 2048 tissime
162 1992 224 2062 jam
245 1992 400 2049 immutata
419 1991 468 2049 illa
487 1991 704 2050 consuetudine
726 1990 869 2062 gravibus·
883 2000 912 2048 et
930 1989 1016 2061 justis
1035 1991 1131 2046 causis

41 2073 171 2146 adducta,
187 2077 265 2134 hanc
278 2077 526 2135 consuetudinem
541 2077 597 2134 sub
610 2077 700 2134 alterii
713 2076 813 2148 specie
825 2076 1067 2134 communicandi
1080 2093 1131 2147 ap-

44 2159 178 2231 probavit,
186 2175 216 2220 et
229 2180 284 2234 pro
297 2163 362 2235 lege
376 2159 709 2222 habendum'decrevit':
730 2181 819 2234 quam
834 2162 999 2234 reprobare,
1007 2173 1058 2220 aut
1067 2163 1131 2222 sine

42 2247 125 2315 ipsius
139 2248 281 2307 Ecclesiae
293 2249 468 2324 auctoritate
481 2268 536 2322 pro
549 2250 633 2308 libitu
647 2263 769 2320 mutare,
785 2269 845 2309 non
860 2251 938 2316 licet,

71 2375 171 2433 CAP.
189 2376 223 2436 3.
239 2377 377 2434 Totum
394 2382 433 2434 et
450 2379 649 2448 integrum·
663 2377 877 2448 Christum,
895 2391 939 2436 ac
954 2391 1093 2437 verum

154 2473 450 2533 Sacramentum
468 2473 541 2532 sub
557 2466 733 2545 qualibet
749 2475 877 2547 specie
894 2477 1008 2534 sumi.

74 2595 196 2668 insuper
215 2597 356 2667 declarat,
372 2599 507 2668 quamvis
527 2597 715 2669 Redemptor
733 2607 840 2668 noster,
862 2610 893 2656 ut
911 2609 999 2656 antea
1018 2601 1132 2659 dicium

43 2691 88 2750 est,
104 2683 132 2738 in
145 2684 285 2754 suprema
305 2682 354 2738 illa
367 2682 463 2742 Coena
483 2683 540 2742 hoc
554 2685 777 2742 Sacramentum
797 2685 827 2741 in
846 2685 963 2744 duabus
976 2687 1132 2758 speciebus

44 2767 201 2837 instituerit,
217 2779 246 2827 et
260 2769 413 2841 Apostoiis
426 2771 587 2840 tradiderit,
605 2781 703 2828 tamen
718 2771 870 2829 fatendum
886 2789 959 2843 esse,
974 2775 1063 2830 etiam
1076 2774 1133 2832 suh

42 2855 126 2912 altera
143 2867 258 2914 tantum
278 2857 377 2929 specie
398 2866 492 2915 toturn
513 2871 603 2930 atque
622 2858 769 2929 integrum
789 2859 949 2929 Christum,
970 2877 1132 2932 verumque

45 2939 257 3000 Sacramentum
271 2944 348 2999 sumi
364 2963 372 3014 ;
392 2962 427 3000 ac
442 2957 606 3017 propterea,
623 2947 706 3018 quod
723 2947 762 3004 ad
779 2947 907 3003 trucium
925 2947 1037 3018 attinet,
1055 2950 1134 3007 nulia

45 3028 137 3098 gratia,
149 3028 315 3086 necessarii
327 3029 365 3085 ad
378 3031 513 3100 salutem,
526 3049 577 3088 eos
587 3031 763 3101 defraudari,
780 3033 831 3103 qui
846 3049 935 3088 unam
947 3033 1077 3104 speciem
1088 3052 1134 3092 so-

45 3111 95 3168 lam
107 3115 267 3186 accipiunt.
308 3183 311 3188 ἱ

46 3235 143 3296 CAP.
164 3241 203 3298 4.
232 3241 419 3302 Parvulos
444 3257 519 3301 non
545 3244 707 3315 obligari
735 3244 782 3302 ad
809 3243 1132 3304 communionem

419 3342 754 3398 sacramentalem.

77 3449 210 3525 Denique
223 3453 327 3511 eadem
343 3455 446 3512 sancta
459 3455 597 3527 Synodus
611 3456 709 3521 docet,
725 3455 861 3526 parvulos
880 3474 934 3513 usu
953 3454 1074 3511 rationis
1087 3471 1134 3511 ca·

46 3550 141 3606 rentes,
164 3541 245 3598 nulia
268 3542 392 3613 obligari
416 3544 592 3602 necessitate
613 3544 652 3601 ad
674 3544 917 3600 sacramentalem
941 3539 1135 3600 Eucharistiae

45 3629 304 3685 communionem:
334 3629 481 3700 siquidem
503 3649 555 3702 per
576 3630 720 3702 Baptismi
740 3631 888 3687 lavacrum
908 3629 1085 3698 regenerati,
1105 3639 1135 3686 et

45 3708 154 3771 Christo
167 3715 358 3787 incorporati,
370 3715 509 3788 adeptam
523 3720 581 3788 jam
597 3719 724 3776 filiorum
739 3717 793 3773 Dei
808 3716 930 3787 gratiam
946 3714 975 3768 in
990 3713 1039 3769 illa
1049 3725 1135 3772 aetate

46 3800 168 3860 amittere
187 3820 248 3860 nou
269 3814 403 3874 possunt.
445 3805 551 3876 Neque
570 3805 638 3862 ideo
652 3817 751 3862 tamen
766 3801 937 3860 dannanda
951 3809 995 3856 est
1008 3800 1132 3872 antiqui·

46 3895 93 3952 tas,
101 3889 121 3942 si
133 3905 199 3946 eum
213 3907 326 3946 rnorem
339 3889 369 3944 in
379 3889 559 3960 quibusdam
570 3891 642 3948 locis
652 3889 815 3962 aliquando
826 3886 959 3944 servavit.
1001 3886 1043 3944 Ut
1053 3886 1133 3943 enim

48 3969 211 4029 sanciissimi
226 3973 267 4028 iiii
281 3973 381 4030 Patres
391 3973 434 4030 sui
450 3974 518 4032 sacti
533 3973 718 4046 probabilem
729 3990 849 4030 causam
863 3989 917 4043 pro
931 3972 1008 4028 iilius
1019 3982 1134 4044 tempo·

46 4053 80 4109 ris
90 4059 199 4118 ratione
213 4059 381 4117 habuerunt
395 4079 402 4130 ;
425 4061 464 4117 ita
478 4071 556 4118 certe
570 4079 621 4118 eos
634 4061 716 4117 nulia
729 4060 830 4116 salutis
850 4058 1025 4116 necessitate
1045 4059 1075 4116 id
1095 4059 1108 4115 i
1124 4092 1134 4102 -

45 4141 120 4213 cisse,
133 4147 194 4204 sine
208 4147 409 4204 controversia
423 4148 607 4206 credendum
623 4158 675 4205 est.

78 4278 152 4347 ¹J0a.
166 4285 217 4351 vl,
234 4299 274 4354 57.
288 4315 323 4322 -
336 4281 418 4352 'soca
435 4285 485 4348 VI,
503 4299 542 4353 59.
555 4315 588 4324 -
599 4291 608 4322 ³
621 4287 639 4338 l
653 4283 718 4338 Cor.
737 4285 786 4347 IV,
806 4298 827 4336 1.
839 4283 921 4336 --⁴I
932 4281 997 4338 Cor.
1011 4283 1063 4346 XI,
1075 4293 1116 4346 34.
