2808 4664
332 143 387 194 DE
406 143 489 194 DEO
508 141 881 197 REMUNERATQRE.
1089 149 1154 200 705

40 322 189 388 aliunde
205 335 323 390 natura
339 335 389 390 est
408 328 449 390 ad
473 327 598 391 malum
614 326 711 391 valde
732 345 845 410 prona,
862 329 907 392 ita
922 338 960 391 ut
976 328 1037 390 nisi
1054 327 1156 390 homo

40 447 169 507 poenas
187 438 328 492 aeternas
351 431 492 506 timeret,
508 451 596 513 saepe
620 431 742 513 saepius
764 453 784 494 a
806 432 887 495 vitio
910 431 1065 495 deterreri
1088 451 1154 493 non

40 539 172 610 posset
222 531 321 614 Quod
353 532 537 596 luculenter
566 535 772 616 experientia
802 533 1036 612 confirmatur;
1070 553 1156 617 nam,

40 633 150 696 etiam
178 643 290 698 stante
313 636 432 699 timore
456 656 630 718 poenarum
654 647 862 712 aetemarum,
881 637 976 700 multi
1000 646 1077 699 sunt
1100 637 1156 716 qui

41 737 263 815 passionibus
287 738 468 820 indulgent,
489 748 523 802 et
546 739 608 802 sibi
633 741 831 821 persuadere
854 748 1016 802 conantur
1040 758 1157 820 poenas

40 838 245 918 hujusmodi
271 860 336 904 non
361 861 433 904 esse
456 849 617 920 aeternas3
644 843 723 923 quid
748 843 848 923 igitur
869 842 1024 916 eveniret,
1039 842 1066 902 si
1086 842 1155 921 jam

40 942 172 1004 timore
190 944 303 1006 aeterni
319 945 469 1026 supplicii
492 964 557 1007 non
580 944 852 1008 resraenarentur?
899 943 974 1005 Hoc
991 943 1157 1006 intellexit

40 1045 229 1109 Lucretius
243 1057 343 1128 poeta
359 1049 439 1110 dum
456 1049 544 1111 dixit
561 1049 617 1128 (de
635 1049 712 1111 Nat.
729 1050 866 1110 deorum
887 1047 912 1122 I,
932 1047 1005 1126 108)
1020 1068 1028 1109 :

231 1179 307 1238 Nam
321 1181 344 1238 si
358 1191 471 1240 certum
485 1181 575 1240 finem
590 1198 654 1239 esse
667 1181 800 1239 viderent

196 1270 407 1328 AErumnarum
421 1271 568 1340 homines,
583 1269 684 1342 aliqua
696 1269 809 1326 ratione
822 1267 952 1326 valerent

196 1355 383 1428 Regionibus
395 1367 485 1428 atque
499 1358 587 1415 minis
600 1357 743 1416 obsistere
756 1365 865 1412 vatum.

197 1442 286 1502 Nunc
298 1445 372 1502 ratio
386 1444 467 1502 nulla
480 1454 534 1516 est,
549 1444 678 1502 restandi
694 1443 775 1500 nulla
788 1441 920 1510 facultas,

197 1530 335 1589 AEternas
349 1531 491 1602 quoniam
507 1548 611 1604 poenas
624 1530 654 1586 in
667 1541 763 1587 morte
776 1528 943 1586 timendum
956 1536 1008 1586 est.

87 1683 144 1732 21.
196 1659 260 1749 (C)
281 1665 381 1728 Ratio
396 1666 533 1728 tandem
558 1665 733 1728 ostendere
749 1665 837 1728 valet
853 1665 975 1746 dogma
991 1666 1033 1728 de
1050 1667 1159 1748 poenis
1183 1711 1188 1722 .

42 1766 187 1828 aeternis
206 1786 281 1828 cum
301 1767 421 1829 divinis
442 1768 612 1831 attributis
636 1787 701 1829 non
726 1787 896 1849 pugnare:
919 1767 970 1848 (a)
993 1789 1059 1830 non
1083 1788 1158 1830 cum

42 1868 295 1943 misen'cordid;
327 1890 414 1944 nam,
442 1871 519 1934 licet
550 1869 643 1934 Deus
672 1871 823 1933 omnium
856 1870 1058 1945 misereatur,
1085 1871 1156 1950 ejus

41 1983 168 2036 tamen
186 1972 409 2034 misericordia
425 1973 598 2054 sapientire
619 1975 735 2036 ordine
755 1972 932 2054 regulatur,
948 1991 1008 2035 nec
1025 1974 1066 2036 ad
1085 1971 1159 2035 illos

43 2095 84 2138 se
106 2076 263 2138 extendit
284 2076 395 2155 quise
416 2076 648 2139 misericordiae
674 2076 821 2140 iecerunt
842 2075 1004 2156 indignos,
1025 2085 1058 2138 et
1082 2083 1161 2139 sunt

43 2179 82 2240 in
103 2176 233 2240 malitia
248 2178 407 2242 obstinati
430 2179 481 2258 (S.
503 2179 569 2253 Tra,
585 2179 603 2240 l.
621 2199 646 2240 c.
663 2197 691 2240 a.
708 2195 736 2253 2,
752 2178 794 2239 ad
816 2176 853 2254 1).
900 2175 1047 2238 Aliunde
1064 2176 1160 2238 mise-

44 2277 196 2344 ricordia
221 2279 293 2355 Dei,
310 2280 386 2342 licet
410 2281 442 2342 in
466 2300 501 2342 se
526 2278 664 2354 infinita,
679 2289 730 2342 est
753 2279 785 2340 in
809 2282 869 2340 sua
893 2277 1160 2342 manifestatione

45 2383 210 2458 limitata,
233 2385 317 2447 sicut
343 2393 452 2446 cetera
480 2384 543 2446 Dei
570 2385 751 2462 attributa;
774 2382 925 2463 jamvero
949 2381 1042 2444 Deus
1066 2402 1159 2445 suam

46 2485 318 2550 misericordiam
334 2507 413 2569 erga
428 2497 619 2569 peccatores
637 2486 708 2567 jam
728 2486 808 2547 satis
829 2485 992 2561 exhibuit,
1008 2487 1071 2548 illis
1087 2507 1161 2568 gra·

45 2591 119 2652 tias
132 2588 313 2669 largiend0,
324 2591 404 2652 dum
418 2589 527 2652 adhuc
544 2590 576 2650 in
594 2593 680 2650 terra
695 2588 852 2652 viverent.
897 2587 1050 2652 Tandem
1064 2591 1172 2664 mise-¹

46 2691 198 2756 ricordia
221 2692 322 2754 etiam
347 2693 380 2754 in
403 2693 450 2754 eis
474 2692 582 2754 locum
604 2691 713 2766 habet,
730 2691 927 2772 inquantum
947 2692 1029 2755 citra
1048 2693 1160 2754 condi-

47 2813 161 2878 gnum
178 2796 368 2876 puniuntur,
385 2805 421 2857 ut
437 2805 529 2857 tenet
547 2795 580 2858 S.
604 2794 751 2870 Tlromas,
767 2794 785 2856 l.
802 2815 828 2857 c.

48 2898 108 2979 (b)
123 2897 193 2958 Nec
205 2898 429 2978 cumjustitid.
469 2898 594 2962 Dicunt
607 2899 741 2979 quidem
757 2897 1161 2980 Rationalistaejustitiam

50 3000 229 3088 postulare
252 3009 288 3062 ut
312 3000 396 3062 inter
420 3021 554 3081 poenam
579 3011 612 3063 et
635 3001 767 3081 culpam
791 2999 905 3062 debita
924 3001 967 3063 sit
983 3003 1163 3083 proporti0,

51 3102 264 3184 proindeque
280 3123 416 3184 poenam
433 3113 592 3166 aeternam
613 3113 749 3184 propter
768 3114 1040 3166 momentaneum
1057 3105 1163 3167 scelus

53 3205 196 3284 irrogari
214 3225 280 3266 non
296 3225 401 3286 posse.
449 3207 685 3287 Respondetur
700 3214 811 3268 autem
828 3226 963 3288 poenam
979 3209 1163 3290 proportio·
1249 3263 1253 3270 .

53 3307 129 3369 nari
158 3306 292 3386 quidem
314 3306 481 3388 gravitati
502 3308 618 3389 culpae,
641 3329 707 3370 non
734 3318 845 3371 autern
873 3307 944 3390 ejus
971 3309 1162 3382 durationi,·

52 3399 149 3467 reate
164 3405 253 3467 enim
270 3407 507 3469 animadvertit
524 3407 561 3473 S.
580 3407 727 3482 Thomas,
743 3408 776 3488 (l.
789 3431 815 3473 c.
832 3431 859 3474 a.
881 3411 930 3491 1):
953 3417 968 3442 “
983 3412 1058 3473 Non
1076 3413 1164 3474 enim

53 3506 270 3584 adulterium,
280 3509 369 3588 quod
384 3509 416 3570 in
431 3520 603 3573 momento
616 3512 775 3593 temporis
786 3524 1003 3596 perpetratur,
1016 3535 1164 3577 momen·

52 3615 160 3674 tanea
175 3614 277 3691 poeni
292 3613 436 3692 punitur,
452 3614 553 3675 ctiam
571 3615 753 3677 secundum
775 3616 863 3698 leges
880 3617 1051 3680 humanas.
1099 3618 1165 3682 Sed

53 3715 194 3778 duratio
206 3735 315 3796 poenae
327 3715 459 3796 respicit
471 3716 725 3796 dispositionem
740 3720 915 3798 peccantis
956 3719 1166 3801 Quandoque

53 3821 150 3881 enim
167 3819 222 3881 ille
238 3821 293 3899 qui
311 3830 427 3900 peccat
444 3821 476 3881 in
493 3820 604 3901 aliqua
625 3823 769 3894 civitate,
785 3842 829 3882 ex
851 3823 924 3902 ipso
944 3833 1081 3902 peccato
1097 3823 1165 3885 effi-

53 3925 146 3985 citur
169 3922 291 4003 dignus
314 3933 351 3985 ut
373 3923 521 3985 totaliter
544 3945 563 3984 a
586 3923 703 3984 civium
728 3925 896 3984 consortio
919 3924 1098 4004 repellatur
1114 3925 1166 3987 vel

53 4046 119 4108 per
143 4026 299 4088 exsilium
324 4035 530 4108 perpetuum,
553 4025 604 4088 vel
628 4026 729 4088 etiam
753 4045 812 4107 per
835 4036 1003 4092 mortem...
1050 4029 1095 4091 Et
1121 4029 1167 4090 ita

52 4130 163 4192 etiam
181 4131 364 4192 secundum
382 4131 528 4192 divinam
544 4129 707 4209 justitiam
730 4129 849 4210 aliquis
872 4151 915 4192 ex
941 4141 1079 4212 peccato
1096 4131 1167 4194 red·

54 4236 154 4297 ditur
176 4233 297 4314 dignus
325 4235 457 4315 penitus
484 4254 503 4296 a
530 4233 673 4296 civitatis
701 4233 764 4295 Dei
791 4234 959 4296 consortio
985 4236 1129 4316 separari
1143 4235 1167 4296 ”.

155 4340 279 4413 Sinorsts
292 4367 337 4414 111.
350 4393 376 4400 -
388 4381 418 4420 ts
