2752 4648
249 195 317 246 400
701 193 841 244 CAPUT
859 195 902 242 11.

249 382 283 434 et
305 373 490 453 privatione
513 373 693 454 sepulturae
715 373 970 454 ecclesiasticae;
1003 395 1079 456 quae
1102 385 1212 438 tamen
1235 393 1325 455 poenae

249 497 316 538 non
332 486 410 539 sunt
431 476 517 552 latae,
532 479 589 541 sed
605 478 755 557 serenda
768 479 953 553 sententiae,
970 480 987 542 i.
1003 499 1029 542 e.
1047 499 1114 542 non
1139 481 1326 542 incurruntur

249 580 311 641 nisi
328 590 404 662 post
417 581 579 661 judicium
595 582 639 644 ab
656 581 828 664 Episcopo
843 583 955 646 latum.

292 682 341 762 (b)
367 684 433 766 Qui
463 685 625 767 sacrilege,
643 686 868 750 communicat
899 707 965 749 non
996 685 1158 750 satisfacit
1188 685 1231 747 illi
1258 704 1324 766 prae-

249 797 348 868 cepto
363 809 370 864 ;
396 790 562 852 contraria
576 790 666 853 enim
682 790 848 853 sententia
864 809 1022 872 expresse
1042 791 1202 853 damnata
1221 789 1275 851 suit
1291 787 1324 848 ab

249 889 355 953 [πηοί.
372 891 433 954 XI
446 889 577 979 (1679).
631 895 676 957 Et
698 894 840 956 merito:
868 914 945 958 nam
969 904 1173 976 praeceptum
1194 891 1324 955 ecclesia·

246 995 370 1070 ‚sticum
393 1005 444 1059 est
466 995 573 1060 solum
596 997 888 1060 determinativum
912 998 1015 1060 divini
1039 997 1194 1080 praecepti
1207 1018 1214 1074 ;
1244 1013 1324 1077 porro

250 1097 399 1162 divinum
417 1109 619 1182 praeceptum
635 1099 763 1180 obligat
780 1120 846 1163 non
860 1111 990 1163 tantum
1004 1101 1046 1162 ad
1064 1097 1323 1166 materialemsed

251 1202 350 1264 etiam
368 1201 410 1263 ad
426 1203 564 1282 dignam
581 1213 614 1266 ct
630 1200 833 1266 srudtuosam
852 1203 1069 1265 Eucharistiae
1086 1203 1301 1283 receptionem.

294 1303 342 1384 (c)
356 1303 503 1386 Tempus
519 1326 639 1370 annuae
655 1306 898 1369 communionis
911 1315 1132 1388 computatur,
1142 1305 1239 1385 juxta
1252 1321 1324 1364 com-

252 1426 386 1470 munem
412 1411 622 1485 sententiam,
646 1431 666 1472 a
691 1409 853 1472 Paschate
878 1410 919 1471 ad
947 1409 1082 1484 Pascha,
1102 1428 1169 1470 non
1192 1415 1324 1470 autema

250 1511 410 1590 Januario
425 1512 466 1574 ad
485 1512 713 1575 Decembrem.

296 1627 363 1693 132.
411 1626 446 1674 2⁰
464 1613 583 1690 Quoad
594 1625 717 1696 tempus
732 1645 743 1678 .·
768 1615 819 1696 (a)
835 1615 992 1695 Tempus,
1008 1634 1075 1696 quo
1098 1611 1263 1694 adimpleri
1281 1609 1324 1670 de·

252 1712 309 1775 bet
332 1713 413 1777 illud
437 1726 641 1798 praeceptum
658 1728 709 1781 est
729 1727 861 1799 tempus
878 1717 1041 1800 paschale,
1057 1717 1148 1798 quod
1167 1716 1239 1794 jure
1252 1731 1324 1776 com·

253 1819 344 1880 muni
369 1819 485 1902 incipit
501 1841 520 1882 a
537 1821 715 1885 Dominica
733 1822 930 1895 Palmamm,
946 1830 978 1882 ct
1002 1839 1106 1900 usque
1130 1821 1172 1881 ad
1194 1813 1324 1879 Domini·

253 1941 325 1983 cam
343 1921 376 1983 in
393 1921 491 1985 Albis
506 1925 724 2005 protenditur.
770 1926 836 1990 Sed
861 1926 894 1986 in
918 1922 1031 1986 multis
1053 1921 1239 2004 regionibus
1260 1915 1324 1980 illud

253 2035 386 2108 tempus
403 2025 508 2089 multo
524 2027 656 2109 longius
672 2028 886 2106 extenditur;
913 2027 959 2088 ita
976 2025 1008 2087 in
1026 2024 1176 2090 Statibus
1192 2020 1325 2084 Foedera-

252 2129 304 2204 tis,
331 2137 466 2210 propter
492 2129 638 2212 inopiam
666 2132 876 2193 sacerdotum
906 2138 940 2191 et
970 2127 1117 2190 locorum
1145 2123 1326 2188 distantiam.
1366 2127 1367 2150 ¹

254 2227 288 2292 S.
299 2227 403 2292 Sedes
421 2229 564 2310 benigne
576 2231 740 2291 concessit
756 2239 793 2294 ut
809 2239 941 2310 tempus
952 2226 1195 2289 communionis
1210 2221 1325 2306 pascha·

254 2330 293 2391 lis
309 2341 520 2412 computetur
532 2352 552 2393 a
564 2331 597 2393 Ιῑι
610 2333 783 2394 Dominicn
798 2329 1065 2410 Quadragesimoe
1077 2328 1230 2390 inclusive
1241 2340 1326 2404 usque

196 2433 198 2437 ’
254 2433 297 2495 ad
315 2433 527 2496 Dominicam
546 2434 574 2497 S
577 2435 611 2497 S.
628 2436 658 2497 T
655 2436 803 2499 n'nitatis
818 2436 940 2517 pariter
955 2433 1124 2506 inclusiva·
1149 2433 1280 2512 insuper,
1292 2445 1326 2487 ex

255 2536 329 2616 ipso
339 2535 456 2610 Later,
468 2537 687 2600 confessarius
703 2547 822 2619 potest,
835 2538 925 2618 justa
941 2536 983 2597 de
999 2538 1107 2608 causa,
1119 2542 1248 2614 tempus
1263 2528 1326 2592 illud

256 2640 446 2714 extendere,
457 2641 592 2720 quando
608 2640 760 2702 videlicet
774 2639 902 2721 judicat
918 2637 1025 2718 majus
1040 2639 1166 2701 bonum
1184 2635 1327 2717 poeniten·
1365 2663 1366 2698 r

255 2743 298 2805 tis
313 2740 345 2803 id
362 2744 532 2824 requirere.
1365 2699 1366 2757 ¹

299 2844 350 2925 (b)
367 2843 433 2925 Qui
455 2856 604 2928 tempore
626 2845 821 2927 praescripto
835 2845 947 2908 omisit
963 2843 1230 2907 communionem
1253 2853 1329 2902 tene-

257 2958 318 3022 tur,
331 2949 430 3028 juxta
454 2968 665 3011 communem
689 2950 896 3022 sententiam,
911 2947 996 3008 inira
1019 2965 1143 3008 annum
1167 2940 1329 3007 communi·

256 3071 340 3126 care,
356 3060 389 3113 et
404 3051 643 3113 consulendum
660 3060 710 3116 est
726 3061 762 3112 ut
783 3069 883 3131 quam
904 3049 1047 3132 primum
1063 3048 1140 3110 huic
1155 3041 1328 3128 obligationi

257 3152 448 3216 satisfaciat.
494 3153 582 3215 Nam
600 3161 732 3234 tempus
754 3172 819 3214 non
842 3153 884 3214 ad
907 3150 1086 3214 finiendam
1102 3149 1329 3232 obligationem,
1364 3177 1365 3182 κ

257 3257 314 3319 sed
343 3257 385 3318 ad
413 3275 487 3316 eam
515 3257 698 3338 urgendam
726 3253 900 3336 praefixum
930 3253 1012 3330 fuit;
1044 3254 1176 3334 insuper
1201 3271 1242 3314 ex
1266 3246 1329 3329 ipsis

256 3359 366 3422 verbis
397 3357 433 3422 C.
457 3357 695 3432 Lauronensia
723 3359 816 3420 adest
847 3356 1082 3437 aequivalenter
1111 3354 1236 3436 duplex
1263 3369 1329 3432 prae·

231 3456 234 3464 ⁴
257 3473 410 3545 ceptum:
437 3461 527 3541 prius
542 3461 786 3523 communicare
802 3458 903 3521 semel
921 3460 953 3520 in
971 3477 1068 3532 anno,
1084 3457 1243 3538 posterius
1257 3469 1328 3515 com·

259 3565 425 3627 municare
442 3576 590 3643 tempore
607 3561 750 3624 Paschae.

300 3667 349 3748 (c)
374 3666 631 3730 Circumstantia
658 3665 817 3746 temporis
842 3665 902 3726 sub
931 3663 1022 3746 gravi
1053 3661 1200 3743 obligat;
1233 3653 1327 3722 dilatio

258 3771 355 3832 unius
370 3769 421 3831 vel
445 3768 579 3832 alterius
594 3769 658 3830 diei
683 3780 732 3832 est
749 3781 856 3850 perse
878 3777 1052 3851 peccatum
1077 3785 1187 3847 grave,
1202 3764 1271 3845 quia
1289 3765 1327 3818 est

259 3893 334 3954 pars
352 3871 507 3932 notabilis
530 3871 630 3933 relate
653 3873 695 3934 ad
719 3880 852 3953 tempus
875 3869 1031 3952 paschale
1054 3889 1073 3930 a
1094 3869 1167 3949 jure
1183 3857 1326 3929 communi

259 3971 434 4055 praefixum
449 3984 459 4014 ¹
476 3994 483 4048 ;
509 3973 566 4034 sed
584 3973 639 4035 ubi
655 3983 787 4055 tempus
804 3993 997 4036 concessum
1014 3971 1207 4034 extenditur
1218 3967 1255 4030 ad
1269 3979 1326 4024 cen·

1245 4091 1320 4109 θ’

293 4168 301 4199 ¹
319 4175 361 4227 lta
375 4174 463 4242 Gury,
477 4177 522 4230 De
535 4187 666 4247 praecept.
684 4178 804 4244 Eccles,
818 4193 844 4230 n.
858 4177 926 4242 48²5
947 4175 1084 4244 Kom'ngs,
1103 4189 1130 4227 n.
1149 4185 1215 4242 550,
1233 4163 1322 4224 sami,

259 4279 285 4314 n.
300 4274 358 4328 34²·
