2738 4646
269 141 336 192 27⁴·
460 145 709 196 TRACTATUS
727 145 784 195 DE
803 145 1170 196 CONFIRMATIONE.

152 353 156 360 ·
266 344 285 384 a
309 323 433 388 Graecis
460 347 549 408 saepe
573 336 711 390 vocatur
734 327 835 412 μύρον,
860 329 877 390 i.
900 348 927 390 e.
951 337 1176 408 unguentum
1215 346 1235 388 a
1262 334 1345 386 mate·

266 427 314 488 ria
337 429 491 508 proxima
508 430 670 510 impositio
687 451 845 491 manuum
857 453 871 502 ,·
895 430 938 493 ab
961 427 1136 493 elieiiibus
1156 425 1346 510 Confirmatio

266 527 355 608 (quae
371 551 438 592 vox
456 531 545 612 apud
565 531 600 595 S.
617 531 830 594 Ambrosium
844 532 914 613 jam
939 533 1114 608 invenitur,
1130 533 1172 594 de
1189 529 1345 612 Mysterii÷‚

265 650 291 693 c.
303 631 353 694 Vl
360 633 408 714 l.),
419 635 624 716 signaculum
642 637 858 710 dominicum,
873 635 1030 716 sigillum,
1039 635 1208 716 perfidio,
1222 653 1344 696 consuu-

266 734 366 797 maiiu
381 745 414 798 et
433 747 678 800 sacramentum
695 737 923 818 plenitudinis,
940 739 1018 820 quia
1036 738 1247 819 Baptismum
1263 733 1344 796 veluti

265 835 402 917 perficit.
449 839 598 902 Breviter
620 840 867 922 disputabimus
891 843 933 903 de
957 841 1056 921 hujus
1079 838 1276 902 sacramenti
1297 835 1344 896 cri·

264 938 392 1016 sictritii,
409 940 547 1004 neoterici
564 941 727 1022 etforuul,
743 941 911 1024 affinius,
924 943 1076 1005 ministro
1091 952 1123 1005 et
1136 942 1278 1023 subjicio.

592 1101 678 1177 Art.
709 1099 739 1176 I.
770 1099 1029 1176 Existentia¹.

309 1284 336 1328 2.
386 1281 418 1330 1⁰
433 1267 581 1330 Errores.
626 1268 701 1349 Jam
719 1267 907 1328 Novatiaui
923 1277 958 1329 et
972 1266 1166 1349 Albigeuses
1182 1264 1343 1331 Confirma-

264 1369 390 1431 tionem
408 1371 589 1450 rejecerant
612 1379 649 1432 ut
673 1370 772 1432 ritum
796 1369 958 1433 inutilem.
1002 1369 1169 1432 Lutlurus
1184 1389 1256 1432 earn
1273 1375 1303 1428 ut
1317 1364 1343 1424 ri·

264 1480 336 1533 tum
354 1493 442 1535 mere
458 1473 716 1536 ecclesiasticam
734 1471 861 1547 habuit,
881 1471 1038 1536 Calvinus
1053 1482 1090 1535 ut
1111 1472 1291 1535 abortivam
1306 1487 1342 1527 sa·

264 1576 424 1638 eramenti
442 1575 575 1637 larvam.
624 1574 737 1636 Hodie
755 1575 983 1637 Protestaotes
1000 1574 1066 1637 fere
1082 1595 1210 1650 omnes,
1219 1569 1341 1636 Riuurli-

263 1676 324 1737 stis
346 1678 507 1758 exceptis,
531 1685 656 1758 negant
679 1675 977 1739 Confirmationem
1007 1696 1079 1739 esse
1106 1685 1341 1738 sacramentum

264 1779 447 1860 Anglicani
467 1789 590 1856 autem,
614 1781 682 1842 imo
704 1788 738 1841 et
763 1779 858 1841 multi
881 1779 1069 1841 Lutluruni
1089 1780 1235 1860 aliquem
1261 1779 1339 1839 ritum

265 1881 535 1946 Confirmationis
559 1883 693 1944 nomine
717 1883 869 1954 retinent,
886 1901 986 1962 quem
1004 1883 1120 1946 dicunt
1141 1903 1214 1944 esse
1237 1895 1339 1944 meran

264 1986 506 2059 caeremoniam,
524 1985 556 2046 in
573 1988 639 2066 qua
656 1984 825 2065 baptizati,
842 2003 944 2064 quum
962 2004 1066 2045 annos
1082 1983 1287 2047 discretionis
1304 1987 1338 2039 at·

266 2089 407 2169 tingunt,
423 2088 583 2171 promissa
600 2088 632 2149 in
651 2087 825 2167 Baptismo
843 2084 938 2161 faita,
955 2086 1087 2168 publice
1104 2095 1269 2150 renovant.

303 2259 332 2323 3.
364 2253 394 2303 2⁰
408 2246 512 2304 Tueris.
557 2242 790 2308 Confirmatio
806 2249 864 2306 est
876 2260 1001 2307 verum
1017 2247 1055 2306 et
1070 2243 1212 2322 proprie
1226 2241 1337 2305 dictum
1354 2227 1355 2303 l

266 2342 310 2406 N.
329 2342 439 2422 Legis
453 2346 731 2407 sacramentum.
777 2342 829 2403 De
831 2342 902 2423 fide
912 2351 959 2403 est
970 2363 1009 2402 ex
1024 2341 1054 2402 T
1053 2341 1169 2403 nilent.
1181 2365 1193 2405 .·
1212 2347 1229 2372 ‘¹
1240 2340 1271 2404 Si
1282 2335 1336 2417 qui<

263 2447 386 2508 dixerit
400 2443 696 2508 Confirmationem
710 2444 955 2524 baptizatorum
970 2443 1112 2505 otiosam
1126 2440 1335 2506 caeremonian
1353 2459 1354 2525 i

264 2569 344 2624 esse,
360 2557 394 2611 et
417 2569 482 2609 non
507 2549 618 2630 potius
635 2567 748 2609 verum
766 2556 800 2609 et
823 2547 992 2628 proprium
1010 2556 1273 2620 sacramentum;
1294 2548 1335 2602 aul

263 2653 342 2714 olim
372 2651 451 2713 nihil
480 2649 569 2712 aliud
598 2649 707 2724 fuisse,
731 2670 831 2731 quam
856 2649 1056 2712 catechesim
1081 2650 1268 2731 quamdam,
1288 2642 1334 2723 qul

262 2755 495 2818 adolescentiae
519 2754 665 2835 proximi
690 2752 765 2816 fidei
792 2773 860 2814 suae
886 2754 1049 2815 rationem
1073 2773 1186 2816 coram
1212 2745 1333 2816 Ecclesia

261 2857 486 2940 exponebant,
504 2855 543 2916 A.
557 2855 608 2918 S.'’
619 2855 710 2936 (sess.
724 2855 803 2932 VII,
817 2875 888 2918 can.
905 2872 916 2917 1
934 2855 977 2917 de
990 2855 1100 2936 Conl'.)

308 2958 373 3046 (A)
394 2960 510 3039 Scrr‘pt
557 2958 717 3033 Christus
734 2959 766 3020 in
784 2959 902 3021 ultima
920 2959 1034 3034 Coena,
1050 2959 1224 3040 Apostolis
1239 2967 1269 3020 et
1282 2971 1332 3015 om·
1350 3039 1351 3042 Ἴ

263 3053 359 3128 nibus
383 3065 415 3125 in
441 3064 525 3125 Eum
549 3064 732 3138 credituriS,
751 3064 883 3126 mittere
907 3065 1106 3145 promiserat
1131 3065 1284 3145 Spiritum
1304 3057 1333 3123 5⁴.

262 3168 317 3250 qui
342 3186 516 3229 mansurus
533 3175 619 3228 esset
638 3167 779 3228 cumeis
804 3167 836 3227 in
861 3177 1022 3228 aeternum
1035 3179 1056 3228 2.
1104 3167 1204 3229 Hanc
1220 3161 1331 3248 promis·

261 3273 389 3334 sionem
411 3268 606 3349 adimplevit
628 3268 739 3348 quoad
758 3269 793 3331 Β.
809 3267 992 3349 Virginem,
1010 3269 1204 3350 Apostolos,
1220 3281 1331 3350 paucos·
1349 3289 1350 3300 ¹

260 3396 325 3458 que
341 3373 422 3435 alios
444 3371 632 3453 discipulos,
649 3372 703 3434 die
721 3373 943 3447 PentecosteS,
961 3373 1128 3435 mittendo
1145 3373 1293 3454 Spiritum
1307 3363 1329 3426 S·

260 3479 321 3542 sub
333 3477 439 3538 forma
452 3474 638 3555 linguarum
656 3475 742 3555 ignis
752 3486 773 3537 3.
820 3474 888 3539 Sed
902 3473 1042 3537 decebat
1059 3485 1095 3538 ut
1112 3475 1200 3538 idem
1213 3473 1329 3557 Spiritus

260 3579 414 3643 omnibus
429 3575 596 3640 Fidelibus
609 3577 911 3639 communicaretur
923 3577 986 3639 ritu
1003 3577 1124 3640 visibili
1137 3598 1175 3640 ac
1188 3585 1327 3660 perpetuo

262 3686 362 3747 Hunc
385 3683 484 3744 ritum
509 3680 609 3742 suisse
625 3701 738 3742 revera
755 3701 774 3742 a
792 3680 925 3762 Christo
948 3681 1138 3744 institutum
1155 3692 1188 3745 et
1204 3682 1244 3744 ab
1260 3680 1327 3757 Apo·

295 3895 301 3917 ¹
316 3887 346 3940 S.
366 3886 393 3938 T
391 3885 463 3937 lauru.
480 3901 496 3953 3
510 3901 536 3952 p.
553 3901 580 3952 q.
598 3897 640 3948 72,
654 3901 680 3936 a.
700 3901 709 3936 ι
725 3901 732 3950 ;
752 3885 870 3946 Suarcs,
886 3884 922 3938 de
943 3885 1116 3937 Sacrament.
1130 3884 1202 3952 disp.
1218 3875 1326 3935 xxxii:

259 3972 459 4037 Bellnrmz'nus,
482 3971 499 4024 l.
519 3969 546 4024 11
568 3971 603 4023 de
624 3987 694 4024 sacr.
712 3969 875 4024 Gonfiimat'.
898 3988 922 4024 c.
943 3984 984 4034 1·7
996 3987 1004 4038 ;
1031 3971 1139 4040 Mrpne,
1157 3970 1251 4024 Theoi.
1264 3967 1322 4054 Curf·

258 4058 311 4110 vol.
335 4057 416 4118 xxi,
438 4070 463 4124 p.
489 4067 537 4125 547
558 4073 621 4125 sq.;
650 4057 684 4109 de
701 4057 881 4126 Augustinis,
902 4057 937 4109 de
957 4055 1122 4110 Confirmat.
1144 4074 1171 4110 a.
1194 4075 1227 4120 1;
1251 4053 1322 4106 Pessi.

259 4157 469 4296 puppii-(IV,
485 4240 528 4294 153
547 4229 668 4296 cirson.
686 4229 754 4293 Vll,
771 4229 859 4297 38·39.
881 4261 907 4269 —
920 4235 930 4266 ³
943 4231 1004 4284 Ari.
1025 4230 1063 4298 11,
1078 4243 1131 4298 324.
