2758 4652
234 171 303 221 524
442 167 498 218 DE
516 167 809 217 POENITENTlAE
828 167 1126 218 SACRAMENTO.

233 379 258 419 c.
281 373 309 430 2,
333 353 511 416 Rhemense
533 349 634 429 (639),
656 349 862 411 nannetense
886 349 977 429 (656)
1003 360 1083 426 etc.;
1110 351 1141 411 in
1167 354 1314 414 nonnullis

233 458 423 542 praecipitur
438 463 474 517 ut
491 453 604 516 fideles
628 461 677 514 ter
700 452 731 513 in
757 472 846 513 anno
868 472 928 513 sua
951 463 1089 532 peccata
1107 453 1316 523 confiteantur.

234 561 387 626 videlicet
424 567 574 638 tempore
605 554 789 629 PaschatiS,
824 555 1035 618 Pentecostes
1064 566 1099 619 et
1130 555 1316 620 Chrismatis.

235 668 344 730 Nemo
371 663 479 742 igitur,
505 661 537 722 in
566 659 702 721 historia
732 659 954 722 ecclesiastica
984 659 1153 742 paulisper
1178 672 1317 735 versatus,

232 769 332 832 hodie
355 767 463 828 dicere
486 772 596 844 potest
622 762 853 824 innocentium
876 761 976 824 fuisse
991 763 1205 827 consessionis
1220 767 1318 828 inuen-

233 883 338 936 torem
355 878 412 931 aut
429 868 528 930 etiam
551 866 693 948 primum
717 866 772 944 qui
796 863 867 945 ejus
891 867 1122 929 necessitatem
1147 867 1317 930 decreuerit.

234 975 322 1057 Quia
337 993 415 1036 vero
432 968 646 1032 nihilominus
670 968 765 1029 multi
792 969 1017 1030 Protestantes
1041 988 1079 1031 ac
1104 970 1320 1033 Rationalistae

233 1080 348 1142 dicunt
374 1093 448 1136 eam
476 1070 573 1133 suisse
599 1070 741 1150 primum
772 1070 803 1130 in
833 1071 1042 1132 monasteriis
1072 1083 1268 1153 usurpatam,
1290 1085 1319 1135 et

233 1182 354 1247 deinde
380 1199 399 1240 a
427 1177 540 1238 Leone
569 1174 696 1254 Magno
723 1171 760 1254 (†
786 1172 865 1253 461)
890 1173 922 1235 in
950 1173 1134 1235 Ecclesiam
1164 1173 1322 1245 invectam,

231 1283 391 1350 nonnulla
421 1278 613 1343 testimonia
645 1277 790 1350 Patrum,
821 1276 876 1357 qui
909 1275 1056 1338 Leonem
1088 1289 1323 1357 praecesserunt,

232 1388 450 1470 allegabimus
467 1393 503 1446 ut
519 1403 562 1444 ex
579 1381 626 1443 eis
642 1389 802 1462 appareat
825 1380 911 1442 hanc
934 1381 1066 1461 praxim
1085 1389 1239 1461 tanquam
1255 1403 1322 1462 pec-

232 1491 400 1557 catoribus
416 1485 644 1560 necessariam,
657 1485 757 1547 etiam
775 1483 938 1564 prioribus
955 1483 1094 1560 saeculis,
1107 1483 1205 1546 fuisse
1219 1487 1325 1546 existi·
1365 1553 1366 1568 χ

233 1607 367 1660 matam.
781 1599 783 1604 '
1365 1579 1366 1604 ¹

280 1697 448 1780 Imprimis
466 1693 501 1758 S.
517 1692 634 1754 Leontii
649 1691 876 1753 testimonium
896 1687 1081 1750 afferamus.
1127 1689 1274 1752 Audiens
1289 1692 1326 1750 si·
1365 1659 1366 1726 l

233 1805 367 1888 quidem
387 1798 541 1862 Pontifex
567 1794 744 1856 nonnullos
764 1794 953 1855 sacerdotes
972 1791 1103 1873 publice
1126 1793 1240 1874 legisse
1258 1814 1327 1874 pec-

235 1917 310 1971 cata
333 1901 567 1987 poenitentium
592 1898 710 1960 libellis
733 1897 864 1978 scripta,
880 1896 965 1957 hanc
987 1895 1118 1975 praxim
1136 1898 1328 1958 condemnat

233 2023 393 2092 tanquam
422 2005 569 2068 illicitam
594 2001 851 2082 usurpationem,
868 1997 1043 2079 apostolice
1066 1999 1184 2079 reguloe
1208 2009 1328 2060 contra-

234 2116 315 2177 riam
331 2135 337 2186 ;
360 2117 461 2172 “cum
479 2117 589 2169 reatus
606 2102 881 2166 conscientiarum
899 2098 1040 2162 sufficiat
1061 2101 1141 2162 solis
1159 2101 1328 2163 sacerdoti-

234 2220 296 2281 bus
312 2216 457 2277 indicare
472 2207 661 2289 confessum
675 2205 793 2266 secretrl
805 2205 829 2267 ''.
875 2204 1037 2284 Quamvis
1061 2205 1150 2266 enim
1174 2205 1329 2285 poeniten-

234 2319 323 2381 tibus
349 2317 448 2378 liceat
474 2311 606 2393 publice
631 2318 768 2390 peccata
795 2307 949 2389 quaedam
977 2305 1136 2380 confiteri,
1164 2308 1196 2369 id
1223 2317 1328 2370 tamen

236 2421 371 2483 minime
389 2414 628 2498 praescribitur:
648 2410 809 2476 “Sufficit
824 2409 912 2470 enim
931 2407 985 2470 illa
1002 2408 1167 2471 consessio
1181 2429 1254 2489 quae
1270 2412 1328 2490 pri-

236 2543 326 2585 mum
345 2521 419 2582 Deo
437 2516 593 2592 offertur3
620 2526 697 2577 tunc
725 2515 825 2577 etiam
854 2513 1015 2575 sacerdoti
1039 2514 1094 2593 qui
1123 2535 1182 2594 pro
1208 2512 1329 2575 deliciis

236 2625 470 2708 poenitentium
488 2630 638 2703 precator
654 2619 789 2680 accedit.
831 2617 927 2679 Tunc
943 2617 1031 2678 enim
1049 2615 1155 2696 plures
1172 2617 1212 2678 ad
1229 2619 1329 2697 poeni·

235 2729 374 2793 tentiam
392 2735 547 2808 poterunt
564 2723 743 2805 provocari,
756 2723 782 2782 si
796 2720 909 2802 populi
923 2719 1057 2781 auribus
1070 2739 1136 2782 non
1153 2719 1330 2800 publicetur

235 2831 438 2895 conscientia
459 2828 648 2891 confitentis
660 2827 674 2850 ’¹
686 2839 705 2888 1.
753 2826 808 2886 Ex
832 2843 899 2904 quo
923 2823 1070 2904 sequitur
1091 2821 1160 2901 jam
1188 2833 1330 2904 tempore
1364 2811 1365 2848 ³

237 2935 268 3000 S.
301 2935 423 2998 Leonis
453 2932 620 3013 duplicem
652 2930 751 2991 suisse
781 2927 1022 2989 consessionem
1053 2928 1329 2994 sacramentalem.

236 3039 411 3119 publicam,
427 3057 501 3116 quae
518 3035 718 3114 quandoque
735 3030 886 3093 fidelibus
903 3019 1166 3112 permittebatur,
1181 3040 1214 3092 et
1229 3031 1329 3111 priua·

235 3154 315 3214 tam,
346 3162 401 3203 seu
441 3138 665 3211 auricularem,
695 3155 770 3217 quae
808 3133 1036 3215 peccatoribus
1074 3134 1328 3215 praecipiebatur.

236 3247 424 3325 Utramque
440 3251 518 3304 ante
536 3241 682 3302 Leonem
700 3236 843 3320 viguisse
859 3237 982 3319 pariter
997 3246 1135 3298 constat.

235 3349 285 3428 (a)
310 3346 431 3409 Saeculo
456 3345 490 3408 V.
509 3345 543 3408 S.
560 3343 778 3422 Augustinus,
795 3361 860 3402 non
886 3341 1075 3415 monachos
1092 3341 1150 3402 sed
1175 3342 1327 3423 populum

235 3451 449 3515 christianum
467 3451 513 3510 sic
529 3446 751 3528 alloquitur2:
774 3443 857 3506 “Ad
880 3443 965 3505 hanc
988 3443 1238 3518 consessionem,
1257 3445 1329 3506 Fra-

235 3567 300 3618 tres
316 3553 485 3626 carissimi,
502 3550 726 3612 iestinandum
743 3559 802 3622 cst,
819 3567 894 3628 quae
918 3567 983 3608 non
1008 3546 1104 3608 labiis
1121 3557 1260 3620 tantum,
1276 3550 1328 3610 sed

234 3660 333 3720 corde
348 3668 381 3720 et
397 3656 550 3738 operibus
567 3654 750 3734 impleatur.
796 3649 968 3711 Neminem
985 3651 1104 3712 vulnus
1118 3671 1214 3711 suum
1223 3651 1332 3730 pigeas

233 3763 382 3843 confiteri.
399 3763 477 3840 quin
494 3781 556 3820 nou
565 3767 670 3838 potest
683 3757 753 3816 sine
767 3752 956 3832 corffussione
969 3753 1086 3813 sartari
1094 3752 1116 3814 ''.
1165 3751 1208 3814 Et
1232 3751 1330 3813 alibi3

234 3864 314 3925 dicit
330 3861 497 3942 objedlum
515 3861 731 3924 confessionis
754 3877 825 3918 esse
848 3856 960 3917 omnia
983 3863 1120 3936 peccata
1135 3875 1210 3936 quae
1227 3855 1330 3916 Deca-

235 3962 312 4040 logo
325 3961 557 4041 prohibentur:
574 3962 714 4023 “Tertia
726 3959 812 4024 attio
825 3970 875 4022 est
888 3960 1187 4040 poenitentiaque
1199 3979 1258 4038 pro
1272 3959 1331 4019 illis

302 4181 346 4248 Ep.
366 4183 413 4234 168
427 4181 463 4234 ad
476 4183 561 4249 episc.
579 4184 751 4253 Campaniae.
767 4217 801 4224 -
813 4193 823 4214 ²
837 4187 925 4241 Serm.
946 4199 989 4251 171
1007 4186 1044 4239 de
1059 4185 1160 4239 Poenit.

322 4283 381 4320 urm.
397 4283 456 4336 351.
