2758 4652
345 87 383 112 N.

249 177 318 231 554
458 178 514 227 DE
534 178 829 228 POENITENTlAE
848 177 1150 230 sncnnnfflnw.

248 357 382 434 ordinis,
400 359 493 421 'sicut
524 360 595 440 ipse
624 359 839 422 sacerdotalis
865 355 1043 433 character,
1070 358 1125 420 sit
1140 356 1337 427 indelebilis:

249 479 328 540 ergo
341 458 529 540 jurisdictio
545 479 612 522 non
629 459 673 522 ab
688 460 760 541 ipsa
775 459 986 522 ordinatione
1002 459 1144 542 profluit.

294 561 394 642 Quod
419 563 519 625 etiam
536 563 583 624 sic
600 562 760 624 declarari
784 572 902 644 potest
950 563 1070 626 Omnis
1089 561 1268 645 jurisdidlio
1292 573 1341 624 est

249 664 301 726 vel
317 664 498 742 ordinaria,
515 666 531 727 i.
549 685 574 728 e.
592 685 725 728 annexa
742 664 851 728 officio
867 665 917 728 vel
940 668 1067 730 muneri
1089 667 1179 750 quod
1198 667 1342 730 concedi·

250 776 312 842 tur,
336 767 387 830 vel
414 767 567 849 delegata,
593 767 612 832 i.
636 789 662 832 e.
687 789 731 831 ex
755 769 890 851 speciali
916 771 1152 834 commissione
1175 770 1361 852 superioris*

251 870 464 933 ecclesiastici
491 871 651 950 obtenta;
688 872 781 954 atqui
808 883 925 936 neutra
948 873 980 936 vi
1006 872 1108 936 solius
1133 874 1343 937 ordinationis

159 1048 162 1053 Ι
251 971 438 1052 confertur3
476 994 542 1036 non
575 974 676 1054 prior,
703 974 781 1055 quia
812 995 911 1039 nemo
938 977 969 1039 vi
1000 975 1104 1057 ipsius
1134 977 1344 1038 ordinationis

251 1075 507 1139 determinatam
521 1077 692 1140 dioecesim
709 1083 767 1140 aut
783 1079 973 1159 parochiam
991 1078 1134 1161 accipit;
1159 1097 1223 1140 non
1240 1088 1343 1160 poste·

251 1179 325 1253 rior,
344 1177 422 1260 quia
447 1180 631 1261 superiores
656 1181 869 1244 ecclesiastici
894 1181 979 1243 hanc
1001 1180 1179 1263 specialem
1200 1181 1346 1243 commis·

251 1279 378 1343 sionem
396 1281 427 1343 vi
444 1283 662 1344 ordinationis
678 1283 860 1345 concedere
877 1303 943 1345 non
960 1284 1149 1359 intendunt,
1163 1285 1220 1345 sed
1235 1293 1346 1364 postea

251 1382 386 1464 speciali
403 1403 441 1445 ac
457 1382 616 1447 distindto
632 1382 708 1448 adiu
726 1386 892 1448 missionis
911 1386 1094 1449 conserunt.

288 1551 343 1589 no.
387 1534 531 1606 Objicilur
550 1534 672 1605 quidem
694 1537 734 1604 (a)
755 1533 908 1606 Apostolis
929 1534 1067 1592 collatam
1089 1534 1179 1592 luisse
1199 1553 1216 1592 a
1234 1534 1347 1596 Christo

253 1621 432 1693 completam
453 1631 629 1692 potestatem
644 1619 828 1689 absolvendi,
842 1619 1029 1694 proindeque
1047 1621 1292 1692 jurisdictionem,
1307 1622 1348 1676 his

253 1707 349 1766 verbis
364 1707 520 1780 “Accipite
534 1706 678 1778 Spiritum
693 1707 724 1765 S.
739 1725 861 1778 quorum
874 1708 1042 1764 renriserr'tr's
1052 1707 1135 1774 etc.”;
1151 1709 1233 1779 atqui
1246 1707 1347 1764 eadem

253 1792 342 1851 verba
356 1792 568 1850 neo-ordinatis
582 1792 787 1851 sacerdotibus
801 1803 974 1864 repetuntur
986 1813 994 1864 3
1012 1803 1126 1865 ergoet
1143 1794 1199 1866 ipsi
1217 1794 1350 1851 eamdem

254 1889 432 1953 potestatem
450 1879 602 1952 accipiunt
621 1879 648 1934 vi
668 1879 872 1937 ordinationis.
888 1912 921 1920 -
937 1879 1020 1950 Resp.
1044 1880 1181 1952 Apostoli
1200 1899 1218 1939 a
1236 1881 1351 1939 Christo

252 1977 433 2066 acceperunt
447 1976 603 2036 utramque
617 1957 795 2037 potestatem
809 1965 922 2024 ordinis
935 1977 964 2024 et
980 1966 1195 2037 jurisdictionis
1209 1986 1269 2025 non
1286 1987 1352 2039 prae·

253 2056 313 2114 eise
336 2055 363 2112 vi
384 2054 574 2112 verborum‘
580 2052 721 2124 ‘Accipite
737 2051 822 2121 etc’',
839 2051 892 2109 sed
912 2051 939 2109 vi
960 2051 1133 2110 intentionis
1150 2053 1271 2124 Christi,
1290 2072 1352 2124 quae

253 2141 430 2200 sufficienter
455 2141 659 2198 manifestatur
684 2137 921 2212 praecedentibus
946 2138 1077 2196 verbis‘
1084 2140 1176 2198 ‘sicut
1201 2139 1283 2198 misit
1309 2155 1373 2198 me

255 2229 351 2297 Pater,
361 2238 390 2286 et
400 2245 448 2300 rgo
461 2228 543 2283 titillo
555 2227 636 2284 vos
677 2226 768 2284 Unde
780 2225 848 2282 licet
859 2223 967 2282 verba
971 2225 1136 2297 ‘Acche
1150 2245 1219 2285 neo·
1210 2199 1373 2295 sacerdo-i

255 2317 336 2374 tibus
349 2315 494 2384 dicantur,
510 2333 571 2371 non
590 2313 698 2372 exinde
711 2312 844 2384 sequitur
857 2329 907 2370 eos
919 2311 1055 2382 accipere
1076 2322 1253 2384 potestatem
1273 2315 1352 2385 juris

253 2402 402 2470 dictionis,
426 2401 495 2473 quia
518 2400 653 2458 Ecclesia
674 2400 720 2457 his
740 2398 836 2456 verbis
856 2415 922 2455 eam
942 2398 1108 2457 concedere
1129 2417 1190 2457 non
1214 2400 1353 2470 intendit;

254 2489 392 2560 neganda
404 2499 449 2546 est
467 2489 555 2558 igitur
569 2487 685 2560 paritas.

290 2577 329 2644 (b)
341 2574 455 2632 Omnes
469 2574 638 2632 sacerdotes
651 2573 822 2632 facultatem
837 2572 949 2630 habent
967 2571 1143 2630 absolvendi
1158 2590 1210 2632 eos
1223 2574 1275 2646 qui
1290 2587 1351 2632 sunt

255 2661 284 2718 in
305 2662 429 2719 articulo
450 2663 562 2727 mortis,
582 2671 613 2718 ut
634 2661 765 2719 declarat
789 2659 919 2717 Trident.
942 2661 1019 2731 (cap.
1043 2659 1090 2732 7);
1118 2679 1189 2731 ergo
1210 2661 1255 2718 vel
1278 2662 1352 2718 nulla

254 2749 411 2820 requiritur
421 2748 597 2820 jurisdictio
611 2748 656 2806 vel
666 2749 693 2804 vi
706 2747 901 2805 ordinationis
911 2745 1094 2805 conceditur.
1107 2747 1235 2818 -Resp.
1271 2747 1351 2818 Nego
1371 2787 1372 2818 r

255 2855 387 2910 conseq.;
401 2856 470 2895 nam
486 2836 555 2895 ideo
569 2836 739 2895 sacerdotes
751 2835 848 2893 valide
862 2833 1057 2892 moribundos
1069 2833 1223 2893 absolvere
1233 2847 1350 2906 possunt
1371 2833 1372 2859 ³

254 2925 324 2996 quia
343 2924 477 2983 Ecclesia
497 2923 639 2981 omnibus
660 2920 865 2980 sacerdotibus
884 2921 1122 2991 jurisdictionem
1143 2921 1284 2979 concedit
1305 2937 1350 2993 pro

254 3010 379 3068 articulo
403 3021 454 3068 aut
480 3010 613 3082 periculo
639 3009 749 3078 mortis,
776 3025 813 3066 ne
839 3007 965 3080 quisque
988 3007 1136 3066 Fidelium
1163 3007 1302 3084 privetur,
1327 3011 1349 3066 in

255 3108 400 3170 quantum
415 3097 476 3154 lieri
490 3107 596 3168 potest,
610 3095 806 3152 absolutionis
820 3093 975 3152 beneficio.

300 3253 366 3301 111.
427 3233 614 3297 Corollaria.
676 3245 707 3294 10
726 3231 925 3314 Jurisdiilio
951 3232 1058 3294 varias
1084 3231 1189 3294 enodis
1215 3231 1353 3294 limitari

251 3329 389 3419 potesta
404 3336 560 3416 legitimis
574 3335 799 3415 superioribus,
811 3335 995 3416 praesertim
1009 3355 1087 3397 vero
1102 3355 1123 3397 a
1136 3335 1176 3398 R.
1189 3335 1351 3408 Pontifice‚

255 3444 311 3524 qui
336 3459 526 3522 supremam
550 3437 815 3519 jurisdictionem
842 3438 941 3500 habet
965 3438 998 3500 in
1024 3437 1178 3500 universi
1199 3437 1351 3500 Ecclesia

257 3547 391 3608 Etenim
416 3543 601 3624 superiores
624 3542 846 3617 ecclesiastici,
862 3542 919 3623 qui
940 3536 1171 3621 jurisdidiione
1191 3541 1352 3602 ordinarii

256 3648 392 3731 pollent,
417 3667 490 3709 eam
516 3645 699 3708 concedere
723 3654 864 3725 possunt
889 3644 940 3707 vel
965 3663 1054 3720 non;
1086 3663 1165 3724 ergo
1190 3664 1210 3704 a
1230 3642 1350 3705 fortiori

256 3761 396 3835 possunt
413 3769 486 3812 eam
502 3747 650 3811 conferre
667 3749 769 3810 modo
785 3747 860 3828 plus
876 3747 1028 3808 minusve
1044 3745 1199 3821 limitato,
1209 3757 1307 3827 prout
1322 3745 1351 3805 in

258 3855 406 3918 Domino
423 3854 453 3915 id
467 3853 627 3933 expedire
639 3849 870 3930 judicaverint.
917 3848 1007 3911 Hinc
1021 3845 1208 3930 jurisdictio
1223 3848 1351 3911 limitari

257 3967 369 4039 potest
393 3955 502 4036 quoad
522 3955 674 4026 ltorniner,
694 3961 859 4033 quatenus
885 3951 1024 4014 facultas
1043 3950 1239 4013 absolvendi
1260 3951 1352 4013 certis

257 4057 447 4122 hominibus
479 4067 536 4119 aut
567 4056 739 4119 hominum
773 4055 949 4134 generibus
981 4055 1219 4135 restringatur;
1254 4052 1355 4134 quoad

181 4143 186 4154 ⁸
258 4161 367 4232 (ocrem,
384 4181 411 4221 v.
428 4180 457 4240 g.
475 4161 561 4221 intra
583 4160 703 4222 limites
725 4159 822 4222 unius
845 4159 1018 4240 paroeciae;
1044 4159 1153 4238 quoad
1165 4169 1296 4240 tempus.
1312 4159 1352 4218 ita

259 4273 297 4326 ut
316 4261 430 4342 elapso
449 4272 540 4325 certo
560 4272 710 4345 tempore
729 4265 881 4346 expiret;
912 4264 1021 4346 quoad
1035 4273 1172 4345 peccata,
1192 4273 1352 4344 quatenus
