<?xml version="1.0" encoding="UTF-8"?>
<!DOCTYPE html PUBLIC "-//W3C//DTD XHTML 1.0 Transitional//EN"
    "http://www.w3.org/TR/xhtml1/DTD/xhtml1-transitional.dtd">
<html xmlns="http://www.w3.org/1999/xhtml" xml:lang="en" lang="en">
 <head>
  <title>
</title>
<meta http-equiv="Content-Type" content="text/html;charset=utf-8" />
  <meta name='ocr-system' content='tesseract 3.04.00' />
  <meta name='ocr-capabilities' content='ocr_page ocr_carea ocr_par ocr_line ocrx_word'/>
</head>
<body>
  <div class='ocr_page' id='page_1' title='image "./synopsistheolog01tanqgoog_0242.png"; bbox 0 0 2770 4646; ppageno 0'>
   <div class='ocr_carea' id='block_1_1' title="bbox 311 173 1151 242">
    <p class='ocr_par' dir='ltr' id='par_1_1' title="bbox 311 173 1151 242">
     <span class='ocr_line' id='line_1_1' title="bbox 311 173 1151 242; baseline -0.017 -4"><span class='ocrx_word' id='word_1_1' title='bbox 311 189 565 242; x_wconf 74' lang='lat' dir='ltr'>,TR&#39;ACTATUS</span> <span class='ocrx_word' id='word_1_2' title='bbox 583 187 640 238; x_wconf 79' lang='lat' dir='ltr'>DE</span> <span class='ocrx_word' id='word_1_3' title='bbox 657 181 885 236; x_wconf 65' lang='lat' dir='ltr'>expulsum.</span> <span class='ocrx_word' id='word_1_4' title='bbox 1086 173 1151 225; x_wconf 81' lang='lat'>22⁷</span> 
     </span>
    </p>
   </div>
   <div class='ocr_carea' id='block_1_2' title="bbox 66 291 1153 319">
    <p class='ocr_par' dir='ltr' id='par_1_2' title="bbox 66 291 1153 319">
     <span class='ocr_line' id='line_1_2' title="bbox 66 291 1153 319; baseline -0.008 -8"><span class='ocrx_word' id='word_1_5' title='bbox 66 291 1153 319; x_wconf 56' lang='grc' dir='ltr'><em>Μ</em></span> 
     </span>
    </p>
   </div>
   <div class='ocr_carea' id='block_1_3' title="bbox 52 352 1151 3294">
    <p class='ocr_par' dir='ltr' id='par_1_3' title="bbox 62 352 1151 538">
     <span class='ocr_line' id='line_1_3' title="bbox 95 352 1151 444; baseline -0.018 -17"><span class='ocrx_word' id='word_1_6' title='bbox 95 376 116 429; x_wconf 84' lang='lat'>⁶.</span> <span class='ocrx_word' id='word_1_7' title='bbox 154 372 183 430; x_wconf 91' lang='lat' dir='ltr'>Si</span> <span class='ocrx_word' id='word_1_8' title='bbox 201 373 269 444; x_wconf 89' lang='lat' dir='ltr'>quis</span> <span class='ocrx_word' id='word_1_9' title='bbox 286 372 392 432; x_wconf 80' lang='lat' dir='ltr'>dixerit</span> <span class='ocrx_word' id='word_1_10' title='bbox 411 369 592 444; x_wconf 87' lang='lat' dir='ltr'>baptizatum</span> <span class='ocrx_word' id='word_1_11' title='bbox 613 384 673 424; x_wconf 92' lang='lat' dir='ltr'>non</span> <span class='ocrx_word' id='word_1_12' title='bbox 693 381 790 438; x_wconf 91' lang='lat' dir='ltr'>posse,</span> <span class='ocrx_word' id='word_1_13' title='bbox 806 359 920 420; x_wconf 86' lang='lat' dir='ltr'>etiamsi</span> <span class='ocrx_word' id='word_1_14' title='bbox 934 357 1011 426; x_wconf 86' lang='lat' dir='ltr'>velit,</span> <span class='ocrx_word' id='word_1_15' title='bbox 1027 352 1151 428; x_wconf 82' lang='lat' dir='ltr'>gratiam</span> 
     </span>
     <span class='ocr_line' id='line_1_4' title="bbox 62 443 1031 538; baseline -0.013 -26"><span class='ocrx_word' id='word_1_16' title='bbox 62 458 196 529; x_wconf 88' lang='lat' dir='ltr'>amittere,</span> <span class='ocrx_word' id='word_1_17' title='bbox 213 470 493 531; x_wconf 88' lang='lat' dir='ltr'>quantumcumque</span> <span class='ocrx_word' id='word_1_18' title='bbox 505 464 615 528; x_wconf 90' lang='lat' dir='ltr'>peccet,</span> <span class='ocrx_word' id='word_1_19' title='bbox 632 452 687 510; x_wconf 89' lang='lat' dir='ltr'>nisi</span> <span class='ocrx_word' id='word_1_20' title='bbox 702 450 777 508; x_wconf 94' lang='lat' dir='ltr'>nolit</span> <span class='ocrx_word' id='word_1_21' title='bbox 789 447 922 514; x_wconf 87' lang='lat' dir='ltr'>credere;</span> <span class='ocrx_word' id='word_1_22' title='bbox 941 445 976 500; x_wconf 88' lang='lat' dir='ltr'>A.</span> <span class='ocrx_word' id='word_1_23' title='bbox 991 443 1031 538; x_wconf 71' lang='grc' dir='ltr'>8.ι</span> 
     </span>
    </p>

    <p class='ocr_par' dir='ltr' id='par_1_4' title="bbox 61 527 1151 698">
     <span class='ocr_line' id='line_1_5' title="bbox 94 527 1151 616; baseline -0.021 -14"><span class='ocrx_word' id='word_1_24' title='bbox 94 555 114 610; x_wconf 85' lang='lat'>7·</span> <span class='ocrx_word' id='word_1_25' title='bbox 151 544 180 602; x_wconf 91' lang='lat' dir='ltr'>Si</span> <span class='ocrx_word' id='word_1_26' title='bbox 194 545 261 616; x_wconf 89' lang='lat' dir='ltr'>quis</span> <span class='ocrx_word' id='word_1_27' title='bbox 275 545 387 612; x_wconf 87' lang='lat' dir='ltr'>dixerit,</span> <span class='ocrx_word' id='word_1_28' title='bbox 402 544 567 616; x_wconf 88' lang='lat' dir='ltr'>baptizatos</span> <span class='ocrx_word' id='word_1_29' title='bbox 588 558 640 612; x_wconf 92' lang='lat' dir='ltr'>per</span> <span class='ocrx_word' id='word_1_30' title='bbox 654 536 842 608; x_wconf 85' lang='lat' dir='ltr'>Baptismum</span> <span class='ocrx_word' id='word_1_31' title='bbox 861 533 960 604; x_wconf 90' lang='lat' dir='ltr'>ipsum</span> <span class='ocrx_word' id='word_1_32' title='bbox 979 527 1069 586; x_wconf 82' lang='lat' dir='ltr'>solius</span> <span class='ocrx_word' id='word_1_33' title='bbox 1088 534 1151 582; x_wconf 88' lang='lat' dir='ltr'>tan·</span> 
     </span>
     <span class='ocr_line' id='line_1_6' title="bbox 61 616 1151 698; baseline -0.016 -13"><span class='ocrx_word' id='word_1_34' title='bbox 61 639 120 687; x_wconf 86' lang='lat' dir='ltr'>tum</span> <span class='ocrx_word' id='word_1_35' title='bbox 132 631 200 690; x_wconf 88' lang='lat' dir='ltr'>fidei</span> <span class='ocrx_word' id='word_1_36' title='bbox 215 631 367 690; x_wconf 79' lang='lat' dir='ltr'>debitores</span> <span class='ocrx_word' id='word_1_37' title='bbox 380 631 453 698; x_wconf 84' lang='lat' dir='ltr'>heri,</span> <span class='ocrx_word' id='word_1_38' title='bbox 469 647 529 688; x_wconf 92' lang='lat' dir='ltr'>non</span> <span class='ocrx_word' id='word_1_39' title='bbox 542 637 642 686; x_wconf 89' lang='lat' dir='ltr'>autem</span> <span class='ocrx_word' id='word_1_40' title='bbox 657 625 800 682; x_wconf 84' lang='lat' dir='ltr'>universae</span> <span class='ocrx_word' id='word_1_41' title='bbox 819 621 892 692; x_wconf 88' lang='lat' dir='ltr'>legis</span> <span class='ocrx_word' id='word_1_42' title='bbox 905 616 1016 678; x_wconf 88' lang='lat' dir='ltr'>Christi</span> <span class='ocrx_word' id='word_1_43' title='bbox 1035 630 1151 672; x_wconf 90' lang='lat' dir='ltr'>servan·</span> 
     </span>
    </p>

    <p class='ocr_par' dir='ltr' id='par_1_5' title="bbox 58 787 1149 1130">
     <span class='ocr_line' id='line_1_7' title="bbox 91 787 1149 878; baseline -0.02 -13"><span class='ocrx_word' id='word_1_44' title='bbox 91 807 112 857; x_wconf 62' lang='grc' dir='ltr'>ἃ</span> <span class='ocrx_word' id='word_1_45' title='bbox 149 805 179 863; x_wconf 93' lang='lat' dir='ltr'>Si</span> <span class='ocrx_word' id='word_1_46' title='bbox 200 806 267 878; x_wconf 91' lang='lat' dir='ltr'>quis</span> <span class='ocrx_word' id='word_1_47' title='bbox 287 805 401 873; x_wconf 84' lang='lat' dir='ltr'>dixerit,</span> <span class='ocrx_word' id='word_1_48' title='bbox 424 803 588 876; x_wconf 85' lang='lat' dir='ltr'>baptizatos</span> <span class='ocrx_word' id='word_1_49' title='bbox 607 801 717 859; x_wconf 91' lang='lat' dir='ltr'>liberos</span> <span class='ocrx_word' id='word_1_50' title='bbox 736 817 801 856; x_wconf 91' lang='lat' dir='ltr'>esse</span> <span class='ocrx_word' id='word_1_51' title='bbox 820 795 858 854; x_wconf 89' lang='lat' dir='ltr'>ab</span> <span class='ocrx_word' id='word_1_52' title='bbox 878 791 1018 852; x_wconf 90' lang='lat' dir='ltr'>omnibus</span> <span class='ocrx_word' id='word_1_53' title='bbox 1038 787 1149 846; x_wconf 72' lang='lat' dir='ltr'>sauctae</span> 
     </span>
     <span class='ocr_line' id='line_1_8' title="bbox 61 879 1149 964; baseline -0.014 -18"><span class='ocrx_word' id='word_1_54' title='bbox 61 891 195 950; x_wconf 75' lang='lat' dir='ltr'>Ecclesiae</span> <span class='ocrx_word' id='word_1_55' title='bbox 216 892 381 964; x_wconf 76' lang='lat' dir='ltr'>praeceptis,</span> <span class='ocrx_word' id='word_1_56' title='bbox 403 908 471 962; x_wconf 87' lang='lat' dir='ltr'>quae</span> <span class='ocrx_word' id='word_1_57' title='bbox 492 889 539 948; x_wconf 92' lang='lat' dir='ltr'>vel</span> <span class='ocrx_word' id='word_1_58' title='bbox 565 888 675 960; x_wconf 89' lang='lat' dir='ltr'>scripta</span> <span class='ocrx_word' id='word_1_59' title='bbox 696 885 743 944; x_wconf 84' lang='lat' dir='ltr'>vel</span> <span class='ocrx_word' id='word_1_60' title='bbox 769 883 875 941; x_wconf 87' lang='lat' dir='ltr'>tradita</span> <span class='ocrx_word' id='word_1_61' title='bbox 897 889 976 949; x_wconf 90' lang='lat' dir='ltr'>sunt,</span> <span class='ocrx_word' id='word_1_62' title='bbox 997 879 1037 935; x_wconf 93' lang='lat' dir='ltr'>ita</span> <span class='ocrx_word' id='word_1_63' title='bbox 1059 887 1091 932; x_wconf 91' lang='lat' dir='ltr'>ut</span> <span class='ocrx_word' id='word_1_64' title='bbox 1113 891 1149 932; x_wconf 85' lang='lat' dir='ltr'>ea</span> 
     </span>
     <span class='ocr_line' id='line_1_9' title="bbox 58 963 1147 1046; baseline -0.014 -13"><span class='ocrx_word' id='word_1_65' title='bbox 58 976 207 1036; x_wconf 88' lang='lat' dir='ltr'>ohservare</span> <span class='ocrx_word' id='word_1_66' title='bbox 221 997 282 1036; x_wconf 92' lang='lat' dir='ltr'>non</span> <span class='ocrx_word' id='word_1_67' title='bbox 302 987 467 1046; x_wconf 88' lang='lat' dir='ltr'>teneantur,</span> <span class='ocrx_word' id='word_1_68' title='bbox 484 975 539 1032; x_wconf 88' lang='lat' dir='ltr'>nisi</span> <span class='ocrx_word' id='word_1_69' title='bbox 559 993 590 1032; x_wconf 91' lang='lat' dir='ltr'>se</span> <span class='ocrx_word' id='word_1_70' title='bbox 606 975 660 1031; x_wconf 71' lang='lat' dir='ltr'>sud</span> <span class='ocrx_word' id='word_1_71' title='bbox 672 981 779 1045; x_wconf 89' lang='lat' dir='ltr'>sponte</span> <span class='ocrx_word' id='word_1_72' title='bbox 793 969 849 1026; x_wconf 93' lang='lat' dir='ltr'>illis</span> <span class='ocrx_word' id='word_1_73' title='bbox 862 967 1036 1026; x_wconf 86' lang='lat' dir='ltr'>submittere</span> <span class='ocrx_word' id='word_1_74' title='bbox 1049 963 1147 1020; x_wconf 89' lang='lat' dir='ltr'>volue-</span> 
     </span>
     <span class='ocr_line' id='line_1_10' title="bbox 59 1064 219 1130; baseline 0.025 -12"><span class='ocrx_word' id='word_1_75' title='bbox 59 1064 121 1130; x_wconf 86' lang='lat' dir='ltr'>rint;</span> <span class='ocrx_word' id='word_1_76' title='bbox 138 1065 174 1122; x_wconf 88' lang='lat' dir='ltr'>A.</span> <span class='ocrx_word' id='word_1_77' title='bbox 191 1065 219 1122; x_wconf 90' lang='lat' dir='ltr'>S.</span> 
     </span>
    </p>

    <p class='ocr_par' dir='ltr' id='par_1_6' title="bbox 55 1135 1148 1571">
     <span class='ocr_line' id='line_1_11' title="bbox 88 1135 1148 1222; baseline -0.023 -8"><span class='ocrx_word' id='word_1_78' title='bbox 88 1165 111 1214; x_wconf 86' lang='lat'>9·</span> <span class='ocrx_word' id='word_1_79' title='bbox 149 1151 180 1208; x_wconf 87' lang='lat' dir='ltr'>Si</span> <span class='ocrx_word' id='word_1_80' title='bbox 193 1151 260 1222; x_wconf 89' lang='lat' dir='ltr'>quis</span> <span class='ocrx_word' id='word_1_81' title='bbox 274 1150 386 1217; x_wconf 86' lang='lat' dir='ltr'>dixerit,</span> <span class='ocrx_word' id='word_1_82' title='bbox 398 1149 437 1207; x_wconf 90' lang='lat' dir='ltr'>ita</span> <span class='ocrx_word' id='word_1_83' title='bbox 449 1148 634 1206; x_wconf 87' lang='lat' dir='ltr'>revocandos</span> <span class='ocrx_word' id='word_1_84' title='bbox 647 1162 712 1204; x_wconf 91' lang='lat' dir='ltr'>esse</span> <span class='ocrx_word' id='word_1_85' title='bbox 725 1143 862 1202; x_wconf 89' lang='lat' dir='ltr'>homines</span> <span class='ocrx_word' id='word_1_86' title='bbox 874 1139 912 1196; x_wconf 90' lang='lat' dir='ltr'>ad</span> <span class='ocrx_word' id='word_1_87' title='bbox 927 1135 1072 1210; x_wconf 91' lang='lat' dir='ltr'>Baptismi</span> <span class='ocrx_word' id='word_1_88' title='bbox 1086 1147 1148 1191; x_wconf 90' lang='lat' dir='ltr'>sus·</span> 
     </span>
     <span class='ocr_line' id='line_1_12' title="bbox 57 1223 1146 1309; baseline -0.014 -16"><span class='ocrx_word' id='word_1_89' title='bbox 57 1239 129 1309; x_wconf 84' lang='lat' dir='ltr'>cepti</span> <span class='ocrx_word' id='word_1_90' title='bbox 147 1239 335 1308; x_wconf 84' lang='lat' dir='ltr'>memoriam,</span> <span class='ocrx_word' id='word_1_91' title='bbox 358 1247 390 1295; x_wconf 93' lang='lat' dir='ltr'>ut</span> <span class='ocrx_word' id='word_1_92' title='bbox 409 1247 478 1295; x_wconf 90' lang='lat' dir='ltr'>vota</span> <span class='ocrx_word' id='word_1_93' title='bbox 497 1236 610 1305; x_wconf 92' lang='lat' dir='ltr'>omnia,</span> <span class='ocrx_word' id='word_1_94' title='bbox 632 1251 700 1306; x_wconf 82' lang='lat' dir='ltr'>quae</span> <span class='ocrx_word' id='word_1_95' title='bbox 719 1241 786 1304; x_wconf 90' lang='lat' dir='ltr'>post</span> <span class='ocrx_word' id='word_1_96' title='bbox 806 1227 993 1301; x_wconf 87' lang='lat' dir='ltr'>Baptismum</span> <span class='ocrx_word' id='word_1_97' title='bbox 1013 1225 1095 1292; x_wconf 88' lang='lat' dir='ltr'>fiunt,</span> <span class='ocrx_word' id='word_1_98' title='bbox 1118 1223 1146 1278; x_wconf 88' lang='lat' dir='ltr'>vi</span> 
     </span>
     <span class='ocr_line' id='line_1_13' title="bbox 57 1311 1146 1397; baseline -0.015 -15"><span class='ocrx_word' id='word_1_99' title='bbox 57 1326 255 1394; x_wconf 85' lang='lat' dir='ltr'>promissionis</span> <span class='ocrx_word' id='word_1_100' title='bbox 277 1326 307 1383; x_wconf 92' lang='lat' dir='ltr'>in</span> <span class='ocrx_word' id='word_1_101' title='bbox 328 1325 483 1397; x_wconf 91' lang='lat' dir='ltr'>Baptismo</span> <span class='ocrx_word' id='word_1_102' title='bbox 506 1325 572 1396; x_wconf 89' lang='lat' dir='ltr'>ipso</span> <span class='ocrx_word' id='word_1_103' title='bbox 591 1324 651 1394; x_wconf 88' lang='lat' dir='ltr'>jam</span> <span class='ocrx_word' id='word_1_104' title='bbox 675 1321 766 1388; x_wconf 68' lang='lat' dir='ltr'>iaclae,</span> <span class='ocrx_word' id='word_1_105' title='bbox 789 1317 867 1376; x_wconf 89' lang='lat' dir='ltr'>irrita</span> <span class='ocrx_word' id='word_1_106' title='bbox 889 1331 953 1374; x_wconf 91' lang='lat' dir='ltr'>esse</span> <span class='ocrx_word' id='word_1_107' title='bbox 973 1311 1146 1390; x_wconf 78' lang='lat' dir='ltr'>intelligam,</span> 
     </span>
     <span class='ocr_line' id='line_1_14' title="bbox 56 1397 1147 1486; baseline -0.012 -17"><span class='ocrx_word' id='word_1_108' title='bbox 56 1413 135 1483; x_wconf 86' lang='lat' dir='ltr'>quasi</span> <span class='ocrx_word' id='word_1_109' title='bbox 147 1431 199 1486; x_wconf 90' lang='lat' dir='ltr'>per</span> <span class='ocrx_word' id='word_1_110' title='bbox 211 1431 247 1472; x_wconf 90' lang='lat' dir='ltr'>ea</span> <span class='ocrx_word' id='word_1_111' title='bbox 261 1423 290 1471; x_wconf 91' lang='lat' dir='ltr'>et</span> <span class='ocrx_word' id='word_1_112' title='bbox 303 1413 381 1483; x_wconf 81' lang='lat' dir='ltr'>fidei,</span> <span class='ocrx_word' id='word_1_113' title='bbox 398 1429 489 1485; x_wconf 88' lang='lat' dir='ltr'>quam</span> <span class='ocrx_word' id='word_1_114' title='bbox 504 1411 626 1484; x_wconf 85' lang='lat' dir='ltr'>professi</span> <span class='ocrx_word' id='word_1_115' title='bbox 641 1420 717 1476; x_wconf 88' lang='lat' dir='ltr'>sunt,</span> <span class='ocrx_word' id='word_1_116' title='bbox 729 1405 908 1472; x_wconf 84' lang='lat' dir='ltr'>detrahatur,</span> <span class='ocrx_word' id='word_1_117' title='bbox 919 1411 948 1462; x_wconf 91' lang='lat' dir='ltr'>et</span> <span class='ocrx_word' id='word_1_118' title='bbox 961 1401 1016 1474; x_wconf 92' lang='lat' dir='ltr'>ipsi</span> <span class='ocrx_word' id='word_1_119' title='bbox 1031 1397 1147 1471; x_wconf 88' lang='lat' dir='ltr'>Baptis-</span> 
     </span>
     <span class='ocr_line' id='line_1_15' title="bbox 55 1500 1051 1571; baseline -0.004 -17"><span class='ocrx_word' id='word_1_120' title='bbox 55 1517 112 1571; x_wconf 72' lang='lat' dir='ltr'>mo,</span> <span class='ocrx_word' id='word_1_121' title='bbox 131 1502 166 1557; x_wconf 89' lang='lat' dir='ltr'>A.</span> <span class='ocrx_word' id='word_1_122' title='bbox 180 1500 208 1558; x_wconf 91' lang='lat' dir='ltr'>S.</span> <span class='ocrx_word' id='word_1_123' title='bbox 1048 1557 1051 1565; x_wconf 28' lang='lat'>¹</span> 
     </span>
    </p>

    <p class='ocr_par' dir='ltr' id='par_1_7' title="bbox 54 1574 1146 1832">
     <span class='ocr_line' id='line_1_16' title="bbox 88 1574 1142 1660; baseline -0.016 -14"><span class='ocrx_word' id='word_1_124' title='bbox 88 1602 123 1644; x_wconf 74' lang='grc' dir='ltr'>ιο.</span> <span class='ocrx_word' id='word_1_125' title='bbox 160 1588 190 1645; x_wconf 91' lang='lat' dir='ltr'>Si</span> <span class='ocrx_word' id='word_1_126' title='bbox 204 1588 272 1660; x_wconf 88' lang='lat' dir='ltr'>quis</span> <span class='ocrx_word' id='word_1_127' title='bbox 285 1586 538 1658; x_wconf 88' lang='lat' dir='ltr'>dixerit,&#39;peccata</span> <span class='ocrx_word' id='word_1_128' title='bbox 558 1585 668 1654; x_wconf 86' lang='lat' dir='ltr'>omnia,</span> <span class='ocrx_word' id='word_1_129' title='bbox 685 1599 752 1655; x_wconf 83' lang='lat' dir='ltr'>quae</span> <span class='ocrx_word' id='word_1_130' title='bbox 772 1591 840 1653; x_wconf 91' lang='lat' dir='ltr'>post</span> <span class='ocrx_word' id='word_1_131' title='bbox 853 1577 1039 1650; x_wconf 89' lang='lat' dir='ltr'>Baptismum</span> <span class='ocrx_word' id='word_1_132' title='bbox 1059 1574 1142 1644; x_wconf 89' lang='lat' dir='ltr'>liunt,</span> 
     </span>
     <span class='ocr_line' id='line_1_17' title="bbox 55 1661 1146 1744; baseline -0.01 -16"><span class='ocrx_word' id='word_1_133' title='bbox 55 1674 112 1730; x_wconf 73' lang='lat' dir='ltr'>sola</span> <span class='ocrx_word' id='word_1_134' title='bbox 123 1675 331 1732; x_wconf 84' lang='lat' dir='ltr'>recordatione</span> <span class='ocrx_word' id='word_1_135' title='bbox 348 1684 377 1732; x_wconf 92' lang='lat' dir='ltr'>et</span> <span class='ocrx_word' id='word_1_136' title='bbox 395 1673 455 1731; x_wconf 88' lang='lat' dir='ltr'>lide</span> <span class='ocrx_word' id='word_1_137' title='bbox 473 1673 601 1744; x_wconf 90' lang='lat' dir='ltr'>suscepti</span> <span class='ocrx_word' id='word_1_138' title='bbox 618 1669 760 1742; x_wconf 90' lang='lat' dir='ltr'>Baptismi</span> <span class='ocrx_word' id='word_1_139' title='bbox 775 1667 822 1726; x_wconf 90' lang='lat' dir='ltr'>vel</span> <span class='ocrx_word' id='word_1_140' title='bbox 839 1664 948 1724; x_wconf 93' lang='lat' dir='ltr'>dimitti</span> <span class='ocrx_word' id='word_1_141' title='bbox 961 1663 1008 1722; x_wconf 85' lang='lat' dir='ltr'>vel</span> <span class='ocrx_word' id='word_1_142' title='bbox 1020 1661 1146 1720; x_wconf 85' lang='lat' dir='ltr'>venialia</span> 
     </span>
     <span class='ocr_line' id='line_1_18' title="bbox 54 1759 412 1832; baseline 0.003 -16"><span class='ocrx_word' id='word_1_143' title='bbox 54 1759 123 1832; x_wconf 79' lang='lat' dir='ltr'>fieri3</span> <span class='ocrx_word' id='word_1_144' title='bbox 142 1764 179 1818; x_wconf 89' lang='lat' dir='ltr'>A.</span> <span class='ocrx_word' id='word_1_145' title='bbox 192 1761 221 1819; x_wconf 90' lang='lat' dir='ltr'>S.</span> <span class='ocrx_word' id='word_1_146' title='bbox 408 1819 412 1827; x_wconf 64' lang='grc'>,</span> 
     </span>
    </p>

    <p class='ocr_par' dir='ltr' id='par_1_8' title="bbox 54 1839 1145 2094">
     <span class='ocr_line' id='line_1_19' title="bbox 88 1839 1145 1922; baseline -0.007 -21"><span class='ocrx_word' id='word_1_147' title='bbox 88 1865 122 1904; x_wconf 90' lang='lat' dir='ltr'>rr.</span> <span class='ocrx_word' id='word_1_148' title='bbox 162 1849 192 1906; x_wconf 86' lang='lat' dir='ltr'>Si</span> <span class='ocrx_word' id='word_1_149' title='bbox 204 1848 271 1922; x_wconf 88' lang='lat' dir='ltr'>quis</span> <span class='ocrx_word' id='word_1_150' title='bbox 282 1848 397 1918; x_wconf 85' lang='lat' dir='ltr'>dixerit,</span> <span class='ocrx_word' id='word_1_151' title='bbox 407 1866 509 1905; x_wconf 87' lang='lat' dir='ltr'>verum</span> <span class='ocrx_word' id='word_1_152' title='bbox 521 1857 550 1905; x_wconf 91' lang='lat' dir='ltr'>et</span> <span class='ocrx_word' id='word_1_153' title='bbox 563 1848 617 1904; x_wconf 87' lang='lat' dir='ltr'>rite</span> <span class='ocrx_word' id='word_1_154' title='bbox 627 1847 768 1905; x_wconf 88' lang='lat' dir='ltr'>collatum</span> <span class='ocrx_word' id='word_1_155' title='bbox 780 1843 966 1916; x_wconf 90' lang='lat' dir='ltr'>Baptisrnum</span> <span class='ocrx_word' id='word_1_156' title='bbox 977 1839 1145 1898; x_wconf 89' lang='lat' dir='ltr'>iterandum</span> 
     </span>
     <span class='ocr_line' id='line_1_20' title="bbox 54 1925 1144 2008; baseline -0.01 -16"><span class='ocrx_word' id='word_1_157' title='bbox 54 1953 112 1992; x_wconf 90' lang='lat' dir='ltr'>esse</span> <span class='ocrx_word' id='word_1_158' title='bbox 125 1935 177 2002; x_wconf 88' lang='lat' dir='ltr'>illi,</span> <span class='ocrx_word' id='word_1_159' title='bbox 192 1936 244 2008; x_wconf 84' lang='lat' dir='ltr'>&#39;qui</span> <span class='ocrx_word' id='word_1_160' title='bbox 258 1935 340 2007; x_wconf 91' lang='lat' dir='ltr'>apud</span> <span class='ocrx_word' id='word_1_161' title='bbox 354 1935 490 1993; x_wconf 87' lang='lat' dir='ltr'>infideles</span> <span class='ocrx_word' id='word_1_162' title='bbox 510 1935 600 1992; x_wconf 82' lang='lat' dir='ltr'>iidem</span> <span class='ocrx_word' id='word_1_163' title='bbox 614 1933 724 1994; x_wconf 88' lang='lat' dir='ltr'>Christi</span> <span class='ocrx_word' id='word_1_164' title='bbox 743 1932 902 2004; x_wconf 81' lang='lat' dir='ltr'>negaverit,</span> <span class='ocrx_word' id='word_1_165' title='bbox 917 1947 986 1987; x_wconf 91' lang='lat' dir='ltr'>curn</span> <span class='ocrx_word' id='word_1_166' title='bbox 999 1928 1038 1986; x_wconf 89' lang='lat' dir='ltr'>ad</span> <span class='ocrx_word' id='word_1_167' title='bbox 1051 1925 1144 1999; x_wconf 90' lang='lat' dir='ltr'>poeni·</span> 
     </span>
     <span class='ocr_line' id='line_1_21' title="bbox 54 2021 477 2094; baseline 0 -16"><span class='ocrx_word' id='word_1_168' title='bbox 54 2024 169 2080; x_wconf 92' lang='lat' dir='ltr'>tentiam</span> <span class='ocrx_word' id='word_1_169' title='bbox 184 2023 377 2094; x_wconf 82' lang='lat' dir='ltr'>convertitur3</span> <span class='ocrx_word' id='word_1_170' title='bbox 396 2024 432 2079; x_wconf 88' lang='lat' dir='ltr'>A.</span> <span class='ocrx_word' id='word_1_171' title='bbox 449 2021 477 2079; x_wconf 90' lang='lat' dir='ltr'>S.</span> 
     </span>
    </p>

    <p class='ocr_par' dir='ltr' id='par_1_9' title="bbox 54 2101 1140 2267">
     <span class='ocr_line' id='line_1_22' title="bbox 86 2101 1140 2180; baseline -0.007 -18"><span class='ocrx_word' id='word_1_172' title='bbox 86 2127 120 2164; x_wconf 84' lang='lat' dir='ltr'>ra.</span> <span class='ocrx_word' id='word_1_173' title='bbox 160 2107 191 2165; x_wconf 86' lang='lat' dir='ltr'>Si</span> <span class='ocrx_word' id='word_1_174' title='bbox 210 2109 277 2180; x_wconf 91' lang='lat' dir='ltr'>quis</span> <span class='ocrx_word' id='word_1_175' title='bbox 291 2107 406 2173; x_wconf 86' lang='lat' dir='ltr'>dixerit,</span> <span class='ocrx_word' id='word_1_176' title='bbox 421 2107 571 2165; x_wconf 92' lang='lat' dir='ltr'>neminem</span> <span class='ocrx_word' id='word_1_177' title='bbox 591 2125 656 2166; x_wconf 91' lang='lat' dir='ltr'>esse</span> <span class='ocrx_word' id='word_1_178' title='bbox 675 2105 896 2179; x_wconf 86' lang='lat' dir='ltr'>baptizandum,</span> <span class='ocrx_word' id='word_1_179' title='bbox 913 2101 969 2158; x_wconf 92' lang='lat' dir='ltr'>nisi</span> <span class='ocrx_word' id='word_1_180' title='bbox 987 2101 1023 2158; x_wconf 71' lang='lat' dir='ltr'>ea</span> <span class='ocrx_word' id='word_1_181' title='bbox 1042 2109 1140 2168; x_wconf 77' lang='lat' dir='ltr'>aetate,</span> 
     </span>
     <span class='ocr_line' id='line_1_23' title="bbox 54 2188 1051 2267; baseline -0.01 -15"><span class='ocrx_word' id='word_1_182' title='bbox 54 2197 106 2264; x_wconf 77' lang='lat' dir='ltr'>qua</span> <span class='ocrx_word' id='word_1_183' title='bbox 118 2195 255 2254; x_wconf 89' lang='lat' dir='ltr'>Christus</span> <span class='ocrx_word' id='word_1_184' title='bbox 270 2195 435 2267; x_wconf 90' lang='lat' dir='ltr'>baptizatus</span> <span class='ocrx_word' id='word_1_185' title='bbox 448 2205 502 2260; x_wconf 92' lang='lat' dir='ltr'>est,</span> <span class='ocrx_word' id='word_1_186' title='bbox 518 2195 563 2252; x_wconf 89' lang='lat' dir='ltr'>vel</span> <span class='ocrx_word' id='word_1_187' title='bbox 578 2195 606 2252; x_wconf 92' lang='lat' dir='ltr'>in</span> <span class='ocrx_word' id='word_1_188' title='bbox 622 2195 688 2266; x_wconf 94' lang='lat' dir='ltr'>ipso</span> <span class='ocrx_word' id='word_1_189' title='bbox 701 2193 803 2251; x_wconf 90' lang='lat' dir='ltr'>mortis</span> <span class='ocrx_word' id='word_1_190' title='bbox 817 2190 952 2260; x_wconf 89' lang='lat' dir='ltr'>articulo;</span> <span class='ocrx_word' id='word_1_191' title='bbox 971 2189 1008 2245; x_wconf 87' lang='lat' dir='ltr'>A.</span> <span class='ocrx_word' id='word_1_192' title='bbox 1024 2188 1051 2244; x_wconf 92' lang='lat' dir='ltr'>S.</span> 
     </span>
    </p>

    <p class='ocr_par' dir='ltr' id='par_1_10' title="bbox 52 2272 1144 2700">
     <span class='ocr_line' id='line_1_24' title="bbox 86 2272 1144 2354; baseline -0.009 -17"><span class='ocrx_word' id='word_1_193' title='bbox 86 2300 121 2352; x_wconf 80' lang='lat'>¹³·</span> <span class='ocrx_word' id='word_1_194' title='bbox 161 2281 190 2340; x_wconf 88' lang='lat' dir='ltr'>Si</span> <span class='ocrx_word' id='word_1_195' title='bbox 205 2282 272 2354; x_wconf 90' lang='lat' dir='ltr'>quis</span> <span class='ocrx_word' id='word_1_196' title='bbox 285 2281 399 2351; x_wconf 87' lang='lat' dir='ltr'>dixerit,</span> <span class='ocrx_word' id='word_1_197' title='bbox 417 2280 565 2353; x_wconf 79' lang='lat' dir='ltr'>parvulos,</span> <span class='ocrx_word' id='word_1_198' title='bbox 580 2299 616 2340; x_wconf 91' lang='lat' dir='ltr'>eo</span> <span class='ocrx_word' id='word_1_199' title='bbox 634 2281 717 2352; x_wconf 89' lang='lat' dir='ltr'>quod</span> <span class='ocrx_word' id='word_1_200' title='bbox 734 2281 834 2338; x_wconf 72' lang='lat' dir='ltr'>actum</span> <span class='ocrx_word' id='word_1_201' title='bbox 853 2275 995 2336; x_wconf 89' lang='lat' dir='ltr'>credendi</span> <span class='ocrx_word' id='word_1_202' title='bbox 1014 2291 1075 2332; x_wconf 91' lang='lat' dir='ltr'>non</span> <span class='ocrx_word' id='word_1_203' title='bbox 1094 2272 1144 2328; x_wconf 88' lang='lat' dir='ltr'>ha·</span> 
     </span>
     <span class='ocr_line' id='line_1_25' title="bbox 53 2367 1144 2442; baseline -0.008 -16"><span class='ocrx_word' id='word_1_204' title='bbox 53 2369 127 2434; x_wconf 91' lang='lat' dir='ltr'>bent,</span> <span class='ocrx_word' id='word_1_205' title='bbox 141 2379 285 2442; x_wconf 88' lang='lat' dir='ltr'>suscepto</span> <span class='ocrx_word' id='word_1_206' title='bbox 300 2369 456 2442; x_wconf 90' lang='lat' dir='ltr'>Baptismo</span> <span class='ocrx_word' id='word_1_207' title='bbox 475 2370 551 2427; x_wconf 86' lang='lat' dir='ltr'>inter</span> <span class='ocrx_word' id='word_1_208' title='bbox 564 2369 668 2428; x_wconf 87' lang='lat' dir='ltr'>fideles</span> <span class='ocrx_word' id='word_1_209' title='bbox 686 2367 906 2441; x_wconf 91' lang='lat' dir='ltr'>computandos</span> <span class='ocrx_word' id='word_1_210' title='bbox 926 2381 986 2423; x_wconf 89' lang='lat' dir='ltr'>non</span> <span class='ocrx_word' id='word_1_211' title='bbox 1003 2379 1086 2429; x_wconf 90' lang='lat' dir='ltr'>esse;</span> <span class='ocrx_word' id='word_1_212' title='bbox 1109 2379 1144 2418; x_wconf 88' lang='lat' dir='ltr'>ac</span> 
     </span>
     <span class='ocr_line' id='line_1_26' title="bbox 53 2449 1143 2528; baseline -0.006 -18"><span class='ocrx_word' id='word_1_213' title='bbox 53 2466 211 2528; x_wconf 85' lang='lat' dir='ltr'>propterea,</span> <span class='ocrx_word' id='word_1_214' title='bbox 227 2455 349 2514; x_wconf 83' lang='lat' dir='ltr'>cunrad</span> <span class='ocrx_word' id='word_1_215' title='bbox 362 2474 458 2513; x_wconf 88' lang='lat' dir='ltr'>annos</span> <span class='ocrx_word' id='word_1_216' title='bbox 471 2455 658 2514; x_wconf 87' lang='lat' dir='ltr'>discretionis</span> <span class='ocrx_word' id='word_1_217' title='bbox 673 2455 867 2528; x_wconf 90' lang='lat' dir='ltr'>pervenerint,</span> <span class='ocrx_word' id='word_1_218' title='bbox 884 2469 948 2511; x_wconf 89' lang='lat' dir='ltr'>esse</span> <span class='ocrx_word' id='word_1_219' title='bbox 960 2449 1143 2522; x_wconf 91' lang='lat' dir='ltr'>rebaptizan-</span> 
     </span>
     <span class='ocr_line' id='line_1_27' title="bbox 52 2537 1144 2615; baseline -0.002 -19"><span class='ocrx_word' id='word_1_220' title='bbox 52 2541 101 2598; x_wconf 90' lang='lat' dir='ltr'>dos</span> <span class='ocrx_word' id='word_1_221' title='bbox 114 2566 119 2600; x_wconf 92' lang='lat'>:</span> <span class='ocrx_word' id='word_1_222' title='bbox 138 2553 191 2601; x_wconf 86' lang='lat' dir='ltr'>aut</span> <span class='ocrx_word' id='word_1_223' title='bbox 205 2552 343 2614; x_wconf 84' lang='lat' dir='ltr'>praestare</span> <span class='ocrx_word' id='word_1_224' title='bbox 356 2541 453 2600; x_wconf 92' lang='lat' dir='ltr'>omitti</span> <span class='ocrx_word' id='word_1_225' title='bbox 467 2560 570 2600; x_wconf 90' lang='lat' dir='ltr'>eorum</span> <span class='ocrx_word' id='word_1_226' title='bbox 582 2543 744 2615; x_wconf 90' lang='lat' dir='ltr'>Baptisma,</span> <span class='ocrx_word' id='word_1_227' title='bbox 755 2559 844 2614; x_wconf 90' lang='lat' dir='ltr'>quarn</span> <span class='ocrx_word' id='word_1_228' title='bbox 858 2558 909 2598; x_wconf 92' lang='lat' dir='ltr'>eos</span> <span class='ocrx_word' id='word_1_229' title='bbox 922 2557 984 2597; x_wconf 92' lang='lat' dir='ltr'>non</span> <span class='ocrx_word' id='word_1_230' title='bbox 997 2537 1065 2596; x_wconf 75' lang='lat' dir='ltr'>actu</span> <span class='ocrx_word' id='word_1_231' title='bbox 1078 2554 1144 2608; x_wconf 86' lang='lat' dir='ltr'>pro·</span> 
     </span>
     <span class='ocr_line' id='line_1_28' title="bbox 53 2627 891 2700; baseline -0.001 -16"><span class='ocrx_word' id='word_1_232' title='bbox 53 2629 109 2698; x_wconf 91' lang='lat' dir='ltr'>prio</span> <span class='ocrx_word' id='word_1_233' title='bbox 120 2628 279 2686; x_wconf 88' lang='lat' dir='ltr'>credentes</span> <span class='ocrx_word' id='word_1_234' title='bbox 292 2627 433 2700; x_wconf 87' lang='lat' dir='ltr'>baptizari</span> <span class='ocrx_word' id='word_1_235' title='bbox 447 2627 476 2685; x_wconf 91' lang='lat' dir='ltr'>in</span> <span class='ocrx_word' id='word_1_236' title='bbox 490 2628 554 2686; x_wconf 71' lang='lat' dir='ltr'>sola</span> <span class='ocrx_word' id='word_1_237' title='bbox 567 2629 626 2686; x_wconf 90' lang='lat' dir='ltr'>lide</span> <span class='ocrx_word' id='word_1_238' title='bbox 641 2629 795 2700; x_wconf 85' lang='lat' dir='ltr'>Ecclesiae;</span> <span class='ocrx_word' id='word_1_239' title='bbox 814 2629 849 2684; x_wconf 92' lang='lat' dir='ltr'>A.</span> <span class='ocrx_word' id='word_1_240' title='bbox 864 2627 891 2684; x_wconf 88' lang='lat' dir='ltr'>S.</span> 
     </span>
    </p>

    <p class='ocr_par' dir='ltr' id='par_1_11' title="bbox 53 2709 1143 3294">
     <span class='ocr_line' id='line_1_29' title="bbox 85 2709 1142 2788; baseline 0.001 -21"><span class='ocrx_word' id='word_1_241' title='bbox 85 2731 118 2782; x_wconf 84' lang='lat'>¹4</span> <span class='ocrx_word' id='word_1_242' title='bbox 157 2715 188 2773; x_wconf 88' lang='lat' dir='ltr'>Si</span> <span class='ocrx_word' id='word_1_243' title='bbox 209 2715 276 2786; x_wconf 90' lang='lat' dir='ltr'>quis</span> <span class='ocrx_word' id='word_1_244' title='bbox 295 2715 409 2782; x_wconf 90' lang='lat' dir='ltr'>dixerit,</span> <span class='ocrx_word' id='word_1_245' title='bbox 423 2715 595 2786; x_wconf 91' lang='lat' dir='ltr'>hujusmodi</span> <span class='ocrx_word' id='word_1_246' title='bbox 616 2717 754 2788; x_wconf 87' lang='lat' dir='ltr'>parvulos</span> <span class='ocrx_word' id='word_1_247' title='bbox 774 2715 946 2787; x_wconf 89' lang='lat' dir='ltr'>baptizatos,</span> <span class='ocrx_word' id='word_1_248' title='bbox 960 2731 1028 2770; x_wconf 91' lang='lat' dir='ltr'>cum</span> <span class='ocrx_word' id='word_1_249' title='bbox 1042 2709 1142 2769; x_wconf 91' lang='lat' dir='ltr'>adole·</span> 
     </span>
     <span class='ocr_line' id='line_1_30' title="bbox 53 2798 1143 2873; baseline -0.002 -17"><span class='ocrx_word' id='word_1_250' title='bbox 53 2803 145 2871; x_wconf 86' lang='lat' dir='ltr'>verint,</span> <span class='ocrx_word' id='word_1_251' title='bbox 158 2802 386 2873; x_wconf 84' lang='lat' dir='ltr'>interrogandos</span> <span class='ocrx_word' id='word_1_252' title='bbox 399 2819 473 2872; x_wconf 90' lang='lat' dir='ltr'>esse,</span> <span class='ocrx_word' id='word_1_253' title='bbox 489 2821 527 2859; x_wconf 88' lang='lat' dir='ltr'>an</span> <span class='ocrx_word' id='word_1_254' title='bbox 540 2813 636 2860; x_wconf 90' lang='lat' dir='ltr'>ratum</span> <span class='ocrx_word' id='word_1_255' title='bbox 650 2803 759 2861; x_wconf 86' lang='lat' dir='ltr'>habere</span> <span class='ocrx_word' id='word_1_256' title='bbox 772 2802 863 2860; x_wconf 91' lang='lat' dir='ltr'>velint</span> <span class='ocrx_word' id='word_1_257' title='bbox 875 2800 958 2872; x_wconf 88' lang='lat' dir='ltr'>quod</span> <span class='ocrx_word' id='word_1_258' title='bbox 974 2798 1078 2871; x_wconf 88' lang='lat' dir='ltr'>patrini</span> <span class='ocrx_word' id='word_1_259' title='bbox 1093 2815 1143 2854; x_wconf 88' lang='lat' dir='ltr'>eo·</span> 
     </span>
     <span class='ocr_line' id='line_1_31' title="bbox 53 2884 1142 2961; baseline -0.002 -19"><span class='ocrx_word' id='word_1_260' title='bbox 53 2905 109 2946; x_wconf 90' lang='lat' dir='ltr'>rum</span> <span class='ocrx_word' id='word_1_261' title='bbox 128 2889 262 2953; x_wconf 91' lang='lat' dir='ltr'>nomine,</span> <span class='ocrx_word' id='word_1_262' title='bbox 283 2889 356 2946; x_wconf 90' lang='lat' dir='ltr'>dum</span> <span class='ocrx_word' id='word_1_263' title='bbox 377 2888 606 2961; x_wconf 88' lang='lat' dir='ltr'>baptizarentur,</span> <span class='ocrx_word' id='word_1_264' title='bbox 629 2890 752 2961; x_wconf 93' lang='lat' dir='ltr'>polliciti</span> <span class='ocrx_word' id='word_1_265' title='bbox 772 2898 863 2947; x_wconf 88' lang='lat' dir='ltr'>sunt:</span> <span class='ocrx_word' id='word_1_266' title='bbox 892 2899 921 2946; x_wconf 89' lang='lat' dir='ltr'>et</span> <span class='ocrx_word' id='word_1_267' title='bbox 941 2886 993 2944; x_wconf 92' lang='lat' dir='ltr'>ubi</span> <span class='ocrx_word' id='word_1_268' title='bbox 1011 2903 1043 2943; x_wconf 93' lang='lat' dir='ltr'>se</span> <span class='ocrx_word' id='word_1_269' title='bbox 1062 2884 1142 2941; x_wconf 91' lang='lat' dir='ltr'>nolle</span> 
     </span>
     <span class='ocr_line' id='line_1_32' title="bbox 54 2973 1142 3048; baseline 0.001 -20"><span class='ocrx_word' id='word_1_270' title='bbox 54 2975 261 3047; x_wconf 90' lang='lat' dir='ltr'>responderint,</span> <span class='ocrx_word' id='word_1_271' title='bbox 269 2993 324 3033; x_wconf 90' lang='lat' dir='ltr'>suo</span> <span class='ocrx_word' id='word_1_272' title='bbox 338 2993 402 3034; x_wconf 89' lang='lat' dir='ltr'>esse</span> <span class='ocrx_word' id='word_1_273' title='bbox 415 2975 536 3034; x_wconf 87' lang='lat' dir='ltr'>arbitrio</span> <span class='ocrx_word' id='word_1_274' title='bbox 549 2977 770 3048; x_wconf 91' lang='lat' dir='ltr'>relinquendos,</span> <span class='ocrx_word' id='word_1_275' title='bbox 784 2994 839 3034; x_wconf 90' lang='lat' dir='ltr'>nec</span> <span class='ocrx_word' id='word_1_276' title='bbox 852 2975 908 3033; x_wconf 74' lang='lat' dir='ltr'>alia</span> <span class='ocrx_word' id='word_1_277' title='bbox 921 2973 1037 3032; x_wconf 90' lang='lat' dir='ltr'>interim</span> <span class='ocrx_word' id='word_1_278' title='bbox 1052 2973 1142 3044; x_wconf 69' lang='lat' dir='ltr'>poena</span> 
     </span>
     <span class='ocr_line' id='line_1_33' title="bbox 53 3060 1142 3134; baseline 0.003 -19"><span class='ocrx_word' id='word_1_279' title='bbox 53 3061 85 3118; x_wconf 88' lang='lat' dir='ltr'>ad</span> <span class='ocrx_word' id='word_1_280' title='bbox 95 3061 295 3121; x_wconf 86' lang='lat' dir='ltr'>Christianam</span> <span class='ocrx_word' id='word_1_281' title='bbox 310 3062 400 3120; x_wconf 83' lang='lat' dir='ltr'>vitam</span> <span class='ocrx_word' id='word_1_282' title='bbox 414 3062 573 3134; x_wconf 90' lang='lat' dir='ltr'>cogendos,</span> <span class='ocrx_word' id='word_1_283' title='bbox 586 3064 642 3121; x_wconf 90' lang='lat' dir='ltr'>nisi</span> <span class='ocrx_word' id='word_1_284' title='bbox 656 3073 687 3121; x_wconf 92' lang='lat' dir='ltr'>ut</span> <span class='ocrx_word' id='word_1_285' title='bbox 700 3064 738 3122; x_wconf 88' lang='lat' dir='ltr'>ab</span> <span class='ocrx_word' id='word_1_286' title='bbox 750 3061 942 3120; x_wconf 83' lang='lat' dir='ltr'>Eucharistiae</span> <span class='ocrx_word' id='word_1_287' title='bbox 955 3060 1142 3131; x_wconf 90' lang='lat' dir='ltr'>aliorumque</span> 
     </span>
     <span class='ocr_line' id='line_1_34' title="bbox 54 3148 1141 3223; baseline 0.002 -19"><span class='ocrx_word' id='word_1_288' title='bbox 54 3161 296 3208; x_wconf 88' lang='lat' dir='ltr'>sacramentorum</span> <span class='ocrx_word' id='word_1_289' title='bbox 314 3150 507 3222; x_wconf 87' lang='lat' dir='ltr'>perceptione</span> <span class='ocrx_word' id='word_1_290' title='bbox 523 3162 685 3221; x_wconf 89' lang='lat' dir='ltr'>arceantur,</span> <span class='ocrx_word' id='word_1_291' title='bbox 700 3153 797 3210; x_wconf 89' lang='lat' dir='ltr'>donec</span> <span class='ocrx_word' id='word_1_292' title='bbox 809 3150 1001 3223; x_wconf 84' lang='lat' dir='ltr'>resipiscaut3</span> <span class='ocrx_word' id='word_1_293' title='bbox 1021 3148 1141 3206; x_wconf 84' lang='lat' dir='ltr'>anathe-</span> 
     </span>
     <span class='ocr_line' id='line_1_35' title="bbox 54 3247 148 3294; baseline 0.053 -4"><span class='ocrx_word' id='word_1_294' title='bbox 54 3247 148 3294; x_wconf 84' lang='lat' dir='ltr'>masrt.</span> 
     </span>
    </p>
   </div>
   <div class='ocr_carea' id='block_1_4' title="bbox 242 3334 941 3410">
    <p class='ocr_par' dir='ltr' id='par_1_12' title="bbox 242 3334 941 3410">
     <span class='ocr_line' id='line_1_36' title="bbox 242 3334 941 3410; baseline -0.006 -8"><span class='ocrx_word' id='word_1_295' title='bbox 242 3334 449 3410; x_wconf 71' lang='lat' dir='ltr'>Drusorum</span> <span class='ocrx_word' id='word_1_296' title='bbox 474 3349 520 3398; x_wconf 76' lang='lat' dir='ltr'>ar</span> <span class='ocrx_word' id='word_1_297' title='bbox 546 3350 684 3400; x_wconf 87' lang='lat' dir='ltr'>urvrsro</span> <span class='ocrx_word' id='word_1_298' title='bbox 708 3337 941 3402; x_wconf 78' lang='lat' dir='ltr'>Taxcrnrus.</span> 
     </span>
    </p>
   </div>
   <div class='ocr_carea' id='block_1_5' title="bbox 54 3469 1140 3969">
    <p class='ocr_par' dir='ltr' id='par_1_13' title="bbox 54 3469 1140 3969">
     <span class='ocr_line' id='line_1_37' title="bbox 90 3469 1140 3556; baseline 0.006 -26"><span class='ocrx_word' id='word_1_299' title='bbox 90 3483 115 3532; x_wconf 94' lang='lat'>1.</span> <span class='ocrx_word' id='word_1_300' title='bbox 161 3469 336 3533; x_wconf 87' lang='lat' dir='ltr'>Absolutis</span> <span class='ocrx_word' id='word_1_301' title='bbox 354 3470 393 3532; x_wconf 92' lang='lat' dir='ltr'>iis</span> <span class='ocrx_word' id='word_1_302' title='bbox 409 3491 484 3552; x_wconf 88' lang='lat' dir='ltr'>quae</span> <span class='ocrx_word' id='word_1_303' title='bbox 500 3471 542 3534; x_wconf 92' lang='lat' dir='ltr'>de</span> <span class='ocrx_word' id='word_1_304' title='bbox 559 3474 775 3536; x_wconf 88' lang='lat' dir='ltr'>sacramentis</span> <span class='ocrx_word' id='word_1_305' title='bbox 800 3475 831 3536; x_wconf 90' lang='lat' dir='ltr'>in</span> <span class='ocrx_word' id='word_1_306' title='bbox 857 3495 977 3556; x_wconf 89' lang='lat' dir='ltr'>genere</span> <span class='ocrx_word' id='word_1_307' title='bbox 998 3475 1140 3538; x_wconf 90' lang='lat' dir='ltr'>dicenda</span> 
     </span>
     <span class='ocr_line' id='line_1_38' title="bbox 54 3573 1140 3656; baseline 0.01 -26"><span class='ocrx_word' id='word_1_308' title='bbox 54 3583 145 3647; x_wconf 88' lang='lat' dir='ltr'>erant,</span> <span class='ocrx_word' id='word_1_309' title='bbox 172 3576 216 3637; x_wconf 92' lang='lat' dir='ltr'>de</span> <span class='ocrx_word' id='word_1_310' title='bbox 247 3573 386 3656; x_wconf 86' lang='lat' dir='ltr'>singulis</span> <span class='ocrx_word' id='word_1_311' title='bbox 417 3577 633 3639; x_wconf 90' lang='lat' dir='ltr'>sacramentis</span> <span class='ocrx_word' id='word_1_312' title='bbox 661 3579 845 3640; x_wconf 90' lang='lat' dir='ltr'>successive</span> <span class='ocrx_word' id='word_1_313' title='bbox 872 3578 1080 3655; x_wconf 90' lang='lat' dir='ltr'>disseremus,</span> <span class='ocrx_word' id='word_1_314' title='bbox 1106 3588 1140 3641; x_wconf 93' lang='lat' dir='ltr'>et</span> 
     </span>
     <span class='ocr_line' id='line_1_39' title="bbox 54 3675 1138 3763; baseline 0.01 -28"><span class='ocrx_word' id='word_1_315' title='bbox 54 3675 186 3753; x_wconf 92' lang='lat' dir='ltr'>primum</span> <span class='ocrx_word' id='word_1_316' title='bbox 210 3677 346 3758; x_wconf 89' lang='lat' dir='ltr'>quidem</span> <span class='ocrx_word' id='word_1_317' title='bbox 370 3677 412 3740; x_wconf 90' lang='lat' dir='ltr'>de</span> <span class='ocrx_word' id='word_1_318' title='bbox 436 3678 620 3760; x_wconf 91' lang='lat' dir='ltr'>Baptismo,</span> <span class='ocrx_word' id='word_1_319' title='bbox 643 3683 699 3763; x_wconf 92' lang='lat' dir='ltr'>qui</span> <span class='ocrx_word' id='word_1_320' title='bbox 726 3692 778 3745; x_wconf 92' lang='lat' dir='ltr'>est</span> <span class='ocrx_word' id='word_1_321' title='bbox 801 3690 985 3744; x_wconf 90' lang='lat' dir='ltr'>ceterorum</span> <span class='ocrx_word' id='word_1_322' title='bbox 1011 3682 1138 3762; x_wconf 89' lang='lat' dir='ltr'>janua:</span> 
     </span>
     <span class='ocr_line' id='line_1_40' title="bbox 55 3779 1140 3865; baseline 0.007 -27"><span class='ocrx_word' id='word_1_323' title='bbox 55 3779 254 3860; x_wconf 88' lang='lat' dir='ltr'>“peripsum</span> <span class='ocrx_word' id='word_1_324' title='bbox 272 3779 361 3841; x_wconf 88' lang='lat' dir='ltr'>enirn</span> <span class='ocrx_word' id='word_1_325' title='bbox 379 3781 528 3842; x_wconf 87' lang='lat' dir='ltr'>membra</span> <span class='ocrx_word' id='word_1_326' title='bbox 546 3781 667 3846; x_wconf 90' lang='lat' dir='ltr'>Christi</span> <span class='ocrx_word' id='word_1_327' title='bbox 692 3801 730 3845; x_wconf 89' lang='lat' dir='ltr'>ac</span> <span class='ocrx_word' id='word_1_328' title='bbox 754 3783 796 3846; x_wconf 94' lang='lat' dir='ltr'>de</span> <span class='ocrx_word' id='word_1_329' title='bbox 820 3804 956 3865; x_wconf 92' lang='lat' dir='ltr'>corpore</span> <span class='ocrx_word' id='word_1_330' title='bbox 980 3783 1140 3848; x_wconf 89' lang='lat' dir='ltr'>efficimur</span> 
     </span>
     <span class='ocr_line' id='line_1_41' title="bbox 56 3877 575 3969; baseline 0.013 -30"><span class='ocrx_word' id='word_1_331' title='bbox 56 3877 202 3944; x_wconf 77' lang='lat' dir='ltr'>Ecclesia:</span> <span class='ocrx_word' id='word_1_332' title='bbox 213 3883 229 3908; x_wconf 89' lang='lat'>&#39;&#39;</span> <span class='ocrx_word' id='word_1_333' title='bbox 249 3878 387 3968; x_wconf 82' lang='lat' dir='ltr'>(Decret.</span> <span class='ocrx_word' id='word_1_334' title='bbox 403 3883 451 3944; x_wconf 89' lang='lat' dir='ltr'>ad</span> <span class='ocrx_word' id='word_1_335' title='bbox 461 3881 575 3969; x_wconf 85' lang='lat' dir='ltr'>Arm.)</span> 
     </span>
    </p>
   </div>
   <div class='ocr_carea' id='block_1_6' title="bbox 0 0 1390 4646">
    <p class='ocr_par' dir='ltr' id='par_1_14' title="bbox 0 0 1390 4646">
     <span class='ocr_line' id='line_1_42' title="bbox 0 0 1390 4646; baseline 0 3"><span class='ocrx_word' id='word_1_336' title='bbox 0 0 1390 4646; x_wconf 95' lang='lat' dir='ltr'> </span> 
     </span>
    </p>
   </div>
  </div>
 </body>
</html>
