2776 4644
367 161 423 211 DE
441 158 601 211 onam
623 158 817 210 norunt-1.
1097 157 1141 210 65

50 355 143 415 posse
149 337 332 419 adimplere
345 340 512 415 mandata,
522 341 705 421 praesertim
719 340 916 402 mandatum
930 338 971 400 de
985 358 1050 400 non
1062 358 1141 401 con-

49 439 252 519 cupiscendo,
266 443 344 523 quia
360 444 439 523 ipsis
453 441 566 505 deficit
581 443 687 523 gratia
702 463 778 505 vere
793 441 967 504 sufficiens.

94 539 148 603 Ait
162 544 250 605 enim
272 543 413 606 Tn‘dent.
430 545 522 624 (sess.
539 544 601 619 Vl,
616 564 687 625 cap.
709 544 781 625 11):
807 544 947 606 “Nemo
966 541 1142 606 temeraria

50 641 112 717 ills,
125 654 156 706 et
170 665 190 706 a
207 646 359 708 Patribus
375 647 542 728 prohibita
561 665 642 708 voce
663 647 710 708 uti
733 647 863 726 (debet)
887 645 951 707 Dei
973 654 1141 726 praecepta

49 745 169 808 homini
181 748 364 829 justificato
380 768 452 812 esse
469 749 693 829 impossibilia.
740 748 826 810 Nam
845 748 937 809 Deus
953 745 1139 828 impossibi-

50 847 90 908 lia
111 869 173 912 non
194 851 299 931 jubet,
315 855 373 915 sed
393 847 544 932 jubendo
567 861 682 914 monet
697 861 731 913 et
747 851 853 914 iacere
868 851 958 931 quod
970 849 1091 930 possis,
1106 857 1140 910 et

49 960 155 1030 petere
164 956 253 1034 quod
264 975 331 1016 non
342 956 496 1037 possis,et
503 953 640 1034 adjuvat
651 955 688 1016 ut¹
698 955 805 1036 possis
815 955 839 1016 ''.
857 953 902 1015 Et
912 952 991 1014 alibi
1001 971 1073 1014 can.
1082 953 1119 1012 18
1133 955 1140 1014 ὲ

49 1052 110 1116 “Si
125 1057 197 1136 quis
217 1058 343 1120 dixerit
359 1058 422 1119 Dei
446 1052 622 1138 praecepta‚
638 1056 765 1118 homini
785 1057 886 1118 etiam
904 1054 1087 1136 justificato
1107 1064 1140 1116 et

48 1156 106 1217 sub
130 1160 237 1238 gratia
261 1160 452 1234 constitut0,
474 1179 546 1221 esse
572 1160 614 1220 ad
642 1160 886 1221 obseruandum
914 1156 1140 1239 impossibilia,

48 1257 86 1318 Α.
104 1259 153 1322 S.”
199 1261 255 1324 Ex
271 1264 391 1344 quibus
412 1263 559 1343 sequitur
576 1261 683 1341 justos
703 1282 837 1344 semper
855 1261 977 1323 habere
997 1260 1139 1341 gratiam

47 1359 111 1420 sive
137 1364 177 1424 ad
201 1376 369 1445 praeeepta
391 1365 614 1445 adimplenda,
630 1366 699 1426 sive
722 1365 764 1426 ad
787 1363 949 1425 orandum
975 1372 1011 1424 ut
1034 1361 1140 1442 gratia

48 1469 227 1529 necessaria
242 1470 284 1530 ad
301 1489 384 1550 opus
400 1468 637 1550 complendum
654 1468 863 1530 concedatur.

88 1564 217 1630 Dicitur
233 1571 283 1652 (a)
298 1577 314 1601 ‘¹
327 1582 459 1651 urgente
466 1581 620 1652 praecepto
642 1571 692 1632 vel
717 1569 888 1630 tentatione
901 1568 925 1642 ¹¹,
940 1567 1018 1647 quia
1032 1568 1141 1648 gratia

48 1664 189 1745 actualis
206 1683 322 1754 utpote
339 1676 509 1750 transiens,
526 1695 587 1736 non
605 1675 705 1736 datur
719 1673 857 1753 singulis
879 1672 1065 1746 momentis,
1080 1671 1138 1734 sed

48 1777 193 1852 ternpore
222 1787 421 1857 opportun0,
445 1779 626 1858 praesertim
654 1777 789 1856 quando
815 1785 910 1856 urget
935 1784 1139 1855 praeceptum

48 1872 305 1956 adimplendum,
316 1888 374 1941 aut
384 1869 526 1942 tentatio
539 1899 614 1961 qua·
627 1880 698 1940 sine
707 1879 815 1960 gratia
826 1877 972 1958 superari
985 1896 1049 1938 non
1064 1896 1139 1957 pos-¹

48 1985 93 2036 set
100 2001 108 2054 3
126 1980 236 2057 quoad
254 1994 363 2046 cetera
379 1993 559 2056 momenta,
575 1983 649 2064 plus
666 1984 815 2045 minusve
832 1981 1020 2061 frequenter
1033 1981 1139 2056 datur,

48 2082 225 2145 secundum
269 2085 332 2147 Dei
371 2087 588 2160 voluntatem,
627 2096 660 2148 et
700 2085 935 2166 dispositiones
976 2081 1140 2163 subjecli3

49 2179 93 2258 lb)
108 2187 251 2264 “gratiae
271 2189 389 2250 saltem
412 2197 527 2251 remote
546 2187 768 2270 sufficr'errtes’',
786 2205 862 2248 nam
883 2205 949 2246 non
968 2187 1077 2267 agitur
1098 2184 1140 2248 de

48 2286 146 2359 gratia
173 2288 291 2369 efficaci
314 2311 388 2370 quae
416 2309 482 2352 non
511 2291 666 2353 omnibus
693 2311 753 2352 nec
780 2308 912 2369 semper
938 2288 1139 2364 conceditur,

48 2402 141 2462 quum
160 2389 253 2452 Deus
270 2392 361 2454 illam
377 2394 429 2455 cui
445 2393 517 2456 vult
532 2403 565 2455 et
580 2393 714 2474 quando
730 2393 808 2466 vult,
827 2392 1001 2472 largiatur;
1021 2411 1081 2453 nec
1097 2392 1139 2453 de

49 2491 145 2564 gratia
155 2495 306 2573 proxime
328 2495 520 2570 sufficiente,
537 2517 614 2558 nam
636 2497 837 2578 quandoque
858 2495 956 2556 datur
975 2494 1138 2556 auxilium

49 2605 156 2656 remote
171 2597 347 2671 sufficiens,
358 2619 386 2660 v.
399 2619 429 2680 g.
443 2600 484 2661 ad
502 2600 675 2672 orandum,
687 2619 754 2680 quo
766 2599 792 2659 si
804 2597 884 2677 justi
899 2598 984 2659 bene
996 2607 1139 2673 utantur,

48 2695 202 2776 accipient
211 2702 361 2779 proxime
376 2701 562 2778 sufficiens;
585 2703 613 2763 si
629 2712 740 2764 autem
764 2701 882 2762 eodem
907 2719 972 2760 non
996 2709 1139 2775 utantur,

48 2798 240 2880 quandoque
257 2803 411 2881 proxime
427 2802 593 2866 sufficiens
610 2824 676 2866 non
694 2805 874 2884 accipient;
895 2803 943 2884 (c)
955 2809 970 2834 ‘¹
982 2802 1114 2865 relative
1123 2803 1138 2828 '¹

47 2897 249 2977 sufficientes,
266 2904 283 2965 i.
300 2925 326 2965 e.
344 2903 502 2986 spectatis
525 2907 678 2969 omnibus
701 2907 958 2970 circumstantiis
979 2927 1139 2988 personae,

49 3005 208 3083 temporis,
224 3005 297 3082 loci,
310 3009 356 3070 ita
375 3019 408 3070 ut
426 3009 457 3070 in
475 3010 547 3070 aliis
564 3008 729 3090 adjunctis
742 3009 823 3089 justi
840 3029 1048 3091 perseverare
1063 3031 1138 3092 pos-

48 3115 113 3166 smt.
460 3153 461 3158 ,

85 3209 130 3283 76.
175 3209 345 3272 Probatur
369 3211 428 3294 (A)
453 3212 595 3294 Script:
621 3215 669 3294 (a)
695 3215 795 3294 juxta
824 3214 855 3278 S.
882 3215 1036 3291 Paulum,
1058 3215 1138 3296 justi

50 3322 107 3368 non
122 3321 295 3375 tentantur
309 3335 409 3395 supra
423 3317 527 3378 vires:
552 3318 704 3378 “Fidelis
725 3327 774 3379 est
792 3317 893 3393 Deus,
909 3321 966 3398 qui
990 3339 1056 3380 non
1082 3340 1138 3401 pa·

50 3407 138 3474 tietur
157 3435 217 3477 vos
241 3419 360 3478 tentari
382 3439 482 3500 supra
503 3420 535 3481 id
556 3422 645 3500 quod
665 3422 816 3501 potestis,
836 3421 894 3482 sed
918 3421 1015 3482 faciet
1036 3423 1140 3490 etiam

51 3527 115 3574 cum
140 3520 327 3581 tentatione
349 3532 557 3604 proventum,
574 3532 610 3584 ut
633 3524 767 3603 possitis
790 3524 951 3584 sustinere
962 3523 977 3546 ”
992 3535 1024 3599 1;
1047 3525 1137 3604 atqui

51 3631 136 3694 supra
159 3621 244 3682 vires
271 3631 485 3698 tentarentur,
509 3625 545 3698 si,
569 3635 708 3704 urgente
732 3637 899 3707 praecepto
922 3627 1138 3707 adimplendo

52 3729 99 3778 aut
113 3725 296 3786 tentatione
312 3728 508 3807 superanda,
525 3747 590 3788 non
611 3727 771 3790 haberent
791 3729 931 3807 gratiam
954 3749 1030 3790 vere
1049 3731 1137 3792 suffi-

53 3819 188 3902 cientem,
205 3828 294 3889 unde
313 3849 521 3908 perseverare
543 3841 687 3911 possent.
734 3831 785 3912 (b)
808 3833 946 3912 insuper
969 3832 1137 3896 multoties

53 3921 224 3992 declaratur
240 3931 399 3993 mandata
416 3932 478 3995 Dei
496 3953 561 3994 non
579 3953 651 3996 esse
667 3936 781 4014 gravia
796 3955 852 3996 seu
870 3955 1029 3998 onerosa:
1051 3939 1138 4018 “Ju-

53 4041 119 4100 gum
130 4033 215 4094 enirn
229 4052 340 4094 meum
353 4055 453 4096 suave
465 4046 516 4097 est
527 4047 561 4097 et
572 4056 656 4097 onus
670 4057 779 4100 meum
791 4038 862 4098 leve
873 4039 887 4063 '¹
899 4050 911 4080 ²
925 4061 932 4115 ;
948 4048 963 4070 ‘⁴
976 4040 1138 4101 Mandata

84 4223 122 4278 'I
132 4229 188 4282 Cor.
205 4231 240 4295 Χ,
258 4244 295 4300 ¹3
310 4261 344 4270 -
357 4236 366 4258 ²
380 4232 464 4285 Mart.
482 4233 534 4298 Xl,
549 4247 590 4300 30.
656 4269 659 4278 ·

130 4344 247 4394 Stuorsrs
261 4347 305 4394 lll.
319 4373 345 4381 -
358 4361 372 4406 5
