2776 4644
247 129 290 180 2⁴
633 128 965 179 anor-soonam.

244 304 496 368 commissorum
510 317 530 368 ¹.
576 303 685 386 Quem
705 305 841 387 quidem
865 323 1008 366 errorem
1024 301 1196 367 multoties
1212 300 1358 363 damna-

246 418 321 468 runt
345 406 404 470 SS.
419 399 601 470 'Pontifices
622 406 797 487 Gregorius
812 407 849 469 X
859 406 915 482 VI,
930 407 1016 472 Pius
1031 405 1089 468 IX
1111 413 1144 468 et
1165 404 1230 466 Leo
1245 403 1357 474 XIII,

245 527 373 570 necnon
400 507 595 570 Vaticanum
613 507 810 572 Concilium.

289 622 336 689 15
382 609 445 691 (E)
477 609 658 683 Socim'oni,
691 610 849 684 Unirarii,
880 621 915 674 et
948 611 1173 671 Protestantes
1204 605 1357 668 liberales

243 709 332 786 dieti,
352 711 475 792 Pelagii
499 732 624 774 errores
647 712 758 793 quoad
783 712 1004 775 substantiam
1029 719 1250 772 renovarunt:
1274 708 1355 770 licet

243 813 332 876 enim
357 814 591 876 revelationem
615 813 681 874 lato
702 835 797 876 sensu
821 815 1012 887 admittant,
1027 813 1197 894 originalis
1221 813 1353 893 peccati

244 917 468 990 existentiam,
496 915 659 996 Baptismi
688 917 931 988 necessitatem,
955 926 990 978 et
1016 916 1134 995 gratiae
1159 914 1306 987 interme,
1333 933 1354 972 a

244 1038 405 1081 concursu
438 1019 579 1080 naturali
610 1015 787 1094 distinctae,
818 1019 1033 1080 existentiam
1066 1017 1241 1097 rejiciunt:
1273 1017 1352 1078 hinc

244 1121 416 1183 conversio
439 1141 497 1182 seu
519 1120 723 1201 justificatio
744 1122 844 1202 juxta
869 1123 967 1202 ipsos,
991 1121 1071 1184 nihil
1096 1120 1186 1182 aliud
1211 1129 1263 1183 est
1286 1121 1352 1182 nisi

245 1222 402 1284 naturalis
415 1223 457 1285 ad
474 1223 583 1286 Deum
601 1225 773 1287 conversio
788 1247 795 1286 ι
811 1225 913 1286 homo
926 1224 958 1286 in
971 1221 1123 1287 dodtrintl
1137 1222 1261 1286 Christi
1275 1242 1351 1303 pro-

245 1325 314 1404 prie
332 1322 520 1398 instruetus,
537 1325 675 1407 ejusque
691 1323 850 1405 exemplo
870 1323 1052 1396 roboratus,
1069 1323 1210 1403 propriis
1226 1322 1351 1383 viribus

245 1427 418 1490 honestam
437 1427 539 1490 vitam
557 1427 686 1504 ducere,
703 1426 869 1506 finemque
885 1445 981 1488 suum
999 1426 1162 1506 attingere
1179 1424 1265 1486 valet
1277 1436 1298 1486 ².

481 1584 517 1648 2⁰
537 1571 673 1648 Falsus
694 1571 1116 1670 Supernaturalismus.

290 1728 336 1792 16.
383 1723 441 1804 (A)
466 1723 801 1785 Praedestinnlinnam
826 1723 1004 1785 haeresim³
1027 1723 1232 1786 advocarunt
1256 1721 1351 1782 Luci

245 1828 314 1900 dns,
343 1826 375 1887 in
404 1825 514 1888 Gallia
542 1825 715 1906 presbyter
739 1821 830 1909 (saec.
856 1821 926 1910 V.),
949 1827 1004 1908 qui
1031 1827 1210 1888 damnatus
1235 1825 1292 1887 luit
1318 1827 1348 1884 in

247 1928 404 1992 Conciliis
416 1927 606 1990 Arelatensi
616 1937 649 1989 et
662 1924 876 2008 Lugdrmensi
890 1927 945 2009 (47
950 1929 994 2008 5);
1014 1928 1222 2002 Getescalcus,
1238 1948 1349 1990 mona-

247 2033 328 2094 chus
357 2031 555 2095 Orbacensis
583 2031 616 2092 in
643 2030 760 2104 Gallia,
783 2031 840 2113 qui
864 2033 1043 2094 damnatus
1070 2043 1121 2094 est
1145 2027 1177 2094 in
1203 2031 1349 2095 Concilio

249 2134 416 2199 Caresiaco
431 2131 548 2212 (846);
571 2153 655 2214 quos
679 2152 804 2194 errores
829 2134 950 2213 partim
975 2139 1175 2196 renovarunt
1201 2133 1349 2212 l‘l'iclesns

246 2234 349 2314 (XlV
363 2233 440 2312 sec.)
458 2233 593 2294 natione
611 2231 752 2314 Anglus,
763 2243 796 2294 et
808 2233 836 2313 J.
851 2231 941 2294 Huss
953 2253 996 2294 ex
1012 2233 1171 2296 Bohemia
1184 2234 1348 2297 oriundus,

208 2363 212 2370 ·
246 2337 301 2417 qui
320 2337 352 2396 in
370 2335 510 2397 concilio
530 2333 771 2398 Constantiensi
785 2336 936 2398 damnati
953 2348 1039 2398 sunt.

288 2439 394 2519 Juxta
411 2438 501 2518 ipsos
518 2437 568 2516 (a)
587 2437 678 2498 Deus
694 2437 846 2499 homines
870 2438 911 2498 ad
936 2439 1076 2518 gloriam
1094 2448 1149 2501 aut
1165 2439 1346 2500 damnatio-

247 2561 322 2602 nem
344 2540 560 2622 praedestinat
584 2540 686 2602 etiam
708 2550 785 2602 ante
808 2539 947 2621 praevisa
972 2540 1090 2602 merita
1103 2540 1153 2602 vel
1171 2540 1347 2602 demerita:

246 2653 488 2723 consequenter
501 2663 566 2704 non
581 2643 651 2706 vult
664 2644 804 2705 salutem
821 2642 978 2716 omnium,
990 2643 1046 2704 sed
1061 2643 1168 2704 solum
1184 2641 1346 2726 praedesti-

180 2761 183 2766 ·
248 2757 410 2807 natorum.
456 2745 506 2825 (b)
526 2745 605 2806 Post
621 2756 794 2826 peccatum
815 2744 976 2828 originale
998 2745 1089 2806 nulla
1113 2755 1261 2807 remanet
1275 2761 1346 2806 vera

247 2849 389 2922 libertas,
407 2849 531 2910 scilicet
548 2847 683 2910 libertas
701 2868 720 2909 a
737 2847 941 2934 necessitate,
958 2847 1016 2907 sed
1035 2846 1127 2909 Deus
1145 2847 1216 2927 ipse
1233 2847 1301 2927 agit
1318 2845 1345 2904 in

247 2952 342 3012 nobis
359 2960 458 3013 otest
475 2948 591 3012 audior
609 2950 687 3012 boni
711 2959 743 3011 et
769 2948 983 3040 rnali';„sjcut
1007 2947 1262 3028 praedestinatus
1285 2963 1344 3007 non

247 3063 357 3134 potest
373 3074 392 3114 a
410 3055 515 3133 gratia
532 3053 696 3126 excidere,
715 3052 760 3113 ita
777 3051 937 3134 reprobus
959 3070 1025 3111 non
1047 3061 1158 3131 potest
1176 3051 1208 3112 in
1226 3055 1264 3112 eti
1280 3066 1346 3130 per·

247 3175 406 3218 mmmm

283 3353 350 3407 ¹lta
370 3353 568 3422 Wegrsclreider,
588 3353 711 3406 Institut.
727 3351 887 3420 theologice,
903 3352 957 3416 lll,
976 3353 990 3420 ξ
1009 3365 1064 3420 ¹5²·

281 3442 346 3494 'Ad
361 3458 419 3493 rem
433 3439 529 3493 scribit
543 3457 614 3492 unus
625 3425 658 3493 ex
671 3439 865 3493 Unitariorum
877 3439 995 3492 ducibus
1009 3459 1015 3493 :
1038 3445 1055 3464 ‘⁴
1069 3440 1220 3494 Conversio
1229 3445 1345 3494 eslvons

246 3544 346 3596 graecae
357 3526 456 3591 versio,
465 3543 528 3595 quae
541 3524 568 3578 in
582 3527 663 3578 Novo
674 3527 857 3579 Testamento
868 3526 1010 3593 significat
1022 3523 1135 3579 reverti.
1169 3527 1241 3579 Cum
1251 3525 1344 3579 malon

247 3613 335 3666 secuti
349 3627 445 3665 sumus
459 3611 543 3676 viam,
553 3612 651 3664 reverti
664 3611 800 3664 debemus
812 3621 841 3664 ut
851 3611 955 3664 bonam
967 3629 1145 3682 sequamur...
1167 3609 1346 3682 Regeneratio

247 3711 341 3753 autem
355 3709 398 3753 est
412 3715 465 3752 vox
478 3715 534 3768 qua
549 3699 637 3752 Sacra
651 3699 796 3767 Scriptura
809 3699 896 3756 utitur
914 3701 951 3754 ad
970 3701 1057 3754 vitam
1077 3717 1181 3753 novam
1196 3699 1344 3768 significan·

247 3787 321 3851 dam,
339 3802 402 3854 quce
421 3801 503 3840 suum
522 3784 691 3856 principium
710 3786 795 3840 habet
817 3805 872 3840 non
892 3797 1002 3841 tanturn
1023 3787 1050 3841 in
1073 3789 1155 3856 Legis
1174 3786 1285 3848 divinae,
1301 3781 1344 3836 sed

247 3874 332 3926 etiam
346 3871 373 3924 in
387 3872 447 3941 ejus
460 3872 565 3925 amoris
579 3871 834 3927 consideratione...
864 3875 1024 3928 Conversus
1037 3873 1140 3927 dicitur
1153 3874 1199 3942 qui
1215 3870 1308 3928 statuit
1321 3869 1343 3918 in

246 3959 330 4012 corde
345 3975 395 4011 suo
409 3959 514 4011 bonum
527 3958 629 4024 t'acere,
647 3969 674 4012 et
684 3959 745 4026 jam
758 3975 828 4027 opus
843 3957 968 4027 incoepit.
1005 3961 1100 4012 Homo
1114 3969 1292 4026 regeneratus
1306 3953 1345 4007 ille

246 4055 288 4098 est
304 4044 348 4111 qui
364 4043 491 4096 habitum
505 4045 578 4098 bene
591 4045 693 4112 agendi
708 4045 823 4099 firmiter
836 4057 914 4100 tenet
923 4047 944 4100 ’'.
961 4045 1004 4114 (J.
1020 4047 1052 4100 F.
1066 4046 1176 4113 curte,
1195 4042 1308 4099 Manual
1321 4031 1349 4090 of

249 4131 326 4185 Unlt.
344 4129 438 4195 lleliel,
453 4147 479 4198 p.
493 4131 547 4196 42.)
562 4159 595 4168 -
611 4133 672 4186 Nec
685 4131 768 4186 aliter
779 4129 1004 4202 Licletenberger,
1018 4149 1062 4200 op.
1080 4134 1125 4186 cit.
1141 4145 1210 4186 voce
1227 4133 1315 4186 (inice.

279 4216 344 4269 ³Cl.
363 4217 525 4286 Manliique.
540 4234 583 4285 op.
599 4218 644 4271 cit.
661 4218 728 4271 diss.
744 4217 797 4283 4·6‚
812 4235 836 4287 p.
855 4231 901 4287 195
918 4237 972 4289 sq.;
992 4220 1155 4289 Alsogmp.
1174 4209 1219 4274 cit.
1236 4217 1250 4286 ἓ
1266 4231 1319 4278 aot·
