2758 4652
443 203 499 252 DE
516 201 692 252 ORDINE.
1050 197 1117 250 597

20 403 105 443 conos
119 402 232 445 eorum
249 382 305 466 qui
320 387 474 448 credituri
491 386 636 448 erant''1
649 405 658 462 ;
687 385 721 448 S.
738 383 869 466 Ignatio
884 383 1043 462 Martyre,
1059 381 1115 462 qui

21 485 110 547 initio
132 505 206 549 saec.
225 487 258 548 lI
281 485 352 550 haec
376 489 547 570 scripsit2:
570 493 587 520 “
600 486 718 551 Cureti
742 496 951 549 revereantur
969 484 1119 547 diaconos

20 597 53 647 ut
68 589 264 651 mandatum
282 589 345 652 Dei
360 589 439 670 Jesu
458 589 589 668 Christi,
604 601 637 654 et
653 591 852 672 Episcopum,
867 589 923 671 qui
944 599 996 652 est
1011 587 1117 668 figura

20 691 131 766 Patris,
148 692 355 772 Presbyteros
374 702 486 757 autem
507 704 544 758 ut
566 715 758 757 concessum
781 693 854 770 Dei,
870 702 904 755 et
923 701 959 755 ut
978 691 1117 771 conjun-

17 791 157 854 tlionem
172 795 416 882 ,Apostolorum
432 813 440 860 t
466 799 538 860 sIne
553 798 605 861 his
621 797 770 862 Ecclesia
783 818 849 859 non
866 807 1003 858 vocatur
1014 795 1029 820 ’'
1039 807 1060 856 ³.

60 893 125 980 (B)
144 897 178 960 E
182 917 202 958 r
214 899 319 980 prasi
341 901 509 975 Ecclesiae,
525 921 600 983 quae
620 921 799 982 nunquam,
815 919 856 961 ne
872 899 1030 961 saeviente
1044 897 1117 978 qui-

14 1000 89 1060 dem
111 1003 349 1080 persecutione,
370 1005 521 1084 permisit
545 1014 581 1067 ut
604 1005 660 1086 qui
685 1003 882 1068 Sacerdotes
909 1020 975 1063 non
996 1009 1117 1076 essent,

12 1101 84 1180 jura
100 1113 134 1165 et
149 1103 259 1166 officia
278 1105 453 1169 sacerdotii
475 1109 607 1189 proprIa
629 1116 843 1182 exercerent;
869 1104 959 1185 quod
979 1103 1114 1184 quidem

14 1204 196 1269 luculenter
210 1208 420 1273 demonstrat
442 1210 504 1291 ipsi
522 1229 717 1292 persuasum
737 1209 837 1272 luisse
852 1206 1027 1269 sacerdotii
1044 1225 1116 1267 mu·

13 1327 90 1370 nera
107 1329 173 1371 non
191 1311 253 1372 nisi
275 1312 318 1374 ab
340 1313 379 1374 iis
400 1314 456 1396 qui
477 1314 611 1396 speciali
628 1315 692 1378 ritu
709 1311 890 1375 consecrati
908 1319 995 1385 sunt,
1010 1309 1115 1402 adlm-

14 1410 93 1490 pleri
111 1433 216 1493 posse.
791 1427 794 1436 ’

46 1534 69 1584 9.
109 1526 137 1587 3⁰
150 1519 226 1576 Sitlrt.
240 1520 324 1591 dr'ffic.
362 1521 410 1592 (Α)
430 1521 585 1594 Objiciunt
599 1521 766 1580 Novatores
779 1521 817 1579 de
830 1519 971 1578 omnibus
984 1519 1115 1578 christia·

12 1601 56 1654 nis
67 1602 180 1660 dietum
191 1605 280 1663 luisse
293 1629 298 1664 :
312 1607 400 1664 “Vos
411 1619 510 1666 autem
520 1626 614 1680 genus
625 1608 764 1674 electum,
776 1609 869 1680 regale
878 1605 1062 1664 sacerdotium
1072 1607 1117 1676 ”⁴,·

12 1687 122 1745 “Fecit
136 1707 190 1747 nos
204 1709 328 1762 regnum
341 1702 371 1750 et
385 1693 559 1752 Sacerdotes
572 1695 638 1752 Deo
648 1704 678 1752 et
689 1694 768 1753 Patri
775 1712 830 1752 suo
839 1695 855 1720 ''
863 1698 881 1754 ³.
894 1729 929 1736 -
942 1695 1025 1765 Resp.
1044 1695 1114 1752 Prae-

12 1774 69 1830 lata
88 1775 177 1834 verba
197 1779 315 1836 nonnisi
336 1781 374 1838 de
392 1782 546 1839 sacerdotio
564 1782 721 1854 improprie
738 1782 813 1838 ditio
832 1781 954 1852 intelligi
975 1791 1115 1852 possunt;

12 1879 79 1918 narn
100 1863 203 1923 fideles
226 1865 255 1922 in
280 1866 337 1925 hoc
359 1875 439 1924 textu
458 1879 600 1928 vocantur
619 1888 702 1940 reges,
725 1868 850 1940 “regale
869 1868 1068 1925 sacerdotium
1080 1867 1096 1893 ’'
1106 1887 1116 1938 ;

12 1949 102 2018 atqui,
116 1951 199 2021 juxta
213 1969 326 2022 omnes
340 1964 408 2011 sunt
421 1973 505 2026 reges
517 1953 613 2012 solum
633 1955 694 2013 lato
712 1951 818 2022 sensu;
838 1971 909 2025 ergo
927 1953 1033 2024 pariter
1046 1963 1115 2011 sunt

12 2037 186 2098 Sacerdotes
210 2041 371 2114 improprie
393 2042 466 2100 dieti
477 2062 485 2113 ;
510 2042 593 2113 quod
613 2041 805 2100 confirmatur
826 2058 862 2099 ex
883 2047 1023 2104 contextu,
1045 2057 1113 2096 narn

12 2142 98 2195 supra
112 2128 152 2198 (5)
166 2127 307 2186 dicuntur
319 2130 423 2187 offerre
432 2129 599 2200 spirituales
607 2130 722 2199 lustras,
733 2129 751 2188 i.
763 2147 788 2187 e.
801 2129 944 2186 sacrificia
954 2127 1115 2198 improprie

12 2211 99 2280 dieta,
119 2213 258 2272 videlicet
282 2234 333 2272 cor
356 2216 516 2274 contritum
541 2226 571 2273 et
596 2216 794 2282 humillatum,
818 2215 899 2274 bona
923 2232 1022 2286 opera,
1044 2223 1116 2282 etc.;

12 2315 80 2368 ergo
98 2318 159 2359 non
180 2312 249 2359 sunt
269 2303 443 2362 Sacerdotes
463 2303 583 2376 proprio
602 2321 712 2372 sensu,
731 2321 766 2361 ex
784 2302 850 2359 locis
856 2301 1019 2373 parallelis,
1033 2318 1110 2370 nam,

13 2385 139 2456 populus
153 2387 325 2446 israeliticus
339 2401 461 2447 vocatur
473 2407 592 2461 regnum
605 2389 775 2446 sacerdotale
782 2389 800 2459 ⁶,
817 2388 870 2446 sed
884 2397 963 2445 certe
976 2387 1036 2444 lato
1050 2403 1114 2443 sen·

13 2489 51 2540 su,
64 2489 131 2529 narn
142 2473 283 2532 omnibus
294 2486 397 2533 notum
409 2488 453 2534 est
464 2473 622 2534 discrimen
633 2476 774 2534 diviuitus
784 2475 874 2532 fuisse
884 2483 1025 2532 statutum
1038 2471 1116 2531 inter

13 2559 109 2616 levitas
122 2570 152 2617 et
166 2561 312 2632 reliquum
327 2564 482 2635 populum.

45 2666 83 2705 ro·
122 2649 170 2716 (B)
189 2648 302 2719 Urgent
316 2650 404 2706 etiam
418 2649 483 2710 haec
501 2648 680 2708 Tertulliani
689 2649 798 2709 verba:
820 2647 1054 2706 “Differentiam
1071 2647 1113 2703 in·

14 2743 52 2788 ter
66 2733 203 2792 ordinem
217 2745 246 2793 et
259 2734 378 2808 plebem
392 2738 545 2798 constituit
560 2739 702 2797 Ecclesiae
720 2737 880 2796 auctoritas
889 2737 904 2761 ”
918 2737 968 2806 (de
980 2735 1109 2791 Exhort.

14 2827 75 2874 cast.
90 2839 113 2876 c.
129 2823 165 2888 7).
206 2820 265 2880 Sed
279 2821 342 2880 haec
357 2825 465 2896 scripta
477 2835 548 2883 sunt
559 2844 577 2883 a
589 2826 775 2884 Tertulliano
791 2825 852 2896 jam
872 2822 1061 2888 montanista,
1074 2822 1114 2879 ad

14 2909 235 2977 propagandam
257 2909 359 2966 salsam
380 2909 564 2982 opinionem,
587 2913 650 2970 scil.
673 2930 733 2970 non
755 2912 845 2969 licere
865 2909 946 2966 laicis
967 2907 1114 2965 secundas

15 2995 127 3064 nuptias
147 2994 229 3066 inire,
245 3013 281 3053 eo
301 2997 383 3067 quod
403 2997 462 3054 sint
481 2998 677 3070 Sacerdotes;
695 3008 784 3056 antea
802 3014 871 3055 vero
891 2997 941 3064 (de
948 2994 1109 3066 prascript.

15 3097 31 3134 ε.
47 3085 89 3148 ιο)
102 3083 275 3152 gravissime
288 3083 442 3142 haereticos
454 3086 692 3157 reprehenderat,
703 3084 754 3157 qui
765 3083 925 3142 discrimen
937 3081 1012 3139 inter
1022 3079 1114 3138 laicos

15 3177 37 3224 et
52 3168 227 3227 Sacerdotes
241 3188 301 3228 non
314 3183 451 3230 accurate
465 3173 621 3230 servabant
631 3185 648 3228 ⁷.

172 3297 221 3353 11.
243 3295 298 3355 De
319 3298 485 3355 veritate
509 3295 739 3355 sacranentl
764 3294 951 3355 Ordinist.

50 3423 97 3471 11.
144 3410 242 3466 tnesis
256 3385 267 3464 .'·
282 3407 389 3487 Ordo,
406 3427 471 3474 seu
487 3407 673 3484 ordinatio,
691 3424 762 3485 qua
783 3409 1039 3468 consecrantur
1053 3403 1113 3466 mi-

16 3505 121 3582 nistri,
136 3505 267 3569 saltem
289 3505 460 3584 nonnulli,
477 3511 534 3570 est
548 3521 672 3568 verum
691 3509 729 3567 et
748 3503 888 3583 proprie
909 3502 1044 3565 dictum
1060 3519 1113 3564 sa·

17 3608 243 3666 :ramentum
291 3599 419 3685 Defide
432 3614 486 3680 est,
498 3625 536 3666 ex
555 3603 586 3665 Τ
584 3603 695 3665 rident.
709 3603 800 3684 (sess
815 3599 951 3675 XXIII,
967 3620 1036 3661 can.
1050 3602 1092 3682 3.)
1105 3623 1114 3666 ι

44 3772 52 3802 ¹
67 3777 118 3843 Ep.
133 3775 170 3827 ad
185 3774 290 3828 Corint.
307 3777 328 3840 l,
343 3793 369 3828 n.
383 3792 425 3846 42.
443 3807 474 3814 -
488 3777 499 3798 ²
511 3777 557 3829 Ad
571 3777 718 3841 Trallens,
731 3793 759 3828 n.
776 3789 799 3841 3.

43 3861 108 3913 ³Ad
121 3860 255 3914 fusiorem
267 3861 348 3930 hujus
363 3863 519 3929 argumenti
533 3863 753 3916 declarationem
766 3861 830 3915 vide
843 3860 876 3913 de
890 3859 993 3926 Smedt,
1004 3860 1110 3928 l’Orga·

18 3947 131 4001 risation
146 3947 196 4000 des
210 3945 311 4014 eglises
325 3948 420 4014 chret,
432 3947 557 4015 Congres
571 3949 668 4003 scient.
684 3949 814 4002 internat.
832 3947 907 4012 1888,
921 3957 939 4000 t.
956 3947 994 4014 lI,
1008 3964 1034 4015 p.
1053 3961 1112 4016 297.

43 4033 170 4086 *lPetr.
189 4036 228 4097 Il,
241 4048 264 4103 9.
279 4065 313 4072 —
326 4038 335 4070 ⁵
348 4035 435 4102 Apoc.
455 4035 476 4100 I,
489 4037 514 4089 6.
531 4065 564 4073 -
577 4033 587 4065 ⁸
602 4035 691 4088 Exod.
706 4035 787 4100 XIX,
800 4036 824 4087 6.

43 4120 123 4175 Ἦν.
139 4121 259 4185 Hurter,
278 4122 338 4188 679,
356 4132 384 4176 et
403 4121 527 4188 Hattier,
546 4121 582 4175 de
601 4123 689 4176 sacris
708 4119 788 4176 cleti.
810 4131 839 4176 et
858 4121 990 4188 ordinat,
1012 4122 1117 4188 Mr'gne

18 4209 116 4274 XXIV,
134 4221 190 4277 147,
204 4207 325 4262 ubisuse
339 4209 400 4262 Istae
413 4209 532 4276 aliaeque
545 4208 688 4263 solvuntur
701 4207 889 4262 difficultates.
1117 4274 1120 4282 ,

45 4296 98 4350 ⁸5.
116 4295 211 4348 Tltom.
234 4296 300 4363 Sup.
323 4313 348 4365 q.
370 4308 411 4362 34,
431 4313 455 4348 a.
473 4310 507 4362 33
526 4297 650 4362 Hullier,
670 4314 696 4366 p.
716 4297 754 4362 ll,
774 4294 969 4360 seit.2,c.1;
989 4296 1116 4362 Drour'rr,
