2738 4646
191 177 246 226 DE
265 178 484 229 MYSTERIO
502 179 776 229 PRAESENTIAE
796 180 962 229 nuans.
1066 179 1127 232 319

26 376 131 437 graece
141 357 330 432 scribentes,
340 357 517 440 figuratum
536 359 627 422 illum
640 380 774 423 sensum
792 359 979 443 exprimere
996 361 1126 424 debuis-

25 469 105 534 sent,
121 461 203 524 dum
222 481 240 522 e
261 471 376 524 contra
399 463 430 524 in
452 467 511 525 sual
536 465 724 527 narratione
745 465 846 526 verba
867 462 1028 526 adhibent
1051 483 1125 545 quae

25 565 114 626 illum
132 564 327 628 excludunt.

66 666 113 729 18.
164 667 222 748 (Β)
247 669 381 732 Frustra
408 670 531 750 pariter
554 681 777 750 congeruntur
805 679 928 745 textus,
952 671 983 732 in
1007 671 1126 751 quibus

24 771 222 833 vocabulum
245 777 261 804 “
271 783 319 833 est
329 771 345 798 '’
364 773 452 835 idem
476 771 642 854 significat
665 795 703 836 ac
726 779 978 855 “repraesentat,
995 795 1052 836 seu
1076 784 1126 836 est

25 869 175 951 ligura”;
199 870 355 953 inspectis
378 873 467 937 enim
490 874 646 937 omnibus
669 875 750 937 locis
773 875 815 936 ad
839 895 914 955 quae
935 884 1126 955 provocant,

24 974 189 1054 colligitur
204 976 341 1038 verbum
357 987 484 1040 estnon
502 977 728 1058 metaphorice
744 977 883 1060 intelligi
907 979 969 1040 nisi
991 979 1126 1060 quando

24 1097 79 1150 res,
94 1078 139 1138 de
156 1081 222 1158 qua
238 1079 356 1159 agitur,
371 1080 439 1142 sive
455 1099 498 1140 ex
516 1079 637 1142 natural
654 1080 725 1155 sud,
740 1081 809 1143 sive
829 1102 873 1143 ex
896 1102 955 1142 usu
979 1081 1129 1162 loquendi

24 1192 76 1244 aut
84 1181 216 1262 praevali
232 1183 412 1258 monitione,
428 1193 479 1245 est
493 1184 637 1264 signum,
646 1184 764 1266 figura
779 1193 837 1247 aut
851 1183 1029 1263 symbolum
1045 1184 1125 1246 alte·

26 1285 85 1346 rius
106 1286 177 1360 rei;
204 1287 250 1348 sic
271 1309 299 1349 v.
319 1309 350 1370 g.
375 1287 523 1350 Platonis
541 1297 685 1350 statuam
708 1287 900 1350 exhibendo
921 1288 1030 1349 dicere
1050 1307 1125 1368 pos-

25 1407 113 1452 sum:
129 1395 146 1421 “
160 1389 213 1452 hic
228 1401 279 1453 est
292 1391 387 1456 Plato
398 1390 423 1465 ’',
435 1392 513 1472 quia
525 1400 636 1453 statua
652 1411 695 1452 ex
713 1395 831 1453 natura
847 1395 907 1452 sua
919 1399 969 1453 est
982 1391 1125 1472 signum,

26 1489 125 1570 ligura
150 1492 285 1556 alterius
312 1495 378 1574 rei;
409 1495 487 1558 item
509 1495 671 1558 somnium
694 1494 897 1574 explicando
920 1495 994 1576 quis
1016 1495 1125 1556 dicere

27 1607 155 1673 potest:
178 1597 345 1679 “Septem
369 1600 470 1661 boves
493 1599 692 1680 pulchrae...
709 1609 837 1680 septem
862 1597 1021 1660 ubertatis
1045 1595 1123 1659 anni

26 1707 98 1761 sunt
110 1685 125 1725 ⁵'
140 1712 162 1774 1,
175 1702 262 1782 quia,
273 1721 317 1764 ex
333 1723 393 1764 usu
408 1702 560 1784 loquendi
573 1712 715 1784 recept0,
728 1703 760 1763 in
778 1701 840 1763 hoc
857 1720 934 1762 casu
951 1697 1124 1782 exspeeta·

27 1811 75 1864 tur
88 1804 230 1885 alicujus
254 1806 339 1886 signi
362 1807 544 1888 explicatio
556 1828 564 1884 ;
588 1807 674 1870 idem
693 1805 758 1868 dici
782 1813 893 1886 potest
912 1805 954 1866 de
977 1803 1124 1885 explica-

27 1905 111 1968 tione
135 1918 281 1988 typorum
308 1909 349 1972 V.
373 1910 589 1983 Testamenti,
611 1908 662 1971 vel
678 1907 912 1990 parabolarum
923 1919 945 1981 ²,
971 1907 1057 1987 quia,
1080 1925 1123 1968 ex

29 2011 144 2086 praevia
162 2011 335 2074 monitione
349 2012 423 2093 plus
440 2014 591 2075 minusve
607 2010 775 2093 explicita,
792 2031 908 2072 sensus
924 2010 1124 2090 metaphori-

29 2131 79 2173 cus
95 2114 291 2177 naturaliter
306 2116 409 2178 menti
425 2135 461 2177 se
476 2114 635 2192 exhibet;
656 2115 702 2176 sic
718 2136 746 2176 v.
760 2133 789 2194 g.
805 2112 941 2193 quando
958 2112 991 2176 S.
1003 2111 1124 2174 Paulus

30 2216 110 2278 aira:
133 2218 263 2280 “Petra
288 2229 400 2282 autem
424 2219 574 2283 Christus
587 2219 625 2294 ”3
652 2218 736 2280 infra
757 2219 845 2280 enirn
873 2217 985 2278 addit:
1008 2221 1025 2250 “
1040 2215 1123 2277 Haec

30 2328 134 2381 autem
156 2320 189 2382 in
199 2321 316 2401 figura
337 2319 424 2385 farta
445 2333 522 2384 sunt
541 2322 643 2384 nostri
655 2322 679 2384 ’'.
726 2320 792 2385 Sed
813 2329 933 2401 praeter
951 2318 1011 2381 hos
1030 2327 1063 2380 et
1082 2319 1123 2378 si-

31 2422 117 2484 miles
144 2445 250 2499 casus,
272 2426 470 2489 vocabulum
495 2426 604 2499 “cst”,
626 2425 714 2506 apud
742 2421 893 2486 aud'tores
921 2433 989 2484 tam
1013 2441 1123 2484 sacros

28 2544 124 2604 quam
141 2526 307 2608 profanos,
323 2549 418 2592 suum
442 2529 623 2610 genuinum
643 2538 676 2590 et
697 2526 869 2588 litteralem
893 2544 1026 2589 sensum
1049 2525 1123 2587 reti·

31 2717 142 2784 judaicae
158 2722 305 2776 Paschatis
321 2731 472 2788 mutuasse,
481 2721 561 2791 juxta
581 2737 665 2790 quem
683 2717 886 2789 paterfamilias
905 2717 1059 2771 buccellam
1080 2734 1123 2770 su·

33 2822 105 2861 mens
124 2810 216 2878 panis,
234 2809 350 2864 aiebat:
373 2808 392 2836 ‘⁴
406 2809 460 2862 Hic
479 2819 521 2862 est
541 2805 622 2876 panis
642 2805 802 2860 afflictionis
822 2822 906 2874 quem
925 2815 1018 2872 patres
1037 2803 1124 2856 nostri

33 2896 230 2950 manducarunt
240 2897 253 2922 ¹’
267 2916 274 2959 ;
292 2913 397 2965 agnum
414 2913 526 2966 quoque
544 2895 709 2964 accipiebat,
723 2893 820 2947 dicens
834 2911 840 2946 ι
860 2893 877 2918 “
891 2892 954 2944 Hoc
968 2900 1011 2944 est
1023 2905 1124 2958 corpus

38 2981 172 3037 Paschatis
183 2981 207 3038 ''.
247 2985 304 3037 Sed
319 2982 509 3038 lllaimonides
528 2999 580 3036 nos
599 2983 681 3036 docet
694 2978 854 3050 hujusmodi
869 2978 1002 3031 formulas
1016 2975 1124 3029 adhibi·

35 3077 72 3119 tas
85 3085 139 3122 non
152 3069 239 3123 luisse
252 3070 305 3124 nisi
316 3081 378 3138 post
387 3069 548 3138 Judaeorum
562 3069 773 3137 dispersionem.
795 3067 933 3119 Caeterum
947 3065 1008 3117 haec
1022 3064 1125 3117 verba:

37 3154 110 3208 “llic
128 3167 171 3210 est
190 3157 272 3226 panis
290 3153 481 3222 afflietionis2’,
495 3157 523 3209 in
543 3173 627 3210 sensu
647 3153 766 3208 naturali
785 3162 911 3220 accepta,
925 3150 1000 3203 haud
1021 3150 1125 3218 signifi·

37 3253 109 3298 cant:
125 3245 144 3271 “
159 3244 213 3298 llic
225 3256 268 3298 est
283 3243 369 3312 figura
382 3243 462 3312 panis
473 3244 495 3308 ”,
509 3243 558 3297 sed
573 3261 578 3296 :
594 3243 683 3295 “Hoc
697 3251 739 3294 est
751 3256 841 3308 genus
856 3239 936 3307 panis
950 3254 1033 3307 quem
1047 3253 1125 3290 man·

38 3328 198 3386 ducat-erunt
212 3341 305 3400 patres
319 3330 407 3385 nostri
422 3329 449 3382 in
462 3330 508 3383 die
521 3327 681 3383 afllitlionis
691 3329 712 3381 ¹’.
730 3325 861 3395 —Quod
881 3325 918 3379 ad
936 3325 1054 3378 alteram
1073 3323 1124 3376 lor·

39 3418 132 3471 mulam
145 3417 264 3473 attinet:
284 3416 378 3472 “Hoc
392 3429 434 3474 est
447 3434 549 3487 corpus
562 3417 626 3485 agni
635 3417 658 3480 ”,
674 3425 833 3483 protestans
849 3414 1013 3479 Sclroettgen
1027 3410 1126 3478 (Horu

38 3501 165 3574 lebraicoe,
179 3518 198 3562 t.
217 3506 238 3572 l,
253 3523 278 3575 p.
292 3505 342 3576 227
357 3518 385 3560 et
398 3508 452 3576 sq.)
463 3506 636 3560 demonstrat
650 3505 678 3556 in
693 3519 821 3556 sermone
834 3497 1066 3569 syro-chaldaico,
1080 3515 1126 3549 vo·

39 3605 92 3644 cern
103 3600 202 3664 corpus
215 3594 290 3647 idem
309 3592 468 3662 significare
487 3607 520 3646 ac
540 3592 656 3644 realiter
666 3595 693 3643 el
704 3591 849 3652 veraciter,
862 3589 907 3641 vel
920 3596 950 3639 ut
963 3584 1127 3654 pronomina

39 3677 176 3748 '‘r'psemet,
195 3684 315 3752 ipsamet
322 3682 355 3745 ’',·
373 3691 401 3735 et
420 3680 485 3736 ideo
504 3680 608 3734 verba:
629 3677 719 3730 “Hoc
739 3687 781 3731 est
801 3692 901 3745 corpus
921 3669 1048 3735 meum'',
1068 3671 1090 3725 si
1110 3687 1127 3724 a

41 3770 153 3831 paschali
170 3770 291 3824 formula
310 3779 436 3822 mutuata
455 3767 580 3834 luissent,
595 3777 692 3820 contra
712 3764 897 3818 intentionem
914 3772 941 3814 et
955 3759 1126 3814 desiderium

41 3857 241 3918 protestantium
252 3854 442 3924 significarent
456 3872 462 3907 ε
482 3855 545 3908 Hoc
558 3863 600 3906 est
613 3861 725 3920 egomet
735 3852 755 3903 ”.
776 3848 912 3916 (lauant,
924 3847 976 3898 Vie
987 3846 1022 3899 de
1032 3846 1125 3914 Jesus·

43 3939 132 4010 Christ,
151 3957 179 4014 3²
191 3944 258 3998 edit.
282 3941 355 4009 1884,
376 3943 464 4009 Paris,
487 3951 505 3995 t.
525 3941 564 4004 ll,
584 3957 610 4009 p.
634 3941 694 4002 262,
713 3955 739 3992 n.
755 3953 789 4000 ²3
809 3935 919 4003 anglice
939 3951 1050 3990 versum
1070 3933 1128 3988 Thr

43 4027 128 4083 Christ
138 4032 183 4084 tlte
195 4032 254 4084 Son
266 4030 302 4095 of
309 4031 376 4096 God,
390 4029 444 4083 vol.
462 4027 500 4094 11,
511 4043 540 4097 p.
557 4043 616 4095 229,
631 4029 719 4092 note.)

75 4121 79 4140 ¹
94 4117 154 4173 Gerr.
168 4119 246 4184 XLI,
260 4119 301 4170 26.

73 4203 172 4260 attan.
189 4205 275 4269 Xlll,
288 4205 386 4272 36·39;
408 4203 501 4257 Galat.
521 4203 568 4267 IV,
584 4217 625 4266 ²4·

75 4291 112 4343 1Ι
121 4293 178 4346 Cor.
193 4293 228 4357 X,
241 4305 265 4355 4.
