2758 4652
297 176 352 224 DE
370 175 584 227 EXTREMA
606 177 788 229 UNCTION
796 180 828 226 E.
1048 177 1114 228 515

14 355 115 415 modo
142 357 302 436 operandi
331 367 381 420 est
407 357 503 419 simul
533 358 702 420 lenitivum
727 368 761 421 et
785 359 1041 439 penetrativum,
1069 359 1115 420 ita

14 458 79 520 Ex.
103 455 227 521 Unctio
252 461 353 523 modo
375 461 467 522 suavi
489 461 608 522 animae
632 463 763 525 dolores
785 461 873 536 lenit,
892 470 926 524 et
949 462 1114 542 usquead

14 560 81 621 ima
96 562 199 623 nostri
218 562 326 625 cordis
347 573 508 644 penetrat,
524 565 564 625 ad
588 563 658 644 ejus
680 584 821 646 angores
844 565 1043 646 morbosque
1059 585 1114 626 cu·

13 665 135 726 randos
151 663 203 746 (S.
227 667 281 728 Tse.
299 666 378 747 Sup.
395 687 425 747 q.
443 683 491 745 29.
509 687 536 729 a.
554 669 596 748 2).

59 781 124 868 (B)
145 785 231 848 Illud
253 786 361 848 oleum
382 785 481 849 debet
503 806 575 849 esse
597 785 637 848 ab
658 784 812 865 Episcopo
830 785 1036 860 benennam,
1051 784 1113 847 sal-

12 900 80 951 tem
98 891 129 950 in
147 889 295 951 Ecclesia
313 889 442 966 Latina,
459 910 525 953 non
542 889 648 952 solum
669 909 713 950 ex
735 888 931 950 necessitate
949 887 1114 968 precepti,

12 993 71 1052 sed
94 993 194 1054 etiam
215 994 256 1055 ad
281 994 500 1066 validitatem,
521 1002 557 1055 ut
582 1001 710 1054 constat
732 1011 775 1052 ex
796 993 931 1053 decreto
954 990 989 1052 S.
1011 989 1117 1071 Officii

11 1095 126 1174 (1842)
141 1095 339 1158 declarantis
356 1096 564 1158 temerariam
582 1105 615 1158 et
631 1095 729 1156 errori
746 1094 935 1175 proximam
952 1112 1023 1155 esse
1041 1113 1112 1173 pro·

13 1199 209 1276 positionem
226 1209 428 1260 asserentem
445 1204 460 1230 ‘⁸
471 1198 534 1261 hoc
553 1207 796 1260 sacramentum
813 1195 921 1258 valide
937 1194 1112 1257 ministrari

12 1321 109 1380 posse
133 1321 207 1362 cum
233 1301 308 1363 oleo
331 1301 510 1383 episcopali
536 1298 768 1362 benedictione
794 1319 859 1361 non
886 1309 1078 1361 consecrato
1089 1296 1112 1360 ''.

14 1401 174 1465 Attamen
191 1403 335 1485 simplex
352 1405 505 1466 sacerdos
521 1424 540 1464 a
557 1405 588 1466 S.
605 1400 764 1465 Pontifice
780 1402 924 1484 delegari
942 1413 1054 1483 posset
1070 1401 1112 1463 ad

11 1505 120 1568 oleum
138 1508 410 1582 benedicendum,
427 1519 463 1570 ut
478 1516 609 1570 constat
625 1527 668 1568 ex
686 1525 746 1568 usu
765 1506 924 1568 Ecclesiae
940 1525 1066 1587 graecae,
1080 1506 1112 1568 in

12 1617 76 1690 qua
94 1611 285 1693 presbyteri,
301 1611 463 1692 probante
482 1612 518 1673 R.
538 1610 706 1685 Pontifice,
718 1618 904 1672 extremam
921 1606 1112 1671 unctionem

13 1713 184 1776 conserunt
201 1735 275 1776 cum
292 1715 367 1776 oleo
382 1735 400 1776 a
418 1735 452 1775 se
468 1711 652 1776 beneditio.

56 1825 120 1912 (C)
136 1829 277 1910 Insuper
293 1829 507 1910 probabiliter
522 1829 677 1891 asseritur
694 1828 773 1890 illud
790 1827 899 1889 oleum
918 1826 1113 1888 benedicen-

13 1929 92 1992 dum
108 1952 179 1994 esse
195 1929 427 1994 benedictione
442 1930 578 2011 speciali,
592 1931 684 1992 itaut
697 1950 762 1992 non
777 1929 940 1991 sufficeret
957 1928 1114 1990 adhibere

13 2035 119 2097 oleum
136 2036 449 2098 catechumenorum
467 2036 516 2098 vel
535 2035 566 2099 S.
584 2034 736 2098 Chrisma
751 2047 783 2110 ¹3
809 2043 956 2096 attamen
979 2031 1010 2092 in
1034 2049 1110 2092 casu

14 2141 225 2214 necessitatis
240 2139 414 2203 deficiente
431 2139 505 2202 oleo
522 2137 735 2212 infirmorum,
752 2146 864 2219 posset
886 2135 1035 2198 adhiberi
1052 2134 1113 2196 sub

13 2245 200 2306 conditione
222 2244 426 2316 alterutrum,
445 2253 478 2305 et
496 2253 622 2324 postea,
641 2243 667 2304 si
689 2241 905 2304 moribundus
924 2238 1111 2320 supervive-

13 2356 67 2418 ret,
78 2347 196 2409 iterum
214 2347 389 2428 ungendus
404 2357 492 2409 esset
508 2367 582 2408 cum
600 2345 674 2408 oleo
690 2344 902 2418 infirmorum,
915 2343 1038 2424 pariter
1053 2340 1114 2403 sub

13 2449 208 2513 conditione.
1107 2468 1108 2472 ¹

55 2561 122 2648 (D)
142 2565 264 2628 Oleum
288 2563 492 2627 infirmorum
515 2564 614 2626 debet
636 2563 788 2624 renovari
805 2561 993 2644 quotannis
1013 2561 1113 2641 idque

12 2664 70 2725 sub
87 2665 198 2746 graru',
220 2665 337 2726 saltem
360 2667 573 2748 probabilius,
596 2677 629 2729 et
652 2679 747 2729 vetus
770 2666 1031 2728 comburendum
1054 2674 1112 2726 est.

14 2767 45 2828 si
70 2779 183 2830 autem
209 2769 319 2830 oleum
345 2771 377 2833 in
403 2791 443 2832 eo
468 2779 518 2832 est
543 2781 579 2832 ut
606 2771 695 2833 brevi
719 2769 861 2842 deficiat,
884 2771 913 2831 ci
939 2769 1111 2830 admisceri

13 2881 119 2948 potest
142 2871 254 2933 oleum
278 2871 438 2935 olivarum
462 2892 527 2935 non
553 2872 774 2946 benedittum,
797 2873 829 2934 in
856 2873 972 2934 minori
999 2881 1110 2932 tamen

12 2974 204 3049 quantitate,
220 2985 254 3036 et
271 2975 302 3037 id
321 2975 442 3056 pluries
459 2976 527 3038 fieri
544 2986 661 3057 potest.
678 3014 719 3022 —
740 2976 777 3037 ln
795 2975 868 3037 loco
884 2975 990 3036 nitido
1006 2984 1039 3036 et
1055 2975 1110 3035 de-

15 3087 123 3138 center
136 3087 256 3140 ornato
272 3089 426 3154 servetur,
438 3079 471 3141 in
489 3087 741 3159 vaseargenteo
757 3078 807 3140 vel
823 3087 972 3150 stanneo,
985 3077 1110 3157 regula·

12 3177 84 3240 riter
100 3180 131 3241 in
149 3179 286 3242 ecclesia
303 3181 353 3242 vel
370 3183 529 3255 sacristia,
545 3191 688 3263 excepto
707 3201 785 3243 casu
809 3199 875 3261 quo
899 3180 1035 3260 parochi
1051 3182 1110 3242 do·

13 3299 79 3342 mus
96 3282 237 3346 multum
255 3283 298 3346 ab
313 3285 451 3347 ecclesia
464 3284 567 3346 distat
578 3297 600 3358 ²,
611 3284 660 3346 vel
675 3286 770 3348 adest
786 3284 850 3346 alia
866 3305 966 3346 causa
982 3301 1111 3364 urgens,

12 3403 36 3444 v.
63 3406 90 3466 g.
119 3388 302 3468 periculum
336 3408 376 3449 ne
408 3387 543 3470 infirmi,
567 3399 740 3469 grassante
771 3397 876 3468 peste,
902 3394 1110 3448 sacramento

13 3489 183 3564 priventur.

45 3682 177 3753 'Triplex
190 3685 370 3755 distinguitur
383 3688 475 3740 oleum
496 3687 624 3740 santium
640 3689 666 3739 ln
683 3688 773 3740 Coena
789 3685 903 3740 Domini
917 3687 953 3740 ab
969 3685 1111 3754 Episcopo

13 3766 211 3827 benedictum:
236 3776 329 3828 oleum
357 3776 544 3843 r'nfirrrrorum,
569 3776 606 3828 ad
633 3776 809 3843 inungendos
835 3775 958 3827 infirmos
984 3785 1011 3826 et
1036 3789 1109 3825 cam-

15 3869 96 3918 panas
115 3861 263 3928 ungendas
282 3873 415 3924 externe;
441 3863 533 3916 oleum
553 3862 817 3928 careclrurrzenorum,
837 3862 875 3914 ad
894 3861 1110 3915 catechumenos

14 3953 73 3996 ante
95 3947 272 4016 baptismum
293 3950 477 4017 inungendos,
504 3965 602 4002 manus
626 3949 869 4002 neo-sacerdotum
892 3948 1109 4014 consecrandas,

15 4027 111 4087 aliasve
124 4035 350 4089 consecrationes
364 4036 567 4106 perficiendas;
586 4037 717 4101 clus'srrm,
731 4035 806 4104 quod
823 4035 971 4088 adhibetur
992 4033 1018 4087 in
1038 4037 1110 4088 Con·

16 4111 172 4187 firmatione,
186 4122 215 4174 in
229 4123 404 4176 caeremoniis
420 4121 556 4191 Baptismi
572 4133 634 4191 post
649 4121 754 4174 latiam
771 4119 954 4184 ablutionem,
971 4121 1110 4190 variisque

16 4208 274 4274 consecrationilus,
288 4227 313 4262 v.
330 4227 357 4278 g.
374 4209 478 4275 calicis,
492 4225 639 4276 campanae
652 4208 801 4276 (interius).
842 4209 885 4263 Cf.
903 4209 1012 4262 Subettr'
1023 4209 1083 4261 822.

47 4289 96 4347 ²5.
113 4296 169 4349 Rr'l.
191 4293 279 4362 Cong.
295 4295 371 4365 apud
388 4294 497 4350 Called.
514 4313 539 4348 n.
560 4312 632 4362 ¹144·
