2776 4644
387 151 443 202 DE
462 151 620 200 cnam
643 151 838 202 acrum.
1111 150 1155 200 59

60 334 73 356 '⁴
83 325 311 390 Sidixerimus
328 329 487 409 quoniam
499 339 673 410 peccatum
688 349 754 391 non
767 327 940 404 habemus,
954 329 1015 409 ipsi
1029 348 1090 390 nos
1106 349 1156 389 se-

59 428 214 502 ducimus,
230 441 263 493 et
280 433 402 494 veritas
419 433 451 494 in
469 433 566 494 nobis
582 452 648 495 non
666 441 717 494 est
730 433 744 458 ”
757 444 777 494 ¹.

95 528 143 608 65
191 533 250 615 (B)
266 533 343 595 Rar.
360 534 390 596 T
388 533 463 595 heol.
504 533 552 597 Ut
563 534 710 596 vitentur
725 534 838 597 omnia
853 534 1005 606 venialia,
1021 552 1156 595 necesse

58 643 104 693 est
114 653 232 696 omnes
245 637 449 699 tentationes
461 655 626 716 superare,
638 637 706 697 sive
719 655 836 717 graves
847 637 915 697 sive
932 636 1029 710 leves,
1039 655 1156 697 omnes

58 737 152 798 etiam
177 739 371 818 repentinos
387 739 667 820 concupiscentiae
692 749 803 801 motus
826 739 1012 819 reprimere,
1029 737 1155 800 nullam

59 837 293 917 negligentiam
316 839 349 899 in
372 838 524 918 precibus
548 838 688 918 aliisque
704 837 821 900 officiis
837 837 1033 912 admittere;
1060 839 1154 918 atqui

58 937 152 1001 homo
168 941 271 1003 etiam
282 941 392 1021 justus
402 941 465 1003 hoc
482 941 589 1003 facere
602 942 718 1022 nequit
731 941 792 1002 nisi
810 941 984 1003 facultates
1001 940 1071 1020 ejus
1082 960 1155 1023 spe·

58 1041 179 1104 cialiter
195 1041 413 1123 adjuventur;
446 1063 523 1105 nam
542 1043 683 1106 facultas
700 1044 789 1118 laesa,
805 1053 905 1125 prout
928 1054 979 1106 est
997 1043 1155 1106 voluntas

58 1153 165 1207 nostra
181 1145 215 1206 in
234 1155 322 1207 statu
340 1147 506 1226 praesenti,
522 1146 599 1208 talis
616 1145 821 1208 fortitudinis
837 1156 872 1208 et
887 1146 1085 1208 constantine
1102 1158 1153 1208 est

59 1247 196 1327 incapax
208 1271 215 1324 ;
232 1268 320 1328 ergo.

97 1349 129 1412 Si
147 1362 263 1413 autem
281 1361 449 1432 quaeratur
464 1353 635 1432 quomodo
651 1351 722 1413 haec
745 1351 813 1413 duo
830 1352 999 1414 conciliari
1017 1353 1155 1432 possint,

58 1454 176 1516 scilicet
189 1454 320 1535 justum
340 1476 405 1518 non
423 1475 521 1537 posse
538 1455 708 1518 moraliter
717 1457 823 1518 vitare
838 1457 950 1519 omnia
965 1457 1107 1519 venialia
1123 1467 1154 1519 et

58 1555 148 1617 simul
165 1577 242 1618 eum
259 1557 400 1620 liberum
417 1577 489 1618 esse
505 1558 537 1619 in
555 1557 694 1638 singulis
711 1559 857 1639 peccatis
873 1578 948 1639 quae
965 1559 1155 1632 committit,

59 1660 322 1738 respondendum
335 1669 386 1722 est
399 1659 489 1721 illam
507 1660 739 1740 impotentiam
757 1679 829 1722 esse
845 1660 999 1722 moralem
1016 1671 1155 1737 tantum,

59 1779 116 1821 non
141 1761 329 1842 physicam,
345 1783 400 1824 nec
413 1761 536 1842 afficere
550 1761 697 1842 singulos
711 1763 803 1824 alius
824 1764 856 1824 in
880 1763 1081 1844 particulari,
1097 1764 1155 1825 sed

59 1881 164 1924 eorum
181 1862 426 1940 collectionem,
437 1867 484 1929 ita
497 1876 532 1929 ut
549 1868 581 1930 in
599 1866 728 1930 aclibus
738 1867 932 1949 singulatim
946 1871 1090 1951 sumptis
1102 1890 1156 1932 ve-

61 1964 152 2027 nialia
168 1967 281 2028 omitti
298 1969 434 2049 possint

449 2101 615 2158 Corollaria
623 2101 765 2172 prollr'ca.

92 2228 127 2278 td
165 2223 216 2292 (A)
230 2225 250 2252 “
262 2222 291 2279 Si
305 2224 407 2294 gratiae
419 2225 601 2296 adjutorium
622 2235 778 2296 tantopere
798 2224 997 2281 necessarium
1014 2235 1058 2282 est
1071 2225 1157 2283 malis

62 2307 168 2364 utboni
182 2310 253 2376 sint,
268 2309 354 2366 bonis
368 2321 400 2367 ut
413 2313 550 2369 meliores
564 2313 631 2382 sint,
648 2311 822 2368 melioribus
832 2321 865 2367 ut
879 2311 1002 2382 perlecti
1014 2310 1083 2380 sint,
1092 2329 1154 2382 per·

63 2393 138 2451 fenis
150 2407 184 2453 ut
197 2408 422 2468 perseverantes
432 2399 499 2463 sint,
521 2399 661 2454 omnibus
675 2408 706 2454 nt
717 2399 797 2454 bona
811 2396 921 2454 iaciant
933 2406 963 2458 et
977 2396 1062 2466 bene,
1077 2397 1156 2454 illam

62 2481 144 2539 solam
159 2501 339 2554 quaeramus,
356 2485 435 2541 illam
450 2485 611 2556 gemitibus
631 2483 878 2542 inenarrabilibus
889 2485 1072 2555 postulemus,
1090 2493 1157 2556 quae

63 2568 116 2624 sola
128 2579 171 2627 est
190 2574 252 2642 qua
273 2589 396 2642 egemus
407 2572 422 2596 '¹
433 2579 451 2628 ².
492 2572 609 2629 Revera
621 2573 715 2628 orabo
728 2581 772 2629 est
786 2570 934 2642 optimum
949 2581 978 2628 et
991 2572 1157 2630 efficacissi-

62 2671 134 2711 mum
148 2658 283 2716 medium
298 2676 359 2729 quo
367 2659 461 2730 gratia
473 2659 601 2717 obtineri
616 2669 723 2731 potest,
738 2661 821 2729 juxta
835 2657 907 2715 illud
922 2659 1031 2716 Christi
1044 2659 1156 2730 ipsius:

64 2741 176 2801 “Petite
189 2755 218 2802 et
232 2743 353 2802 dabitur
365 2745 466 2815 vobis;
485 2745 608 2816 quaerite
622 2755 651 2803 et
665 2745 834 2816 invenietis;
853 2744 978 2816 pulsate,
995 2755 1025 2802 et
1037 2746 1152 2818 aperie-

63 2836 103 2882 tur
112 2829 202 2887 vobis
226 2831 334 2889 Omnis
343 2832 423 2888 enim
433 2833 482 2904 qui
495 2832 569 2904 petit
579 2831 698 2904 accipit,
708 2843 736 2889 et
746 2832 796 2903 qui
808 2831 912 2903 quaerit
922 2831 1042 2900 invenit,
1053 2843 1082 2888 et
1093 2832 1157 2903 pul·

65 2915 130 2970 santi
140 2917 288 2987 aperietur
298 2916 340 2972 ''³.
381 2917 458 2990 Quae
471 2918 593 2989 quidem
607 2919 702 2975 oratio
716 2918 810 2975 multo
823 2917 971 2974 efficacior
984 2917 1046 2988 erit,
1058 2917 1081 2974 si
1094 2935 1157 2989 gra-

64 3000 124 3057 tiam
139 3005 324 3074 postulemus
337 3023 390 3076 per
403 3005 565 3074 Christum,
578 3024 672 3076 quum
686 3017 714 3063 et
729 3005 792 3076 ipse
804 3007 841 3062 sit
855 3022 943 3062 causa
957 3006 1057 3076 gratiae
1071 3006 1156 3063 meri-

64 3087 137 3158 toria,
153 3107 188 3147 ex
200 3090 290 3148 dietis
304 3091 333 3147 in
352 3091 401 3149 Tr.
413 3092 446 3148 de
462 3092 548 3148 Verbo
560 3093 679 3148 lncarn.
697 3094 736 3162 (n.
753 3095 805 3147 208
818 3095 874 3162 sq).
916 3092 998 3148 Hinc
1013 3093 1084 3164 lpse
1096 3093 1155 3150 ait:

66 3172 306 3247 “Quodcumque
320 3178 461 3248 petieritis
476 3179 591 3236 Patrem
607 3179 636 3234 in
651 3179 772 3235 nomine
786 3196 862 3247 meu,
879 3177 937 3234 hoc
948 3178 1087 3234 inciam...
1127 3177 1157 3235 Si

65 3259 128 3326 quid
138 3263 280 3331 petieritis
290 3262 376 3320 mein
386 3263 658 3332 nominemeo,hoc
670 3263 825 3321 taciam''⁴.
862 3264 973 3321 lterum
986 3264 1078 3334 gratia
1087 3282 1156 3320 cum

65 3341 216 3403 lrrnrililate
235 3349 417 3420 postuletur;
446 3365 537 3420 quum
557 3350 638 3406 enim
660 3351 766 3406 nostris
789 3349 902 3407 meritis
921 3367 981 3406 non
1002 3349 1155 3416 debeatur,

66 3429 111 3484 sed
122 3434 248 3500 gratuito
262 3433 458 3506 dispensetur,
471 3435 560 3492 veluti
575 3435 697 3491 mendici
706 3435 760 3492 Dei
772 3453 886 3502 sumus;
906 3436 1036 3506 ideoque
1051 3447 1157 3493 nostrae

68 3511 226 3586 indigentiae
246 3531 274 3576 et
295 3519 478 3590 indignitatis
498 3522 618 3589 conscii,
635 3521 786 3578 humiliter
807 3531 945 3593 petamus
966 3521 997 3578 id
1016 3522 1055 3578 ad
1074 3521 1156 3592 quod

989 3649 1157 3658 —n-——-

97 3713 133 3764 1Ι.
140 3714 203 3780 son.
221 3733 243 3779 1,
255 3714 280 3768 8.
294 3746 329 3754 —
340 3717 422 3783 Saepe
441 3714 527 3768 etiam
547 3715 706 3782 allegantur
718 3715 804 3768 verba
817 3715 955 3766 Proverb.
972 3713 1082 3776 XXIV,
1102 3715 1133 3767 16
1150 3732 1155 3768 :

70 3792 190 3864 “Septies
204 3801 245 3865 (in
263 3801 319 3867 die)
333 3802 416 3855 cadet
425 3800 519 3869 justus
532 3811 561 3853 et
575 3811 700 3868 resurget
708 3802 742 3865 ’¹3
761 3801 823 3854 haec
837 3811 933 3855 autem
947 3817 1004 3854 non
1027 3802 1156 3869 probant,

71 3888 119 3934 lum
130 3886 192 3953 quia
205 3889 235 3939 in
248 3888 292 3940 die
305 3904 363 3940 non
376 3887 511 3955 repetitur
523 3885 550 3939 in
566 3897 651 3952 textu,
665 3896 725 3939 tum
738 3886 804 3955 quia
816 3886 961 3954 Scriptura
973 3886 1157 3954 hypothetice

70 3964 184 4038 loquitur,
200 3973 253 4027 boc
266 3975 324 4029 sere
338 3975 424 4028 modo
440 3991 446 4026 :
476 3973 498 4027 si
508 3975 602 4042 justus
612 3974 707 4041 cadat,
724 3984 860 4042 resurget.

100 4057 158 4110 'lta
170 4060 331 4129 Contenrrm,
348 4061 446 4114 Theol.
460 4061 477 4114 l.
492 4061 507 4114 8
522 4060 557 4114 de
573 4062 636 4115 Deo
651 4060 742 4129 primo
760 4069 878 4127 motore,
891 4059 960 4114 diss.
979 4061 1018 4128 ll,
1033 4076 1108 4128 spec.
1129 4076 1154 4128 3,

72 4142 180 4199 consen.
197 4159 221 4213 7,
233 4147 354 4202 reflexio.

102 4229 195 4286 ³illati.
212 4234 276 4298 Vll,
294 4236 346 4304 7-8.
359 4227 480 4304 -⁴Joa.
497 4235 576 4298 XlV,
595 4248 681 4303 13-14.
