2770 4646
278 143 339 194 102
713 143 853 196 CAPUT
870 144 931 192 111,

1201 257 1368 268 ——v-s

273 324 379 403 gratia
407 324 486 404 ipsa,
510 343 586 384 nam
615 321 785 386 charadter
812 324 883 385 sine
908 325 1016 405 gratia
1041 324 1249 406 imprimitur,
1274 327 1368 403 eaqur

273 427 402 501 amissa,
413 436 601 507 permanet;
619 447 684 488 non
699 421 787 490 attio
798 428 1056 504 sacramentalis,
1068 448 1144 509 quae
1158 429 1286 502 transit,
1301 427 1368 489 dun

273 527 441 592 character
458 539 570 592 manet
585 551 592 606 ;
616 549 696 610 ergo
714 528 885 593 charadter
902 550 968 592 non
986 541 1037 594 est
1055 531 1178 594 relatio.

316 649 364 719 74.
411 653 447 702 2⁰
475 640 706 704 Communiter
734 651 850 703 tenent
877 641 1023 723 theologi
1052 640 1278 706 characterem
1308 659 1368 702 esst

274 744 419 825 aliquam
444 743 650 825 qualitatem,
675 745 733 806 sed
756 745 946 827 disputatur
969 756 1078 808 utrum
1102 747 1145 809 sit
1168 745 1304 808 habitus
1330 745 1368 804 re]

274 846 427 928 potentia.
479 845 685 908 Probabilius
712 847 813 909 etiam
840 848 1027 911 admittitur
1052 846 1277 911 charatterem
1308 865 1368 908 esst

273 948 417 1030 aliquam
425 947 605 1028 potentiam
620 948 824 1028 spiritualem
841 962 871 1014 rt
885 954 1172 1033 supernaturalem,
1185 974 1249 1015 non
1263 962 1368 1014 autern

274 1054 445 1131 habitum;
470 1055 515 1115 ita
538 1053 581 1116 D.
604 1053 744 1117 Thomas
767 1055 929 1138 multique
953 1057 1008 1118 alii
1032 1068 1147 1126 contra
1170 1056 1368 1132 Suarezium

274 1156 350 1220 na'm
373 1157 506 1221 habitus
525 1177 590 1219 non
609 1167 719 1238 potest
743 1177 814 1220 esse
840 1157 1029 1221 indifferens
1052 1159 1093 1222 ad
1117 1160 1240 1222 bonum
1257 1170 1291 1221 et
1310 1179 1368 1219 ma*

273 1262 339 1324 lum
357 1283 364 1337 ;
388 1263 445 1325 sed
463 1261 705 1324 determinatur
724 1263 774 1323 vel
799 1262 840 1323 ad
866 1261 1000 1336 bonum,
1017 1264 1042 1324 si
1067 1264 1109 1324 sit
1133 1264 1247 1338 bonus,
1264 1263 1316 1324 vel
1333 1259 1368 1322 ad

268 1365 405 1440 malum,
418 1367 447 1428 si
465 1365 571 1427 malus
588 1366 630 1426 sit
645 1387 651 1442 ;
675 1365 767 1445 atqui
784 1362 955 1428 charadter
970 1378 1020 1428 est
1036 1388 1079 1428 ex
1096 1387 1132 1428 se
1146 1367 1227 1448 quid
1245 1364 1366 1428 indiffe-

272 1489 346 1531 rens
359 1468 400 1530 ad
415 1468 550 1543 bonum,
560 1466 611 1529 vel
625 1468 667 1529 ad
683 1467 825 1544 malum;
842 1488 919 1530 nam
937 1470 1071 1550 quidam
1089 1469 1183 1544 bene,
1195 1469 1249 1531 alii
1262 1477 1364 1530 autern

272 1571 359 1633 male
376 1591 415 1632 eo
431 1580 578 1644 utuntur,
591 1581 627 1632 ut
639 1573 847 1652 experientia
859 1582 991 1635 constat
1005 1597 1011 1653 ;
1026 1567 1114 1653 ¹ergo
1126 1571 1294 1636 character
1307 1591 1363 1633 non

272 1685 322 1736 est
345 1674 484 1749 habitus,
500 1675 557 1736 sed
582 1676 733 1754 potentia
756 1695 813 1737 seu
838 1675 976 1738 facultas
1001 1675 1226 1739 ministerialis
1248 1675 1362 1756 aliquid

269 1796 402 1840 sacrum
420 1776 603 1856 accipiendi
620 1777 671 1841 vel
689 1779 808 1858 agendi
822 1791 842 1841 ¹.

314 1891 363 1958 75.
413 1891 447 1957 3⁰
473 1878 738 1942 Controvertitur
769 1891 879 1943 autem
912 1893 1021 1944 utrum
1053 1881 1224 1946 charatier
1249 1882 1301 1944 ille
1327 1881 1360 1939 sit

272 1982 422 2064 potentia
430 1981 565 2062 physica
581 1981 632 2043 vel
650 1983 803 2056 litoralia·
819 2005 894 2065 quae
907 1986 1047 2066 quaestio
1059 1984 1168 2047 affinis
1181 1995 1358 2049 est-contro

268 2087 385 2148 versiae
412 2085 454 2148 de
479 2086 674 2148 causalitate
699 2088 837 2168 physica
861 2081 912 2151 vel
940 2081 1357 2152 morali'sacramentorum.

272 2191 443 2273 Quidquid
455 2189 683 2266 sit,chara8ter
693 2212 753 2254 nos
765 2183 1102 2276 configurat'Christq
1109 2213 1176 2256 non
1190 2194 1355 2255 secundum

271 2296 522 2357 similitudinem
542 2305 668 2357 naturce
683 2287 787 2377 (quod
802 2296 838 2358 fit
851 2318 910 2378 per
926 2297 1066 2378 gratiam
1083 2284 1355 2364 sanitificantemi

271 2400 327 2460 sed
346 2418 403 2478 per
419 2397 669 2459 similitudinem
688 2400 840 2474 numeres,
857 2411 1020 2480 quatenus
1041 2409 1092 2462 est
1106 2400 1254 2480 quoedam
1263 2396 1352 2481 parti·

270 2501 384 2582 ripario
406 2501 577 2563 sacerdotii
601 2500 731 2576 Clm‘sti,
748 2524 788 2564 eo
811 2524 909 2566 sensu
933 2501 1030 2586 quod
1047 2523 1108 2566 nos
1132 2505 1235 2566 cultui
1258 2503 1352 2565 divino

271 2615 451 2680 consecrat,
476 2603 637 2685 nobisque
662 2605 762 2667 tradit
786 2609 966 2686 quamdam
992 2617 1195 2688 potestatem
1220 2601 1349 2687 respeclu

271 2715 553 2769 sacramentorum
570 2731 577 2786 ;
601 2717 750 2770 attamen
769 2708 932 2790 Baptismi
951 2719 985 2798 et
1001 2708 1270 2773 Confirmationis
1291 2708 1349 2769 cha-

270 2807 375 2873 radiet
398 2829 459 2872 nos
483 2829 549 2872 non
575 2810 654 2873 iacit
679 2813 875 2888 sacerdotes,
900 2814 960 2900 nisi
986 2813 1054 2875 lato
1077 2833 1185 2888 sensu,
1206 2823 1349 2894 quatenus

270 2914 365 2975 nobis
392 2921 593 2994 potestatem
622 2914 722 2976 tradit
743 2916 876 2994 passive
899 2926 1029 2979 tantum
1056 2927 1264 2982 sacramenta
1289 2915 1348 2978 reci·

269 3016 381 3098 piendi
396 3039 403 3093 ;
427 3016 517 3076 solus
534 3017 748 3078 sacerdotalis
772 3017 938 3082 charadter
955 3019 1106 3086 homines
1122 3018 1223 3082 efficit
1240 3017 1348 3102 proprie

270 3118 437 3199 loquendo
461 3119 838 3212 participesnsacerdotii
865 3122 995 3199 Christi,
1020 3129 1185 3205 quatenus
1210 3124 1287 3206 ipsis
1306 3124 1348 3183 dat

269 3213 461 3304 'facultatem
478 3221 581 3283 alir‘ve
597 3233 804 3286 sacramenta
822 3225 1041 3289 ministrandi.

596 3383 666 3440 111.
692 3383 746 3442 De
769 3385 854 3456 ejus
876 3383 1045 3458 dotibus.

310 3523 360 3602 76.
411 3537 442 3585 1⁰
459 3522 721 3586 indivisibilitas.
770 3511 946 3595 CharaHer
962 3511 1209 3594 sacramentalis
1223 3543 1269 3594 est
1280 3527 1345 3592 indi·

268 3627 415 3701 visibilis,
430 3649 484 3690 seu
506 3647 559 3688 nec
578 3628 700 3707 augeri,
717 3648 771 3689 nec
791 3629 899 3690 vrr'nm'
912 3615 1022 3709 potest.
1064 3629 1205 3696 'Certum
1227 3644 1282 3696 est.
1320 3628 1344 3691 s'i

269 3729 355 3790 enim
371 3731 483 3810 augeri
502 3729 551 3790 vel
569 3730 671 3791 minui
697 3742 817 3812 posset,
834 3741 920 3796 esset
942 3733 992 3794 vel
1015 3746 1150 3816 propter
1162 3737 1343 3818 ⁴inaequalem

269 3829 406 3908 subjetii
424 3833 685 3912 dispositionem,
705 3834 753 3894 vel
775 3846 909 3916 propter
931 3838 1129 3900 sacramenti
1150 3833 1343 3903 iterationem.

270 3933 320 3992 vel
338 3943 472 4014 propter
488 3935 635 4014 ejusdem
653 3937 843 3998 variabilem
860 3937 1111 4025 efficacitatem.;
1126 3944 1222 4024 „atqui
1239 3941 1342 4006 nullum

270 4054 312 4094 ex
329 4035 380 4096 his
397 4035 459 4097 dici
478 4048 588 4116 potest
604 4061 621 4114 ;¹
634 4060 700 4101 non
719 4041 871 4121 primum,
883 4041 961 4122 quia
974 4041 1143 4106 character
1158 4046 1278 4108 nullam
1292 4043 1341 4104 dis·

308 4246 315 4268 ¹
330 4243 359 4292 S.
380 4241 406 4292 T
404 4241 484 4308 donn,
498 4243 514 4295 l.
529 4260 552 4296 c.
566 4261 589 4297 a.
605 4261 634 4310 ²3
655 4247 751 4314 Billot,
765 4249 802 4301 th.
816 4250 858 4302 Xl
