2808 4664
228 192 293 244 ⁷³0
500 192 556 242 ΒΕ
576 192 658 244 DEO
677 194 1048 246 REMUNERATORE.

225 374 266 436 sti
282 374 325 436 ad
343 373 467 436 bonum
487 372 649 437 latronem
670 398 677 436 :
701 375 827 438 “hodie
844 395 974 438 mecum
991 375 1054 438 eris
1072 377 1104 437 in
1121 375 1281 456 paradiso
1291 375 1324 451 ”;

226 498 303 541 nam
327 478 498 558 paradisus
521 480 563 540 de
586 498 653 560 quo
676 479 785 560 agitur
805 480 885 542 nihil
910 479 1000 542 aliud
1023 489 1074 541 est
1098 480 1160 541 nisi
1185 499 1323 560 regnum

125 584 129 594 '
228 581 299 656 Dei,
316 601 373 642 seu
397 581 480 643 visio
503 581 669 656 beatifica,
682 582 783 663 juxta
808 584 942 646 Patrum
968 584 1278 664 interpretationem
1293 596 1326 658 ¹3

227 686 273 766 (c)
288 705 331 746 ex
348 685 456 748 verbis
475 684 509 747 S.
527 684 632 746 Pauli
642 697 656 726 2
669 706 680 746 .·
704 683 892 749 “coaretor
908 696 1019 749 autem
1044 706 1064 748 a
1087 685 1220 749 duobus
1239 711 1245 748 :
1269 688 1325 748 de·

225 787 380 850 siderium
404 787 531 850 habens
547 786 683 849 dissolvi
700 798 734 851 et
750 808 821 851 esse
837 809 912 851 cum
931 789 1064 853 Christo
1087 789 1194 851 multo
1220 791 1325 871 magis

226 891 363 968 melius;
398 910 591 972 permanere
614 900 725 954 autem
755 890 910 952 incarne
939 889 1161 952 necessarium
1189 901 1325 972 propter

225 993 325 1070 vos’';
348 992 560 1056 desiderabat
576 991 676 1072 igitur
687 992 872 1072 Apostolus
889 992 986 1054 citius
998 993 1082 1054 mori
1097 1001 1131 1054 ut
1144 1003 1233 1054 esset
1249 1013 1323 1054 cum

226 1095 367 1172 Christo,
383 1095 401 1158 i.
417 1115 443 1158 e.
461 1096 492 1158 in
510 1094 596 1157 coelo
612 1105 645 1158 et
662 1093 814 1157 beatifica
831 1096 957 1158 visione
979 1097 1139 1158 frueretur
1153 1118 1160 1173 ;
1183 1116 1283 1177 porro
1298 1099 1324 1158 si

225 1198 296 1261 haec
312 1197 443 1260 nonnisi
468 1198 500 1260 in
526 1196 590 1259 fine
608 1199 723 1261 mundi
746 1199 889 1261 obtineri
912 1200 1089 1280 potuisset,
1105 1198 1173 1262 tale
1196 1201 1326 1263 deside-

225 1301 309 1363 rium
326 1320 460 1381 prorsus
472 1298 588 1362 inutile
605 1299 727 1376 luisset,
741 1321 843 1382 quum
857 1301 970 1364 statim
988 1310 1064 1382 post
1081 1311 1222 1364 mortem
1236 1322 1325 1364 corn·

225 1403 306 1486 pleri
324 1405 461 1466 minime
477 1403 649 1484 potuisset

266 1519 315 1584 62.
365 1517 527 1599 Obsi'citur
550 1517 685 1598 quidem
708 1516 868 1600 loannem
892 1519 1011 1582 XXII
1029 1520 1183 1586 docuisse
1211 1518 1327 1582 beatos

226 1625 356 1686 nonnisi
373 1635 449 1706 post
465 1621 735 1686 resurredlionem
750 1620 902 1684 intuitiva
915 1622 1042 1684 visione
1054 1622 1233 1684 donandos
1245 1643 1326 1685 esse

227 1728 293 1792 Sed
318 1729 479 1810 imprimis
503 1727 629 1791 certum
653 1735 704 1787 est
726 1743 802 1786 eum
818 1722 912 1785 banc
936 1721 1123 1786 doctrinam
1146 1745 1190 1786 ex
1215 1726 1328 1788 cathe-

225 1832 284 1894 dra
301 1850 366 1892 non
383 1831 555 1907 docuisse;
578 1848 680 1911 quum
704 1845 754 1888 res
777 1846 838 1889 suo
861 1835 1011 1908 tempore
1032 1828 1118 1890 inter
1134 1827 1328 1891 Francisca-

226 1955 286 1996 nos
298 1943 331 1996 et
345 1933 584 1995 Dominicanos
600 1931 789 2012 agitaretur,
802 1942 838 1993 ut
853 1931 1001 2012 privatus
1017 1929 1136 1994 doctor
1153 1933 1185 1993 in
1203 1952 1331 1996 sermo-

226 2038 322 2099 nibus
338 2036 507 2116 utriusque
519 2033 685 2116 opinionis
701 2043 898 2114 argumenta
915 2034 1061 2116 protulit,
1073 2043 1107 2097 et
1123 2035 1330 2116 quibusdam

226 2143 313 2203 visus
325 2149 375 2202 est
393 2140 424 2201 in
438 2140 637 2202 sententiam
651 2139 693 2201 de
705 2137 865 2200 dilatione
878 2137 1011 2199 visionis
1028 2147 1190 2218 tanquam
1208 2140 1330 2219 proba-

225 2244 374 2307 biliorem
400 2244 627 2324 propendere;
659 2243 717 2305 sed
743 2250 850 2304 morte
875 2249 1072 2322 praeventus,
1095 2241 1141 2302 nil
1166 2240 1331 2319 definivit,

225 2349 292 2410 imo
309 2348 405 2409 morti
431 2347 603 2428 proximus
619 2365 658 2408 ea
673 2342 863 2408 retractavit
879 2364 954 2426 quae
978 2355 1014 2407 ut
1037 2345 1187 2425 privatus
1203 2344 1325 2410 doeior

225 2451 286 2512 hac
302 2451 344 2513 de
361 2469 395 2511 re
410 2449 543 2511 dixerat
554 2461 575 2510 ³.

266 2551 317 2630 63.
364 2566 398 2632 30
417 2552 470 2616 De
486 2550 635 2630 objecto.
684 2550 820 2632 Duplex
837 2560 888 2613 est
903 2548 1039 2612 visionis
1055 2549 1221 2612 beatificae
1236 2551 1333 2631 obje-

224 2653 315 2719 ctum
334 2675 341 2718 :
366 2655 556 2736 primarium
574 2664 624 2716 est
642 2654 733 2718 Deus
750 2655 820 2736 ipse
839 2653 896 2735 qui
918 2655 950 2715 in
971 2654 1082 2734 seipso
1098 2655 1255 2732 videtur;
1279 2676 1332 2717 se-

224 2759 417 2823 cundarium
435 2767 545 2820 autern
570 2767 647 2820 sunt
671 2768 828 2819 creaturae
844 2776 919 2837 quae
936 2777 956 2819 a
973 2756 1086 2818 Beatis
1102 2757 1135 2817 in
1155 2757 1231 2819 Deo
1247 2778 1330 2839 cog-

259 3009 266 3040 ¹
282 3008 297 3033 “
308 3005 458 3060 Paradisus
472 3015 514 3058 est
534 3005 642 3072 triplex.
683 3005 765 3058 Unus
784 3003 932 3072 paradisus
952 3003 1091 3058 terrestris
1111 3004 1139 3056 in
1160 3022 1217 3075 quo
1232 3005 1333 3060 Adam

224 3095 331 3163 positus
351 3104 401 3147 est.
442 3093 521 3145 Alius
540 3091 692 3161 corporalis
712 3090 844 3152 coelestis,
860 3106 898 3144 sc.
915 3090 1018 3143 coelum
1031 3106 1206 3158 empyreum.
1247 3093 1334 3146 Alius

223 3179 384 3250 spiritualis,
402 3195 440 3232 sc.
456 3178 546 3246 gloria
565 3178 600 3231 de
619 3178 725 3231 visione
741 3177 813 3240 Dei;
833 3187 860 3230 et
880 3176 915 3229 de
935 3177 989 3230 isto
1009 3178 1142 3246 paradiso
1163 3179 1334 3248 intelligitur

223 3269 298 3339 quod
311 3269 451 3321 Dominus
464 3265 564 3319 latroni
579 3265 657 3330 dixit,
665 3265 731 3332 quia
741 3265 845 3330 statim,
854 3262 969 3333 peracta
980 3264 1120 3334 passione,
1129 3277 1158 3322 et
1172 3268 1233 3336 ipse
1244 3269 1332 3335 latro,

172 3421 174 3426 Ι
223 3368 250 3410 et
265 3373 373 3421 omnes,
387 3355 433 3425 qui
448 3355 475 3408 in
491 3354 591 3407 Limbo
607 3353 720 3404 Parrum
734 3361 823 3416 erant,
838 3351 930 3403 Deum
944 3367 993 3419 per
1005 3353 1160 3405 essentiam
1174 3353 1309 3409 viderunt
1321 3357 1336 3380 ff

224 3443 565 3512 (S.Tli.in2dist.22,q.
579 3459 603 3493 2.
617 3458 643 3493 a.
658 3456 718 3508 r.q.
732 3439 766 3492 cl.
780 3440 816 3507 3).

259 3531 356 3584 ²l’lril.
374 3531 396 3596 l,
410 3543 452 3595 23.

257 3617 296 3648 ³“
307 3619 440 3672 Fatemur
452 3628 480 3671 et
494 3616 643 3677 credimus,
659 3613 734 3682 quod
754 3615 856 3667 animae
876 3625 1002 3684 purgatae
1019 3625 1160 3684 separatae
1173 3633 1191 3670 a
1205 3618 1336 3688 corpori-

223 3707 275 3759 bus
289 3717 353 3758 sunt
367 3706 394 3757 in
409 3705 634 3772 coelo,coelorum
648 3718 734 3768 regno
747 3713 775 3755 et
789 3701 921 3770 paradiso
931 3711 959 3755 et
971 3717 1036 3754 cum
1045 3701 1160 3755 Christo
1174 3703 1203 3755 in
1213 3719 1336 3757 consor-

224 3792 262 3845 tio
272 3792 444 3858 Angelorum
457 3799 643 3860 congregatae,
652 3798 680 3844 et
694 3789 790 3842 vident
802 3791 894 3843 Deum
903 3805 936 3842 ac
947 3787 1072 3842 divinam
1085 3789 1242 3844 essentiam
1258 3792 1338 3845 facie

223 3877 259 3930 ad
274 3877 373 3930 faciem
387 3877 487 3931 clare...
526 3878 555 3930 Si
569 3893 635 3930 vero
649 3875 704 3927 alia
717 3891 751 3927 ac
764 3873 845 3928 aliter
855 3875 930 3928 circa
940 3874 1087 3929 materiam
1101 3876 1269 3946 hujusmodi
1285 3896 1338 3947 per

224 3979 275 4014 nos
294 3961 379 4024 dieta,
397 3963 549 4030 praedicata
567 3979 615 4016 seu
634 3961 739 4030 scripta
758 3963 869 4017 luerunt
887 3979 1000 4032 quoquo
1013 3963 1108 4026 modo,
1124 3964 1174 4018 illa
1192 3965 1335 4026 diximus,

226 4045 441 4113 praedicavimus
461 4065 510 4101 seu
530 4049 691 4118 scripsimus
711 4049 855 4103 recitando
868 4048 945 4103 dicia
959 4050 986 4103 S.
1002 4049 1155 4116 Scripturte
1168 4063 1197 4104 et
1211 4051 1337 4106 Sancto-

227 4146 298 4191 rum,
314 4139 340 4182 et
354 4131 523 4185 conferendo
536 4145 564 4187 et
576 4151 633 4187 non
646 4136 861 4190 determinando
875 4153 926 4189 nec
939 4137 1027 4190 etiam
1040 4138 1165 4191 tenendo
1179 4157 1185 4192 :
1206 4142 1291 4194 etsie
1305 4153 1334 4193 et

223 4229 280 4265 non
294 4214 374 4266 aliter
387 4215 434 4267 illa
442 4218 567 4272 volumus
580 4235 643 4274 esse
653 4221 729 4276 dicta
738 4224 758 4276 ”.
798 4225 861 4294 (Ap.
872 4225 1060 4294 Rnynaldum,
1071 4223 1201 4280 Annales
1212 4231 1329 4294 eccles,

224 4294 260 4345 ad
273 4310 378 4347 annum
395 4299 526 4362 1331-34).
