2752 4648
243 178 310 232 ³46
411 223 415 234 .
700 181 839 233 cat’u'r
857 183 881 231 1.

240 356 334 422 bilem
358 367 520 436 naturam,
533 369 775 440 permanentem
798 369 864 424 uon
888 361 1095 425 desinentem
1112 362 1326 443 proprietatnn

241 471 369 524 era-tune
381 463 476 543 panis
493 472 526 526 et
541 464 608 525 vini
621 476 654 541 ῐ;
676 475 709 528 ct
726 465 868 546 insuper,
884 473 1000 528 contra
1015 466 1324 548 Monophysitasar-

241 573 380 644 guentes
396 585 440 628 ex
457 566 605 628 realitate
621 569 818 648 quantitatis
833 577 866 630 et
882 569 1080 649 qualitatum
1103 571 1198 651 panis
1213 579 1245 632 et
1260 569 1324 639 vini,

241 667 342 730 etiam
358 671 606 732 consecratione
623 667 719 745 satta,
732 671 915 734 realitatem
932 671 1087 734 humana:
1104 683 1230 736 naturae
1246 673 1326 736 Chri-

241 773 283 836 sti
300 782 375 853 post
391 775 547 836 unionem
564 773 811 857 hypostaticam
828 774 973 838 inserunt
988 786 1022 838 et
1035 776 1248 852 declarant²;
1263 795 1325 856 qua

241 877 381 958 quidem
389 878 502 940 omnia
514 878 689 941 manifeste
704 875 903 958 objec'livam
920 881 1140 943 accidentium
1158 881 1325 943 realitatem

241 989 443 1060 supponunt.
992 1035 994 1042 .

241 1081 289 1163 (c)
312 1080 514 1146 Autloritati
538 1082 693 1160 Ecclesia,
714 1103 790 1164 quae
814 1084 847 1145 in
871 1104 962 1146 conc.
987 1084 1233 1148 Constantiensi
1254 1087 1327 1148 duos
1358 1121 1359 1154 r

241 1185 396 1249 articulos
413 1186 555 1249 Wicleffi
578 1187 772 1249 damnavit:
796 1186 1019 1250 “Substantia
1042 1187 1138 1269 panis
1161 1188 1326 1250 materialis
1358 1173 1359 1230 l

241 1299 274 1353 et
300 1291 450 1353 similiter
473 1292 660 1354 substantia
682 1291 749 1353 viui
775 1288 953 1353 materialis
976 1301 1149 1352 remanent
1175 1291 1205 1352 in
1233 1309 1328 1352 sacra-
1358 1341 1359 1344 η

243 1403 356 1456 mento
381 1393 515 1470 altaris,
545 1394 730 1457 accidentia
756 1393 853 1474 panis
879 1411 945 1454 non
974 1401 1121 1455 manent'
1136 1393 1206 1456 sine
1230 1393 1327 1473 subje-

242 1493 296 1558 tto
317 1496 349 1558 in
373 1496 491 1559 eodem
516 1506 726 1559 sacramento
736 1495 773 1575 ”3
797 1492 1052 1558 contraditioria
1072 1495 1171 1577 igitur
1187 1516 1262 1559 vera
1278 1505 1327 1568 cst,

242 1619 283 1660 sc
294 1598 479 1661 accidentia
491 1601 586 1682 panis
600 1607 737 1662 manent
748 1599 819 1660 sine
832 1594 1012 1678 subjettoa.
1047 1597 1136 1660 Huic
1147 1599 1270 1661 accedit
1281 1617 1326 1659 au·

242 1698 377 1764 &oritas
398 1701 605 1766 Tridentini:
628 1699 867 1765 “manentibus
890 1700 1057 1762 duntaxat
1072 1701 1225 1780 speciebus
1240 1701 1324 1782 panis

242 1812 276 1869 et
290 1804 358 1866 vini
368 1805 405 1880 ”;
428 1815 507 1867 tunc
523 1806 611 1868 enim
633 1804 789 1886 temporis
801 1823 868 1866 vox
884 1805 996 1884 spea'es
1008 1824 1110 1868 unum
1121 1803 1327 1886 significabat,

242 1906 378 1988 quando
392 1908 589 1970 substantiae
605 1908 846 1989 opponebatur,
860 1928 899 1969 sc.
915 1907 1091 1970 accidentia
1104 1907 1266 1971 sensibilia
1280 1925 1327 1986 per

244 2013 490 2094 oppositionem
507 2015 549 2076 ad
567 2014 693 2095 species
710 2032 793 2075 mm
810 2011 1039 2076 intentionales.
1086 2012 1186 2094 Quod
1209 2011 1327 2074 aliunde
1359 2021 1360 2078 ζ

241 2115 364 2179 diserte
386 2117 567 2197 exponitur
587 2136 607 2177 a
633 2114 829 2179 catechismo
854 2115 940 2179 Conc.
963 2115 1106 2180 Tn'den.
1125 2117 1180 2197 (de
1203 2115 1327 2178 Euchar.

243 2240 272 2282 n.
284 2221 362 2300 44);
383 2220 562 2283 “Tertium
580 2228 683 2282 restat
699 2219 788 2300 quod
806 2219 838 2280 in
854 2218 916 2280 hoc
933 2228 1141 2281 sacramento
1157 2219 1326 2282 maximum

242 2333 341 2406 atque
362 2322 556 2387 admirabile
579 2323 739 2397 videatur,
761 2323 851 2403 quod
874 2322 1009 2402 quidem
1027 2322 1098 2402 jam
1118 2323 1247 2386 duobus
1266 2321 1327 2384 aliis

242 2427 427 2509 explicatis,
440 2427 568 2490 facilius
580 2447 600 2489 a
613 2427 800 2508 pastoribus
817 2422 949 2488 traiiari
966 2445 1063 2507 posse
1077 2425 1324 2490 existimandum
1360 2471 1361 2478 .

242 2538 301 2606 est,
312 2531 407 2610 panis
419 2529 574 2594 videlicet
590 2529 705 2593 etvini
721 2530 835 2609 species
850 2529 882 2592 in
899 2528 961 2590 hoc
977 2539 1186 2593 sacramento
1200 2531 1267 2592 s‘ine
1280 2527 1326 2590 ali·
1360 2481 1361 2544 l

242 2635 360 2711 quare
381 2631 530 2712 subjeita
551 2642 725 2695 constare:
752 2651 828 2694 nam
853 2651 928 2694 cum
952 2641 1051 2694 antea
1073 2631 1324 2696 demonstratum
1360 2645 1361 2650 ¹

242 2735 285 2797 sit
300 2753 419 2815 corpus
436 2735 573 2798 Domini
590 2744 623 2798 et
639 2735 835 2816 sanguinem
850 2755 924 2798 vere
936 2735 968 2796 iu
981 2746 1192 2800 sacramento
1206 2757 1281 2810 esse,
1289 2735 1326 2796 ita

278 2913 285 2935 ¹
302 2910 345 2962 lta
357 2927 383 2960 v.
398 2925 425 2976 g.
443 2911 472 2962 S.
484 2910 696 2978 chrysostomus
707 2909 795 2975 (hom.
808 2911 840 2962 82
856 2903 882 2961 iri
899 2911 996 2978 Matt.)
1009 2909 1048 2964 ait
1062 2929 1067 2962 :
1087 2911 1159 2964 Cum
1172 2928 1238 2980 ergo
1250 2924 1327 2964 sermo

242 2992 317 3047 dicat
332 3014 338 3048 ι
357 2995 411 3048 hoc
424 3007 466 3050 est
480 3013 581 3066 corpus
597 3014 700 3063 meum,
714 2997 940 3064 obtemperemus
953 3007 981 3050 et
995 2997 1143 3052 credamus
1155 3009 1184 3053 et
1198 2996 1327 3068 spirituali-

242 3081 294 3134 bus
320 3081 408 3134 oculis
433 3084 525 3150 ipsum
551 3084 743 3153 respiciamus.
785 3083 863 3137 Nihil
885 3083 961 3137 enlm
983 3084 1111 3139 sensibus
1134 3085 1328 3156 percipiendum

244 3169 372 3222 Christus
386 3170 467 3225 nobis
480 3171 605 3238 tradidit,
620 3173 669 3228 sed
689 3174 717 3227 in
737 3173 817 3225 rebus
835 3171 946 3240 parilem
964 3161 1259 3240 sensibilibus,·omnia
1276 3183 1328 3223 vero

243 3253 429 3322 intelligibilia
438 3257 459 3310 ”.

278 3335 489 3396 *Tleeodoretus
508 3344 633 3414 (Dialog.
657 3347 683 3412 2)
703 3357 802 3400 contra
823 3345 1039 3415 Monophysitas
1061 3347 1101 3400 sic
1125 3347 1238 3415 arguit:
1259 3345 1328 3397 “ea-

243 3440 307 3497 ptus
320 3446 352 3483 es
364 3431 478 3498 retibus,
493 3448 558 3502 quae
574 3431 634 3500 ipse
652 3433 772 3487 texuisti.
813 3435 913 3503 Neque
928 3432 1003 3486 enim
1017 3443 1080 3502 post
1094 3432 1327 3488 santlificationem

243 3517 362 3583 mystica
375 3518 503 3586 symbola
517 3517 650 3572 recedunt
664 3537 681 3572 a
695 3521 744 3572 sua
759 3521 876 3588 naturfi3
896 3531 1010 3574 manent
1024 3521 1141 3576 enimin
1156 3521 1236 3592 priori
1249 3533 1328 3575 essen·

243 3601 290 3654 tiae
303 3613 330 3656 et
344 3602 432 3671 figura
446 3615 473 3658 et
486 3604 575 3658 sonna
589 3607 763 3676 aspetlabili,
778 3618 807 3661 et
820 3606 940 3661 visibilia
953 3619 1017 3662 sunt
1036 3619 1064 3663 et
1081 3611 1235 3680 tangibilia,
1250 3591 1327 3678 qualit

243 3700 323 3743 crant
336 3690 441 3760 prius,'’.

278 3769 288 3800 δ’
303 3777 437 3832 Nonnulli
457 3777 553 3835 dicunt
571 3779 625 3834 illis
643 3781 736 3836 verbis
754 3781 839 3838 statui
857 3783 885 3838 in
904 3783 1082 3838 Eucharistia
1094 3787 1176 3854 panis
1189 3777 1326 3840 accidentia

243 3879 357 3916 manere
370 3863 431 3917 sine
444 3865 579 3934 subjetlo,
593 3867 609 3920 i.
627 3886 651 3922 e.
668 3867 729 3922 sine
743 3869 900 3923 substantia
913 3870 1002 3939 panis,
1016 3872 1066 3925 sed
1079 3872 1182 3927 exinde
1195 3889 1249 3926 non
1262 3863 1325 3938 sequi

243 3944 318 4014 quod
333 3944 393 4012 ipsa
407 3963 436 3999 se
450 3955 616 4002 sustentent.
651 3950 708 4004 Sed
719 3968 795 4003 error
805 3951 925 4005 Wicleffi
938 3952 988 4006 luit
998 3953 1109 4022 duplex,
1118 3965 1148 4008 ut
1161 3972 1194 4008 cx
1207 3954 1263 4024 ejus
1274 3945 1324 4004 scri·

244 4029 298 4100 ptis
312 4041 432 4096 constat,
441 4050 478 4085 sc.
489 4035 675 4090 substantiam
689 4039 771 4106 panis
784 4037 812 4091 in
826 4051 1003 4093 sacramento
1014 4056 1168 4110 remanere,
1179 4054 1206 4096 et
1216 4037 1323 4098 acciden-

244 4117 282 4170 tia
296 4116 360 4186 ρευ·ε
364 4131 503 4154 ““““““
506 4135 535 4174 re
552 4137 608 4174 non
628 4139 711 4190 posse
728 4123 788 4178 sine
808 4124 949 4194 subjeilo;
968 4137 1083 4202 uterque
1103 4143 1180 4181 error
1196 4127 1324 4181 damnatus

243 4203 280 4258 lu*
521 4205 731 4275 tntradiiloriae,
741 4210 849 4281 utrique
859 4210 1149 4282 oppositae,tanquam
1157 4231 1230 4269 verre
1238 4211 1322 4266 haben·
