2808 4664
338 127 393 176 DE
413 129 495 178 ΠΕΟ
516 128 889 179 REMUNERATORE-
1102 131 1161 181 719

100 319 152 384 43.
199 305 262 388 (D)
280 308 335 370 Ex
359 307 517 384 Concilirs,
533 310 717 390 praesertim
733 308 1160 373 Florozt..·“1)efinimus...

59 408 84 468 si
109 427 186 471 vere
210 412 413 490 poenitentes
436 412 468 474 in
495 413 558 475 Dei
586 413 722 477 caritate
744 414 956 489 decesserint,
980 423 1160 494 antequam

58 509 171 590 dignis
196 514 404 594 poenitentiae
427 513 588 578 fructibus
611 517 653 578 de
675 517 862 578 commissis
885 516 1104 580 satisfecerint
1127 525 1160 577 et

58 613 201 690 omissis,
217 635 332 678 eorum
348 617 477 680 animas
494 617 599 697 poem's
618 617 824 698 purgatoriis
839 629 915 699 post
930 628 1062 680 ortortem
1078 629 1161 698 pur-

57 715 147 792 gari,
163 727 197 778 et
220 727 256 780 ut
278 738 298 780 a
321 720 429 800 poenis
449 721 639 806 hujusmodi
659 721 853 796 releventur,
862 722 1012 803 prodesse
1025 721 1161 802 eisfide-

58 817 143 878 lium
160 821 308 883 orborum
324 823 494 904 saffragia,
511 825 686 886 missarum
704 844 745 886 sc.
763 823 930 900 sacrificia,
944 826 1111 886 orationes
1127 835 1160 886 et

58 919 300 1002 eleemosynas,
315 934 349 986 et
365 924 428 986 alia
445 926 578 1008 pietatis
595 926 705 988 officia
717 928 732 952 ”
749 927 864 1008 (Deus.
884 929 967 1008 588).

103 1041 154 1104 44
203 1036 237 1103 30
258 1025 335 1088 Rae.
358 1028 589 1090 contrementem.
637 1025 687 1112 (a)
714 1027 886 1109 Scriptura
913 1039 1054 1092 testatur
1077 1028 1158 1090 nihil

58 1124 271 1204 inquinatum
284 1129 412 1210 ingredi
424 1130 568 1193 coelum1
584 1153 590 1206 ;
613 1131 699 1193 oculi
716 1132 804 1192 enim
819 1131 882 1193 Dei
896 1132 942 1192 ita
955 1130 1069 1192 mundi
1082 1139 1159 1192 suut

58 1238 96 1290 ut
125 1230 167 1291 ad
195 1231 404 1313 iniquitatem
432 1235 592 1316 respicere
620 1245 830 1316 nequeaut²;
868 1235 1001 1297 aliunde
1030 1235 1159 1314 justitia

57 1331 196 1411 exigere
211 1335 342 1399 videtur
356 1347 391 1399 ut
408 1339 531 1399 nemini
547 1348 672 1400 aeterna
689 1337 862 1400 beatitudo
875 1339 1084 1412 concedatur,
1097 1338 1158 1398 nisi

58 1435 152 1514 prius
167 1435 289 1500 delicta
304 1460 363 1501 sua
380 1438 523 1521 perfecte
539 1442 746 1522 expiaverit;
773 1441 864 1522 atqui
886 1441 928 1502 de
952 1439 1040 1503 sablo
1065 1440 1158 1502 multi

60 1537 1159 1624 moriunturantequamapeccatissuisvenialibusliberatifuerint,

58 1650 119 1700 aut
129 1661 265 1720 poenam
278 1646 497 1726 temporalem
509 1667 569 1728 pro
581 1647 776 1710 mortalibus
788 1647 930 1708 remissis
938 1647 1085 1709 debitam
1097 1645 1159 1708 sol-

58 1744 172 1816 verint,
188 1746 239 1807 vel
262 1760 398 1830 propter
413 1750 652 1830 negligentiam
669 1749 825 1830 aliquam,
840 1750 892 1812 vel
914 1751 992 1831 quia
1007 1730 1165 1830 peccator

58 1855 170 1908 morte
178 1852 390 1928 praevenitur;
413 1872 473 1914 nec
484 1861 595 1914 tamen
610 1863 745 1933 propter
757 1851 818 1914 hoc
832 1862 975 1914 meretur
986 1851 1160 1914 totalitera

57 1951 146 2012 coelo
158 1953 409 2035 excludi,quum
420 1955 492 2018 haec
502 1955 627 2038 absque
638 1967 776 2039 peccato
786 1957 877 2036 gravi
887 1956 1079 2036 contingere
1086 1974 1160 2036 pos-

46 2055 141 2141 ⁴sint;
165 2075 244 2136 ergo
255 2055 345 2120 locus
356 2079 427 2120 esse
437 2061 592 2122 convenit
603 2060 659 2122 ubi
670 2070 860 2141 purgentur,
870 2068 1048 2140 antequam
1062 2057 1159 2120 finale

57 2154 237 2231 praemium
260 2167 535 2238 consequanturt
588 2157 639 2239 (b)
656 2157 820 2221 Convenit
844 2158 965 2238 pariter
989 2167 1024 2230 ut
1047 2157 1159 2218 divina

57 2254 275 2320 Providentia
290 2259 373 2321 tales
389 2280 506 2341 poenas
521 2270 655 2335 statuat,
668 2280 742 2341 quae
759 2259 909 2321 homines
922 2261 963 2321 ad
980 2280 1039 2321 sua
1051 2258 1158 2321 officia

56 2357 277 2438 adimplenda
293 2362 478 2444 impellant;
501 2364 603 2446 atqui,
619 2365 680 2426 nisi
698 2373 784 2426 esset
801 2364 1029 2444 purgatorium
1046 2364 1158 2444 inquo

56 2479 118 2540 pro
130 2461 314 2526 venialibus
325 2467 473 2528 nondum
484 2467 628 2529 remissis
639 2479 672 2529 et
686 2465 875 2528 mortalium
886 2460 1031 2546 reliquiis
1042 2485 1158 2546 poenas

55 2564 171 2626 subire
186 2568 345 2647 cogimur,
356 2568 508 2632 homines
525 2570 609 2632 levia
624 2578 761 2650 peccata
776 2570 1032 2644 committerent,
1045 2589 1105 2630 nec
1116 2570 1158 2631 de

55 2668 228 2748 condigna
254 2670 480 2735 satisfactione
506 2675 586 2736 satis
614 2675 820 2754 cogitareut;
854 2692 940 2752 ergo.
992 2673 1038 2752 (c)
1066 2671 1158 2734 Addi

55 2779 173 2850 potest
188 2770 273 2833 hanc
289 2772 475 2837 doctrinam
491 2776 606 2838 solatio
615 2775 747 2855 plenam
764 2795 835 2836 esse
854 2798 860 2836 :
887 2775 960 2855 quis
976 2775 1075 2848 enirn,
1091 2775 1156 2834 cul-

55 2893 178 2954 parum
200 2885 235 2937 et
258 2874 545 2957 impersetlionum
570 2897 702 2940 suarum
725 2877 884 2952 consciuS,
900 2895 935 2937 se
951 2876 1064 2938 statim
1082 2887 1158 2957 post

52 3128 160 3179 graecae
173 3123 201 3166 et
213 3113 308 3168 latinae
326 3115 519 3184 theologorum
533 3115 655 3186 cujusvis
672 3116 806 3184 temporis
820 3131 997 3178 consensum,
1013 3116 1158 3183 metapho-

52 3199 114 3252 rice
128 3199 202 3252 sumi
216 3211 316 3269 potest,
327 3202 395 3256 nihil
409 3205 477 3256 mihi
491 3204 601 3258 videtur
614 3203 764 3272 Scripturae
778 3202 948 3256 contrarium
962 3203 989 3255 in
1002 3203 1156 3270 Purgatorii

52 3283 188 3339 doctrina
201 3287 373 3356 deprehendi
390 3307 480 3360 posse.
520 3293 639 3359 Insuper
651 3299 819 3358 pervetustae
837 3289 900 3342 fidei
916 3289 1061 3353 Ecclesiae,
1074 3289 1156 3340 simul

51 3385 81 3426 et
97 3371 176 3440 praxi
191 3390 276 3443 prope
290 3375 439 3431 universali
453 3394 503 3446 pro
516 3375 656 3430 defunctis
669 3376 811 3442 exorandi,
825 3373 953 3428 doctrina
971 3375 1033 3428 haec
1051 3375 1156 3443 optime

50 3459 182 3513 cohaeret
189 3459 209 3512 '’.

89 3547 200 3616 1Αροῑ.
217 3549 299 3614 XXI,
312 3563 354 3618 27.
375 3579 405 3588 —
417 3552 427 3584 ²
439 3550 579 3616 Habacuc,
600 3551 620 3616 1,
640 3564 679 3619 13.

89 3645 101 3676 ³
115 3636 147 3690 S.
165 3637 259 3691 Thom.
276 3639 305 3692 C.
321 3640 413 3704 Gent,
427 3638 442 3692 1.
460 3639 508 3704 IV,
522 3655 545 3692 c.
559 3652 602 3704 91.
616 3668 650 3676 -
665 3637 748 3705 Quod
762 3635 886 3690 nonnulli
903 3637 1094 3690 Protestantes
1107 3639 1154 3690 ad·

49 3724 169 3776 mittere
182 3735 320 3792 coguntur
336 3745 343 3780 z
362 3727 493 3780 “Nonne
505 3741 604 3778 omnes
620 3727 811 3778 Protestantes
830 3723 876 3793 qui
896 3724 1049 3776 rationales
1061 3727 1155 3792 appel·

49 3813 159 3876 lantur,
173 3811 248 3865 idem
262 3814 385 3867 sentiunt
398 3830 432 3867 ac
445 3830 506 3876 nos,
522 3812 650 3866 homines
664 3812 770 3865 scilicet
784 3813 942 3880 plerosque,
958 3811 1030 3864 sicut
1043 3811 1082 3864 ait
1098 3813 1155 3864 Do-

48 3898 117 3954 etor
123 3898 263 3968 Johnson,
276 3917 332 3954 non
351 3900 427 3954 adeo'
443 3900 471 3952 in
485 3898 559 3953 vitiis
576 3899 724 3952 ardescere
743 3909 772 3950 ut
792 3914 906 3966 poenam
920 3897 994 3951 luere
1008 3907 1152 3961 aeternam,

48 4002 148 4054 neque
162 3985 234 4041 adeo
247 3988 336 4056 culpis
349 4003 451 4040 vacare
464 3996 492 4039 ut
506 3986 651 4039 beatorum
665 3984 812 4053 spirituum
825 3983 967 4038 consortio
980 3983 1083 4051 perfrui
1097 4001 1154 4038 me·

47 4082 185 4140 reantur3
205 4073 385 4144 divinamque
398 4073 554 4126 bonitatem
567 4071 700 4126 maluisse
713 4071 837 4141 aliquem
850 4070 1048 4124 intermedium
1062 4070 1154 4124 locum

47 4163 86 4216 iis
98 4159 246 4228 assignare
256 4159 302 4213 ubi
315 4160 438 4230 quadam
449 4175 592 4229 poenarum
602 4175 734 4212 mensura
744 4157 949 4228 purificentur.''
968 4156 1029 4224 (co.
1041 4157 1151 4220 Butler,

46 4256 225 4321 protestans,
237 4263 322 4317 quem
335 4245 402 4301 citat
418 4245 571 4308 Oxenlrum,
588 4261 633 4313 op.
649 4244 695 4317 cit.
712 4261 739 4313 p.
755 4260 797 4309 40.
