2758 4652
400 185 455 234 DE
475 185 791 236 INDULGENTIIS.
1081 187 1148 238 565

50 359 220 434 incorrupte
233 363 376 422 omnibus
391 365 529 424 fidelibus
548 366 776 439 dispensaretur,
793 383 958 438 omnesque
977 365 1149 440 proscripsit

49 447 162 505 abusus
174 449 225 520 qui
239 449 403 522 ignorantia
413 453 458 510 vel
472 454 681 526 superstitione
695 454 724 510 in
734 455 865 512 diversas
873 454 1018 512 (iioeceses
1028 453 1149 527 irrepse-

49 545 127 590 rant.
163 535 300 607 Jamvero
313 555 358 596 res
373 538 402 596 in
417 557 448 598 se
462 539 541 598 bona
554 551 583 598 et
598 541 675 599 utilis
689 541 830 600 eradicari
850 561 912 601 non
925 542 1015 601 debet
1029 554 1150 616 propter

50 623 192 679 nonnulla
206 623 399 684 incommoda
407 644 475 698 quae
488 646 523 685 ex
534 630 569 685 eei
579 628 721 698 oriuntur,
735 627 789 686 sed
798 627 862 700 ipsa
871 629 1062 688 incommoda
1077 647 1149 702 prae·

49 711 182 768 carenda
196 721 273 807 sunt,
290 712 320 769 in
334 724 479 785 quantum
494 716 556 775 fieri
570 727 666 788 potest
671 737 679 788 ;
698 715 781 788 quod
795 717 918 788 quidem
933 717 1067 774 Ecclesia
1080 719 1149 776 data

49 807 270 867 opportunitate
284 800 427 870 praestitit.

88 883 176 956 Quod
189 895 289 943 autern
304 886 423 946 additur
433 889 511 946 circa
525 889 775 961 indulgentiarum
791 890 1003 954 venditionem,
1019 891 1092 949 falso
1106 891 1148 948 ni·

48 971 121 1027 titur
133 975 294 1045 supposito.
333 976 472 1046 Pecunia,
481 995 548 1050 quae
557 978 706 1036 interdum
717 978 893 1050 erogabatur
905 979 1054 1036 autetiam
1068 995 1148 1034 nunc

48 1057 210 1128 aliquando
223 1071 368 1132 erogatur.
383 1082 409 1120 v.
421 1081 448 1135 g.
461 1064 619 1122 occasione
628 1063 749 1135 jubilaei,
760 1065 799 1122 ad
810 1065 982 1123 lucrandam
993 1065 1148 1136 indulgen-

48 1145 131 1210 tiam,
146 1164 205 1204 non
220 1159 263 1206 est
279 1167 334 1207 nec
349 1168 480 1221 unquam
491 1151 546 1209 luit
559 1151 753 1222 indulgentiae
768 1152 894 1224 pretium
900 1173 907 1222 ;
927 1162 988 1210 erat
1001 1151 1147 1224 siquidem

47 1231 236 1304 eleemosyna
249 1245 390 1307 tanquam
406 1237 488 1308 pium
502 1255 578 1310 opus
593 1239 771 1310 praescripta,
785 1249 815 1296 et
835 1237 863 1293 iu
885 1239 981 1296 bonos
995 1256 1065 1295 usus
1077 1256 1147 1296 con-

46 1319 197 1384 vertenda,
212 1321 251 1379 ad
265 1321 377 1380 Turcas
391 1324 586 1383 debellandos
601 1325 652 1397 qui
666 1327 795 1396 Europae
809 1341 913 1397 pacem
927 1321 1096 1392 turbabant,
1109 1321 1148 1379 ad

46 1407 236 1478 templorum,
252 1409 445 1480 hospitalium
465 1411 653 1484 aliorumque
673 1412 845 1483 hujusmodi
867 1411 1066 1469 institutorum
1087 1427 1147 1467 ere-

46 1491 176 1551 ctionem
191 1505 220 1552 et
234 1495 429 1555 dotationem.
469 1499 601 1558 Aliunde
615 1500 734 1557 nonnisi
749 1518 853 1571 paucae
873 1499 1066 1570 indulgentiae
1091 1497 1148 1554 sub

47 1579 105 1636 haic
118 1583 291 1641 conditione
304 1586 526 1656 conceduntur;
556 1587 705 1659 pleraeque
719 1587 799 1644 eninr
820 1587 937 1645 nonnisi
958 1603 1048 1658 opera
1068 1603 1148 1643 urere

46 1667 208 1737 spiritualia
221 1670 343 1743 exigunt
352 1672 369 1727 ¹.

99 1803 163 1854 m.
210 1792 274 1874 (D)
290 1793 478 1858 Corollaria.
530 1794 580 1874 (a)
596 1794 977 1876 Indulgenticefidelr'bus
990 1791 1149 1872 defundis

45 1894 81 1954 in
91 1897 284 1977 purgatorio
298 1898 432 1960 detentis
447 1898 606 1979 applicari
612 1907 752 1978 possunt
759 1909 822 1978 par
836 1898 966 1959 modam
981 1895 1146 1976 suffragii,

46 1997 62 2056 i.
80 2017 116 2071 e,
132 2018 196 2060 non
223 2020 283 2080 per
307 2002 444 2064 modum
469 2000 697 2076 absolutionis
714 2002 772 2062 sed
789 2020 847 2082 per
863 2001 1001 2062 modum
1017 1998 1117 2061 satisl
1136 2035 1148 2046 -

45 2097 163 2164 ilionis
179 2112 214 2164 et
229 2103 404 2166 solutionis
417 2105 530 2179 debiti,
542 2114 707 2186 quatenus
723 2100 967 2166 satissaftiones
978 2103 1100 2166 Christi
1113 2113 1147 2166 et

46 2201 249 2268 sanatorum
268 2207 299 2268 in
318 2207 477 2269 Ecclesiae
494 2207 650 2270 thesauro
671 2205 860 2279 recondita,
872 2206 946 2267 Deo
962 2203 1148 2267 offeruntur

46 2305 77 2366 in
95 2311 403 2389 compensationem
422 2331 530 2392 poenae
547 2332 567 2372 a
578 2308 744 2374 defund‘tis
761 2310 900 2372 luendae.
938 2313 953 2340 “
969 2309 1045 2371 Non
1057 2309 1145 2371 enim

45 2419 95 2470 est
120 2410 229 2492 aliqua
255 2414 347 2488 rati0‚
364 2414 411 2476 ait
435 2414 469 2477 S.
492 2413 661 2489 Thomas2,
680 2433 782 2495 quare
799 2413 950 2475 Ecclesia
973 2411 1147 2474 transferre

45 2515 148 2592 possit
165 2517 359 2578 communia
376 2519 501 2591 merita,
518 2518 639 2599 quibus
663 2517 882 2599 indulgentiae
899 2515 1095 2592 innituntur,
1112 2516 1145 2577 in

44 2616 136 2677 vivos
153 2627 186 2680 et
202 2619 315 2680 nonin
334 2629 481 2682 mortuos
492 2620 515 2682 ¹¹.
564 2621 650 2682 Nam
669 2619 821 2684 Christus
838 2639 898 2700 pro
914 2618 1069 2682 omnibus
1094 2638 1147 2679 sa-

46 2721 177 2796 tisfecit,
193 2722 330 2804 ejusque
343 2721 587 2786 satislaeliones
604 2733 672 2786 tam
690 2723 773 2785 vivis
789 2741 889 2803 quam
906 2717 1072 2783 desinetis
1089 2740 1147 2800 ap·

46 2825 159 2904 plicari
190 2837 331 2908 possunt
362 2829 404 2890 ab
435 2848 476 2890 eo
505 2828 562 2908 qui
594 2827 743 2908 legitima
774 2823 972 2889 auctoritate
1011 2825 1144 2905 gaudet.

49 2929 176 2993 Revera
204 2932 243 2995 R.
267 2929 454 3005 Pontifices,
472 2930 542 3014 jam
570 2931 689 2992 saltem
717 2951 737 2991 a
763 2949 837 2992 saec.
867 2927 928 3001 lX,
952 2925 1145 3006 hujusmodi

48 3032 272 3116 indulgentias
288 3045 538 3113 concesserunt;
565 3033 611 3097 ita
620 3033 767 3115 joonnes
792 3030 881 3118 VIJI
894 3031 986 3111 (878)
999 3040 1033 3093 et
1042 3030 1148 3114 soan-

47 3156 99 3198 nes
123 3137 182 3199 IX
207 3138 323 3218 (900)³
369 3137 459 3200 Hinc
484 3137 570 3198 Pius
594 3135 645 3198 VI
667 3145 705 3198 ut
732 3135 862 3208 falsam,
879 3135 1087 3197 temerariam
1113 3143 1146 3196 et

81 3329 87 3350 ¹
103 3309 235 3363 Nonnulli
248 3310 439 3364 Protestantes
454 3309 568 3363 ulterius
583 3309 805 3378 progrediuntur,
817 3317 844 3361 et
853 3318 883 3360 ut
896 3319 1002 3360 certum
1016 3317 1145 3360 asserunt

47 3397 251 3452 absolutionem
271 3416 288 3452 a
307 3396 432 3466 peccatis
452 3414 503 3466 pro
523 3397 642 3465 peciruih
662 3395 761 3458 vendi;
793 3394 821 3447 in
841 3394 920 3462 cujus
949 3392 1144 3461 probationem

49 3485 178 3538 exhibent
188 3485 371 3539 Cancellarice
382 3489 474 3548 laxas,
489 3499 552 3551 quae
571 3483 640 3536 solvi
654 3482 758 3535 debent
772 3480 886 3550 quando
899 3478 1038 3532 absolutio
1051 3496 1068 3530 a
1081 3495 1144 3532 cen·

49 3573 115 3623 suris
128 3571 286 3641 exquiritur.
328 3571 382 3624 Hic
396 3581 494 3623 autern
508 3570 565 3623 duo
579 3570 661 3638 plane
680 3564 815 3621 distintia
834 3565 1019 3628 confundunt,
1035 3565 1145 3618 absolu-

49 3657 150 3710 tionem
169 3660 322 3727 operculis
343 3659 371 3711 in
391 3657 452 3711 soro
474 3656 592 3722 interno,
609 3673 672 3724 quae
686 3669 830 3723 uunquam
849 3651 969 3720 pecunia
989 3652 1145 3721 comparari

49 3756 148 3811 potest;
168 3757 196 3800 et
209 3747 414 3800 absolutionem
428 3763 446 3796 a
461 3746 586 3798 censuris
599 3744 627 3796 in
638 3743 698 3796 loro
711 3752 835 3805 externo,
845 3757 895 3809 pro
908 3739 964 3808 qud
974 3739 1145 3808 quandoque

49 3832 224 3900 eleemosyna
237 3832 356 3900 exigitur
370 3831 428 3886 sive
442 3842 472 3885 ut
486 3831 629 3884 solvantur
642 3835 767 3898 expenso:
781 3828 817 3881 ad
826 3826 980 3881 litterarum
993 3826 1145 3879 absolutio·

51 3919 90 3972 uis
101 3919 319 3988 expeditionem,
336 3921 395 3973 sive
409 3930 545 3987 tanquam
558 3917 705 3971 caritativa
724 3914 919 3984 compensatio
934 3930 991 3982 pro,
1003 3913 1146 3967 scandalis

51 4005 137 4059 datis:
157 4023 213 4076 quo
227 4023 292 4060 casu
307 4006 427 4077 pecunia
440 4005 481 4058 sic
495 4004 613 4059 colledia
627 4005 655 4058 in
665 4003 725 4073 pios
739 4019 805 4056 usus
818 4015 861 4056 est
875 4002 1027 4071 eroganda.
1062 4002 1147 4069 Quod

52 4095 178 4158 praeclare
192 4094 316 4147 confutat
331 4093 365 4162 J.
382 4093 421 4146 H.
438 4093 580 4157 Newmarr
593 4092 649 4160 (op.
664 4091 710 4144 cit.
727 4107 752 4158 p.
769 4105 861 4144 112-11
866 4091 902 4160 3).

82 4178 200 4248 'SuppL
214 4195 240 4248 q.
253 4191 295 4244 71,
308 4196 332 4232 a.
352 4193 390 4232 10.

83 4268 139 4320 ³Cs.
154 4267 303 4332 Mobillon,
316 4267 392 4338 praef.
410 4267 438 4321 in
451 4285 515 4322 saec.
530 4269 568 4321 VI
585 4269 691 4324 Bened.
707 4285 735 4322 u.
754 4270 810 4324 108.
