2752 4648
258 171 322 222 418
704 170 844 222 CAPUT
860 171 902 222 11.

258 367 441 441 posteaque
467 355 648 436 absorptae,
674 365 733 418 aut
759 355 953 418 saccharum
981 357 1013 419 in
1042 377 1082 422 os
1110 361 1292 426 immissum
1318 375 1346 428 et

257 471 335 545 post
363 461 508 524 mediam
535 457 667 522 noctem
692 479 764 522 sese
787 459 964 538 resolvens,
983 463 1150 544 jejunium
1179 467 1347 551 frangunt;

258 563 409 646 trajeftio
432 564 646 646 reliquiarum
668 563 733 626 cibi
752 583 828 646 quae
855 565 983 630 haerent
1010 568 1098 631 inter
1122 571 1239 635 dentes
1265 583 1347 635 certo

257 693 324 735 non
349 671 507 752 frangunt
525 669 701 750 jejunium,
725 670 752 731 si
777 669 820 731 sit
843 669 1093 750 involuntaria;
1127 677 1155 736 si
1178 679 1346 740 autem'sit

258 777 453 848 voluntaria,
475 793 526 836 res
549 772 652 836 dubia
673 782 734 848 est,
756 774 814 836 scd
836 773 936 853 juxta
960 775 997 838 S.
1013 776 1135 858 Ligur,
1155 781 1346 862 probabilior

257 879 424 944 sententia
450 875 594 939 affirmat
621 875 727 956 frangi
752 875 926 957 jejunium,
954 878 1031 942 licet
1057 881 1115 943 alii
1142 885 1346 965 probabiliter

257 981 493 1046 contradicant

258 1086 308 1168 (b)
322 1086 370 1150 Ut
386 1085 475 1166 quod
492 1083 634 1145 sumitur
649 1083 691 1144 sit
707 1081 887 1163 digestibile
899 1083 1019 1148 saltem
1035 1087 1150 1169 aliquo
1166 1092 1273 1166 modo,
1285 1112 1343 1154 non

257 1199 368 1252 autem
397 1187 572 1268 requiritur
598 1195 632 1247 ut
660 1187 795 1248 nutriat.
842 1185 931 1248 Hinc
951 1187 1118 1268 jejunium
1142 1212 1209 1255 non
1233 1193 1344 1275 frangi·

257 1303 311 1352 tur
337 1288 381 1351 ab
407 1307 447 1350 eo
474 1285 531 1368 qui
557 1285 704 1366 deglutit,
729 1285 865 1360 vitrum,
887 1285 1036 1367 capillos,
1059 1292 1211 1367 sericum,
1233 1294 1344 1369 lanam,

255 1391 438 1466 metallum,
462 1388 603 1452 ossicula
632 1385 796 1451 fructuum
820 1389 959 1452 omnino
985 1391 1159 1473 depurata,
1183 1405 1216 1460 et
1241 1397 1343 1460 forsan

256 1495 385 1576 paleam
403 1514 410 1570 ;
434 1492 595 1573 frangitur
610 1490 654 1552 ab
670 1490 727 1552 illo
742 1491 800 1572 qui
816 1491 959 1573 deglutit
982 1513 1120 1574 ungues,
1136 1517 1219 1574 ossa,
1235 1520 1344 1574 ceram,

255 1607 389 1659 cretam.

256 1700 305 1779 (c)
323 1697 371 1762 Ut
387 1707 538 1760 sumatur
554 1718 612 1779 per
628 1700 765 1761 modum
781 1699 856 1773 cibi,
865 1709 974 1780 potus,
989 1711 1049 1763 aut
1064 1704 1228 1768 nredr'cinoe
1243 1731 1254 1770 :
1275 1707 1344 1768 hinc

253 1801 418 1884 jejunium
442 1821 509 1864 non
532 1801 703 1885 frangitur,
719 1803 746 1863 si
766 1803 891 1884 aliquid
908 1815 1059 1868 sumatur
1075 1827 1135 1888 per
1150 1813 1284 1872 modurn
1298 1832 1344 1872 sa·

255 1907 338 1980 livre,
355 1927 384 1968 v.
400 1925 429 1987 g.
446 1905 472 1968 si
490 1905 564 1986 quis
580 1925 618 1968 os
634 1905 787 1981 lavand0,
803 1905 968 1988 deglutiat
989 1927 1113 1989 paucas
1129 1911 1234 1975 stillas
1248 1933 1344 1994 aqua,
1369 1951 1370 1962 κ

255 2020 313 2074 aut
326 2029 384 2092 per
396 2009 533 2072 modum
548 2009 777 2090 respirationis,
787 2031 816 2071 v.
826 2029 856 2091 g.
867 2011 894 2071 si
905 2011 979 2091 quis
990 2013 1194 2095 respirando,
1206 2037 1342 2079 muscam

254 2124 312 2176 aut
336 2115 446 2176 nivem
471 2112 617 2175 attrahat
641 2112 798 2194 fortuito;
821 2123 879 2176 aut
902 2132 962 2194 per
982 2116 1120 2178 modum
1141 2119 1343 2190 unanimis,

255 2239 283 2280 v.
300 2237 329 2299 g.
347 2217 373 2278 si
390 2217 465 2297 quis
481 2216 637 2278 tabacum
656 2215 779 2297 aspiret
795 2238 803 2293 ;
830 2217 899 2278 imo
914 2218 1070 2281 tabacum
1088 2221 1245 2285 dentibus
1258 2223 1342 2286 attri-

255 2333 327 2386 tum
344 2321 546 2405 probabilius
563 2340 658 2382 exse
675 2341 741 2382 non
760 2320 883 2402 frangit
897 2321 1071 2402 jejunium,
1081 2324 1265 2390 dummodo
1280 2347 1342 2389 suc·

254 2446 312 2489 cus
328 2435 536 2506 exspuatur;
563 2433 711 2487 attamen
734 2425 923 2487 masticatio
943 2435 1022 2488 ante
1043 2431 1304 2494 communionem
1325 2451 1341 2490 a

257 2529 377 2591 veniali
407 2548 473 2590 non
503 2537 693 2603 excusatur,
717 2536 853 2609 propter
881 2527 1105 2593 indecentiam
1119 2544 1139 2593 ¹.
1173 2533 1212 2596 In
1233 2545 1340 2597 stoma·

255 2634 352 2696 chum
371 2643 482 2694 autem
499 2631 623 2712 aliquid
641 2631 866 2694 transmittere
881 2651 919 2694 ex
927 2633 1092 2713 proposito
1108 2655 1168 2717 per
1183 2658 1275 2700 nares
1289 2647 1339 2698 aut

254 2736 514 2818 respirationem,
530 2734 651 2816 frangit
665 2733 836 2814 jejunium.

254 2841 307 2924 (d)
325 2842 373 2907 Ut
396 2839 521 2921 aliquid
545 2849 692 2902 sumatur
708 2851 785 2920 post
800 2839 940 2903 mediam
957 2841 1098 2915 nclitum
1121 2853 1252 2926 tempus
1267 2844 1337 2925 phy·
1368 2913 1369 2928 ζ

252 2947 321 3020 sice,
338 2965 403 3008 non
423 2943 591 3006 moraliter
606 2945 870 3024 computandum
887 2953 948 3019 est,
959 2964 997 3007 ac
1015 2945 1155 3026 proinde
1170 2949 1226 3029 qui
1241 2967 1337 3010 conte.
1368 2929 1369 2936 ἵ

255 3051 304 3112 dit
322 3058 398 3130 post
415 3049 558 3128 primum
576 3048 665 3109 horae
683 3044 785 3110 iilum
800 3046 870 3127 jam
888 3058 1022 3111 nonest
1039 3048 1196 3128 jejunus;
1218 3061 1337 3130 tempus

254 3161 365 3233 potest
381 3150 593 3212 determinari
616 3169 659 3210 ex
682 3149 862 3230 horologiis
884 3149 1032 3230 publicis,
1049 3161 1108 3214 aut
1124 3171 1142 3213 e
1160 3154 1337 3224 meridiano,

254 3256 296 3317 ad
309 3251 448 3316 libitum.
496 3252 587 3314 Inter
599 3252 771 3332 horologia
783 3252 990 3314 dissonantia
1006 3251 1082 3314 licet
1095 3256 1235 3334 quodvis
1246 3254 1336 3334 sequi,

253 3358 353 3420 etiam
376 3355 541 3428 ultimum,
559 3357 661 3417 modo
682 3375 748 3417 non
770 3364 901 3418 constet
923 3355 1003 3419 illud
1024 3375 1139 3420 errare.
1188 3359 1225 3421 ln
1245 3357 1337 3420 dubio

288 3599 479 3669 ¹Clysterium
498 3600 624 3654 nutriens
643 3617 698 3653 non
718 3599 820 3668 frangit
835 3600 987 3670 jeiunium,
1002 3601 1070 3672 quia
1089 3619 1146 3656 non
1166 3603 1277 3658 sumitur
1293 3617 1335 3670 per

252 3688 367 3741 modum
387 3687 441 3742 cibi
461 3689 504 3741 vel
525 3698 615 3756 potus.
657 3688 700 3740 lta
722 3683 905 3756 Capelmann,
919 3705 962 3757 op.
977 3687 1022 3742 cit.
1036 3705 1062 3758 p.
1080 3703 1136 3758 ιη
1151 3719 1185 3729 -
1200 3689 1334 3744 Dubitatur

251 3784 346 3828 autem
359 3780 452 3828 utrum
464 3773 558 3826 lavare
572 3773 749 3828 stomachum
762 3790 815 3844 ope
829 3774 916 3828 tubuli
929 3773 1045 3843 (pompe
1051 3773 1331 3845 gastn'que,rtornncl·

248 3857 355 3928 prrrrtp)
371 3861 483 3928 frangat
500 3861 655 3932 jejunium
683 3861 706 3915 si
726 3862 838 3916 tubulus
857 3863 920 3917 oleo
937 3861 1058 3928 liniatur,
1071 3872 1101 3916 ut
1120 3863 1281 3932 quandoque
1298 3859 1328 3920 it,

249 3945 386 4014 jejunium
404 3947 534 4013 violatum
555 3965 644 4012 secus,
657 3949 802 4017 probabile
821 3960 864 4002 est
883 3965 938 4002 non
958 3948 1066 4016 violari,
1079 3949 1146 4020 quia
1165 3950 1239 4020 quod
1256 3946 1291 4002 sic
1308 3947 1329 3998 in

252 4033 428 4086 stomachum
439 4034 644 4101 transmittitur,
653 4045 806 4105 posteaque
816 4035 969 4104 expellitur,
979 4052 1035 4090 non
1046 4037 1165 4090 sumitur
1176 4055 1223 4108 per
1232 4034 1328 4090 modum

253 4117 432 4171 comestionis
455 4121 498 4172 vel
522 4122 681 4188 potationis.
725 4122 869 4192 Quidquid
891 4123 935 4191 sit,
957 4123 1070 4177 licentia
1092 4123 1141 4177 tali
1165 4125 1328 4178 instnsmento

253 4201 348 4254 utendi
381 4203 493 4256 cuidam
518 4207 658 4261 sacerdoti
683 4225 700 4260 a
726 4209 754 4262 S.
784 4209 885 4263 Officio
910 4225 1046 4264 concessa
1070 4220 1113 4264 est
1139 4225 1173 4280 23
1198 4227 1240 4280 ap.
1266 4209 1326 4272 ¹89⁰·

258 4286 311 4337 Cfr.
331 4283 488 4355 Cartorrr'st'q
505 4306 580 4344 mars
597 4293 671 4360 1897,
685 4311 710 4362 p.
729 4309 784 4362 143.
