2758 4652
248 173 315 224 578
531 174 587 222 DE
607 174 821 222 EXTREMA
843 173 1070 224 UNCTIONE.

537 295 547 306 V.
569 291 1329 302 --———-—-——————

248 353 300 432 (b)
316 353 473 433 expunxi
487 354 658 436 utriusque
675 354 844 430 Ecclesiae,
855 355 981 418 Graecae
997 362 1031 420 et
1048 355 1186 430 Latinae,
1199 356 1231 418 in
1248 357 1332 418 ritua-

250 454 336 516 libus
352 466 385 518 et
402 456 550 519 conciliis
567 457 782 539 consignata.
828 458 959 521 Formae
976 458 1164 522 indicativa·
1176 479 1249 540 quae
1265 459 1335 539 obji·

250 559 389 634 ciuntur,
415 560 574 641 implicite
599 563 785 625 orationem
810 563 993 636 continent,
1018 582 1120 643 quum
1146 563 1336 625 orationibus

251 663 530 742 praecedantur1;
568 663 617 745 (c)
647 665 775 728 accedit
806 675 867 728 rat.
898 687 984 728 conv.
1045 667 1133 730 Nam
1169 667 1338 747 suscipiens

250 775 495 829 sacramentum
528 776 578 830 est
608 767 677 847 jam
709 769 832 831 viribus
863 769 1052 844 destitutus,
1082 779 1117 832 et
1148 770 1339 832 orationibus

250 870 413 931 sublevari
437 869 584 952 indiget;
609 871 742 951 insuper
762 871 826 934 hoc
848 883 1094 935 sacramentum
1116 874 1289 936 ordinatur
1306 876 1339 934 ad

251 972 471 1066 obtinendum
496 993 555 1055 per
578 974 716 1036 modum
738 974 948 1057 indulgentie
971 977 1061 1057 quod
1085 977 1119 1036 in
1144 987 1341 1038 sacramento

252 1051 462 1138 Poenitentir'e
479 1076 619 1139 obtineri
637 1096 703 1138 non
722 1079 831 1157 potuit
847 1098 905 1158 per
922 1078 1058 1140 modum
1073 1078 1215 1158 justitiae
1231 1100 1239 1154 ;
1262 1079 1340 1158 atqui

251 1179 340 1258 quod
364 1179 551 1261 postulatur
567 1199 625 1261 per
641 1181 778 1243 modurn
802 1181 1018 1262 indulgentiae
1033 1181 1096 1243 sub
1114 1180 1223 1243 forma
1239 1182 1341 1261 depre-

252 1279 359 1341 cativa
382 1280 542 1360 postulari
565 1280 666 1342 debet
679 1301 687 1357 ;
710 1299 799 1360 ergo.
844 1270 996 1343 Tandem
1020 1281 1083 1343 hoc
1108 1293 1341 1343 sacramentum

252 1383 421 1444 ordinatur
434 1384 475 1444 ad
488 1382 666 1444 sanitatem
681 1383 919 1446 restituendam
933 1384 1068 1465 aegrotis
1082 1407 1089 1462 ;
1113 1384 1208 1465 atqui
1221 1385 1343 1448 sanitas,

252 1496 369 1566 utpote
386 1484 510 1546 bonurn
529 1486 721 1567 temporale,
738 1505 803 1547 non
822 1485 982 1562 absolute,
998 1487 1055 1548 sed
1078 1487 1182 1548 modo
1198 1488 1343 1568 depreca-

252 1590 337 1652 torio
365 1588 566 1669 postulanda
593 1598 667 1666 est;
701 1609 797 1670 ergo„
848 1585 904 1673 (5.
933 1589 964 1650 T
960 1589 990 1652 lt.
1015 1589 1095 1670 Sup.
1123 1610 1155 1670 q.
1185 1607 1236 1668 29,
1259 1611 1286 1652 a
1311 1593 1334 1668 Sj

254 1693 406 1772 Utraque
421 1701 533 1754 autern
551 1692 665 1772 opinio
682 1690 776 1752 iacile
792 1691 995 1766 conciliatur,
1008 1692 1034 1752 si
1052 1691 1252 1755 admittatur
1262 1693 1345 1757 Chri-

253 1806 341 1858 stum
374 1815 440 1857 non
471 1790 744 1858 determinavisse
775 1795 915 1857 formam
954 1794 1052 1875 hujus
1083 1797 1284 1858 sacramenti
1320 1797 1345 1857 in

253 1899 373 1980 specie,
390 1899 447 1961 sed
465 1897 550 1960 hanc
567 1906 768 1980 potestatem
787 1897 945 1960 Ecclesiae
962 1897 1141 1978 reliquisse.
1188 1899 1231 1960 ln
1247 1909 1347 1978 praxi.

253 2005 357 2067 iorma
384 2004 612 2084 deprecatoria
640 2004 829 2066 adhibenda
857 2013 915 2076 est,
941 2010 1040 2082 prout
1066 2021 1086 2063 a
1116 2001 1245 2064 Rituali
1274 2022 1347 2083 pra-

252 2107 384 2188 scripta.

301 2225 347 2289 14.
382 2197 384 2202 ’
396 2222 430 2288 3⁰
442 2208 562 2280 Verba,
572 2229 647 2290 quae
660 2209 881 2272 communiter
892 2219 928 2272 ut
938 2207 1127 2270 essentialia
1138 2209 1349 2289 requiruntur.

253 2323 330 2374 sunt
349 2335 355 2374 :
373 2323 436 2392 per
450 2311 548 2374 istam
565 2312 742 2374 unitionem
760 2311 929 2391 indulgeat
943 2309 1004 2372 tibi
1017 2309 1183 2372 Dominus
1197 2310 1351 2391 quidquid

252 2414 426 2494 deliquisti,
443 2435 518 2476 curn
541 2415 644 2477 verbo
667 2434 800 2476 sensum
824 2415 1041 2495 exprimente.
1088 2412 1348 2476 Controvertitur

253 2529 363 2579 utrum
382 2519 422 2579 ad
441 2516 647 2579 validitatem
670 2518 853 2599 requiratur
874 2517 1008 2598 insuper
1030 2518 1156 2578 mentio
1178 2516 1345 2598 cujuslibet

155 2673 159 2678 .
254 2623 391 2696 sensus;
429 2620 499 2683 haec
527 2630 639 2682 tamen
668 2631 758 2684 certo
787 2621 962 2702 requiritur
988 2621 1031 2682 de
1058 2629 1229 2702 praecepto
1255 2621 1346 2702 graui.

160 2710 163 2716 ’
253 2723 333 2784 Vox
360 2725 515 2799 santiam,
543 2723 617 2785 licet
649 2745 713 2787 non
746 2723 939 2800 essentialis,
966 2724 1038 2784 sine
1068 2733 1210 2804 peccato
1236 2722 1347 2785 veniali

253 2827 362 2890 omitti
381 2827 503 2908 nequit.

356 3013 441 3088 Art.
471 3008 548 3086 III.
577 3010 638 3086 De
669 3007 877 3086 effetiibus
904 3009 977 3085 Ex.
1005 3008 1254 3086 Unuionisz

298 3190 345 3256 15.
392 3176 474 3237 Tres
490 3183 568 3236 sunt
583 3173 682 3255 hujus
698 3174 897 3237 sacramenti
913 3171 1051 3236 effestus
1069 3198 1076 3236 ε
1105 3187 1136 3234 1⁰
1149 3173 1273 3237 Gratiis
1289 3197 1347 3236 con-

245 3283 381 3362 fortans
393 3279 539 3341 animam
554 3286 668 3340 contra
682 3276 894 3340 difficultates
907 3277 1046 3339 articulo
1058 3279 1174 3341 mortis
1187 3288 1347 3361 urgentes:

254 3394 287 3446 2⁰
303 3383 464 3446 Reuuksio
486 3381 584 3461 culpor
605 3391 636 3443 et
650 3392 778 3460 [πεπτω
803 3393 837 3460 3⁰
855 3380 993 3442 Sortitus
1014 3381 1162 3462 corporis,
1182 3383 1211 3443 si
1235 3383 1348 3444 anima

253 3487 420 3568 expediat.
465 3486 621 3565 Jamvero
634 3483 775 3564 quaestio
788 3492 839 3545 est
855 3483 940 3544 inter
953 3483 1130 3564 theologos
1142 3485 1300 3565 quisnam
1312 3505 1347 3544 ex

289 3687 295 3716 ¹
313 3679 356 3730 De
369 3693 424 3745 quo
438 3685 533 3730 tamen
549 3673 623 3729 retle
641 3672 742 3728 Beneu.
759 3675 840 3741 XIV,
855 3676 870 3728 Ι.
886 3692 909 3728 c.
931 3693 936 3728 :
957 3674 1018 3728 “At
1035 3675 1178 3729 nescimus
1196 3693 1255 3746 quo
1275 3673 1348 3746 patio

254 3763 341 3831 possit
355 3763 518 3832 deprecatio
533 3761 650 3815 inveniri
670 3762 697 3814 in
717 3761 779 3816 aliis
792 3762 899 3827 formis,
911 3780 944 3815 ex
958 3761 1086 3832 plurimis
1098 3763 1226 3832 antiquis
1240 3765 1347 3818 Ritualr-

253 3850 335 3903 busa
351 3851 489 3903 Menardo
502 3861 530 3903 et
546 3850 675 3904 Martene
688 3849 842 3918 produtlis,
858 3849 1002 3918 inquibus
1021 3849 1112 3903 solum
1131 3850 1287 3906 adhibetur
1300 3869 1347 3904 rer-

253 3936 320 3988 bum
334 3953 417 4005 ungo,
434 3937 540 4006 absque
554 3937 609 3990 alio
623 3936 817 3991 additamento
831 3955 846 3991 e
860 3953 915 4006 quo
929 3937 1089 4006 deprecatio
1107 3937 1203 4008 colligi
1223 3953 1273 3994 aut
1292 3937 1346 4006 finp'

255 4033 338 4089 queat
347 4023 368 4075 ''.

289 4107 342 4159 ²¹5.
361 4109 386 4160 T
383 4108 454 4162 ltouz.
471 4127 498 4178 q.
515 4124 560 4176 3o;
580 4112 697 4176 Saurea,
708 4112 778 4180 disp.
792 4113 871 4176 XLI,
891 4109 1030 4166 Bellarm.
1043 4127 1066 4164 c.
1082 4112 1110 4175 8;
1131 4113 1258 4178 Drour'u,
1269 4131 1295 4184 q.
1307 4113 1348 4164 l'lz

256 4194 284 4245 S.
302 4191 409 4258 Beate,
425 4195 496 4263 disp.
513 4198 556 4262 V;
575 4199 607 4250 de
621 4199 802 4268 Auguslr'uis,
824 4217 849 4253 a.
872 4215 906 4269 5;
926 4200 1061 4267 Sclrmita,
1081 4217 1126 4269 op.
1144 4201 1190 4255 cit
1213 4219 1239 4271 p
1260 4205 1293 4255 fir
1315 4219 1346 4268 sq-

260 4278 363 4332 “recu
381 4281 407 4331 T
404 4281 502 4333 rident.
517 4300 543 4350 p.
562 4301 601 4338 ιι.
618 4285 653 4339 de
667 4287 700 4338 E.
717 4285 800 4340 Uno.
816 4305 840 4340 n.
856 4286 897 4342 28.
