2794 4662
224 188 290 240 686
586 187 647 244 ,DE
667 187 960 240 uanntuoruo.

223 365 273 446 (c)
291 366 379 429 Hinc
403 367 499 430 tertia
521 376 573 430 est
595 368 710 449 opinio
731 386 891 442 asserens,
907 386 982 429 cum
1008 365 1181 429 Bencdr'llo
1200 365 1239 426 X
1239 364 1261 426 I
1268 363 1321 437 V¹‚

224 469 476 534 dissolutionem
493 469 561 533 fieri
568 472 649 553 jure
660 471 957 552 divin0,quatenus
973 469 1036 551 legi
1054 468 1321 531 indissolubilita-

223 573 266 634 tis
290 573 440 637 Christus
463 575 695 655 exceptionem
719 576 875 657 apposuit
898 575 930 636 in
954 574 1096 656 gratiam
1122 582 1232 636 status
1254 572 1322 634 reli·

223 675 316 757 giosi,
328 678 610 757 quemadmodum
627 678 770 742 vidimus
787 697 887 742 unam
904 678 1093 759 appositam
1111 677 1323 740 matrimonio

224 777 414 844 infidelium.
469 781 524 846 Sic
551 782 640 844 enim
668 783 863 864 intelligitur
889 783 1059 862 quomodo
1091 780 1319 844 Trr'dentr'num
1386 725 1388 828 l

224 901 292 944 rem
315 881 451 946 definire
478 884 623 965 potuerit
651 893 810 966 tanquam
834 886 878 947 de
900 883 979 958 fide,
1001 883 1177 964 quomodo
1202 884 1323 964 pariter

225 985 400 1048 Pontifices
416 986 472 1069 qui
496 987 591 1068 primi
615 988 657 1050 de
680 987 742 1050 hoc
767 986 938 1069 privilegio
961 985 1063 1049 locuti
1085 995 1176 1060 sunt,
1192 987 1320 1068 praxim

219 1086 289 1167 jam
313 1090 412 1172 plane
427 1090 608 1154 stabilitam
626 1093 868 1173 supposuerint,
885 1110 953 1154 nec.
969 1090 1045 1153 ullae
1068 1090 1320 1153 reclamationes

223 1199 301 1254 tunc
317 1201 399 1256 ortae
421 1193 548 1256 suerint.
595 1192 769 1273 Objiciunt
785 1193 920 1275 quidem
936 1193 1114 1256 adversarii
1131 1193 1321 1256 solemnita-

223 1303 290 1358 tem
308 1295 468 1378 religiosae
481 1295 694 1378 professionis
708 1297 750 1358 ab
764 1298 835 1377 ipsa
849 1296 998 1359 Ecclesia
1011 1296 1200 1359 institutam
1216 1297 1321 1370 luisse

223 1399 280 1460 sed
298 1397 667 1475 difficultasevanescit,
684 1401 710 1461 si
728 1400 926 1462 admittatur
943 1401 1195 1462 matrimonium
1213 1401 1245 1462 in
1262 1399 1320 1461 hoc

222 1518 299 1562 casu
317 1501 398 1563 solvi
411 1503 494 1582 jure
509 1502 637 1582 partim
653 1501 776 1577 diru'no,
785 1504 912 1583 partim
929 1502 1140 1566 ecclesiastico.
1189 1503 1256 1564 Res
1279 1503 1320 1563 sic

222 1605 350 1686 concipi
372 1615 484 1686 potest
501 1629 508 1668 ι
532 1605 683 1669 Christus
706 1606 738 1668 in
755 1607 924 1669 communi
941 1615 1071 1668 tantum
1088 1606 1321 1668 determinavit

223 1709 470 1770 matrimonium
495 1707 577 1772 solvi
602 1728 700 1790 posse
724 1729 782 1791 per
798 1717 923 1772 statum
946 1709 1146 1789 religiosum,
1165 1709 1320 1771 Ecclesiae

222 1819 421 1890 potestatem
446 1810 663 1892 relinquendo
684 1811 928 1875 determinandi
952 1811 987 1874 in
1002 1811 1098 1892 spen‘e
1113 1813 1320 1874 conditiones

221 1934 296 1994 quae
319 1924 443 1978 statum
468 1915 657 1996 religiosum
683 1916 902 1990 constituant,
924 1915 1129 1998 proindeque
1153 1917 1318 1980 matr-imo

222 2018 312 2082 nium
337 2029 445 2083 ratum
470 2020 651 2096 dirimant;
679 2020 725 2082 sic
749 2020 838 2082 enim
863 2018 1057 2101 intelligitur
1079 2022 1261 2100 quomodo,
1277 2021 1319 2081 ita

222 2131 388 2184 statuente
402 2122 560 2198 Ecclesia
572 2133 649 2186 vota
665 2122 827 2185 solemnia
843 2142 908 2185 non
926 2131 1037 2185 autem
1053 2123 1220 2206 simplicia
1236 2122 1319 2185 hunc

222 2226 407 2320 producant
422 2223 585 2290 efsedtum.
631 2226 684 2308 (d)
701 2225 830 2307 Quarta
851 2227 986 2290 tandem
1003 2227 1118 2309 opinio
1139 2237 1235 2291 tenet
1255 2249 1318 2290 ma-

221 2328 413 2392 trimonium
430 2330 511 2392 solvi
523 2331 606 2412 jure
619 2331 732 2393 divino
749 2330 911 2411 implicito,
926 2350 984 2393 seu
999 2342 1062 2413 per
1075 2332 1318 2394 ministerialem

222 2430 314 2493 illam
328 2441 527 2513 potestatem,
542 2437 608 2513 qua
626 2432 777 2496 Ecclesia
797 2432 969 2514 dispensat
985 2453 1006 2494 a
1020 2443 1107 2508 voto,
1120 2433 1319 2514 juramento,

221 2533 359 2614 aliisque
382 2535 637 2616 impedimentis,
654 2544 790 2616 propter
813 2555 947 2616 gravem
972 2538 1218 2600 necessitatem.
1264 2537 1318 2598 Vi·

222 2637 341 2700 delicet
365 2639 397 2699 in
422 2638 626 2720 amplissima
650 2647 818 2720 potestate
840 2638 982 2701 clavium
1006 2660 1026 2701 a
1042 2639 1178 2702 Christo
1201 2639 1317 2702 collata

221 2740 511 2822 comprehenditur
543 2741 766 2804 ministerialis
796 2760 854 2803 seu
886 2741 1148 2805 instrumentalis
1181 2742 1317 2806 facultas

221 2844 434 2925 dispensandi
459 2865 479 2907 a
501 2845 700 2925 quibusdam
717 2843 977 2925 obligationibus
998 2844 1071 2924 jure
1086 2845 1204 2908 divino
1227 2847 1315 2909 indu·
1385 2867 1386 2882 ³

221 2945 292 3022 etis,
307 2950 443 3029 quando
458 2948 637 3029 spiritualis
649 2950 835 3011 animarum
849 2948 975 3011 utilitas
991 2948 1023 3010 id
1041 2949 1185 3029 requirit
1230 2952 1316 3031 Jam·
1385 2951 1386 2974 ¹

221 3073 299 3114 vero
314 3053 475 3134 obligatio
495 3073 570 3134 quae
594 3053 733 3116 resultat
755 3073 799 3114 ex
823 3052 951 3114 vinculo
976 3053 1177 3116 matrimonii
1204 3056 1265 3116 rati
1287 3065 1316 3116 et

222 3177 288 3220 non
305 3147 536 3233 consummati,
552 3159 629 3221 licet
651 3159 776 3221 oriatur
797 3177 839 3219 cx
862 3157 935 3238 jure
950 3155 1072 3234 divino,
1088 3177 1155 3219 non
1182 3159 1230 3220 ita
1251 3179 1316 3241 per-

222 3260 308 3326 sefta
335 3272 384 3326 est
412 3273 448 3326 ut
480 3262 675 3326 nullomodo
702 3261 784 3323 solvi
817 3263 931 3343 possit,
958 3261 1049 3342 gravi
1081 3261 1317 3325 interveniente

222 3369 327 3430 causa
374 3367 460 3449 Quae
476 3367 640 3430 sententia
657 3375 709 3429 sat
724 3364 904 3445 probabilis
920 3374 978 3439 est,
995 3373 1029 3426 et
1044 3365 1249 3429 sufficienter
1263 3387 1317 3428 ex·

221 3471 323 3552 plicat
335 3490 393 3532 cur
406 3470 652 3532 matrimonium
666 3468 856 3548 hujusmodi
874 3487 940 3530 non
954 3466 1060 3530 solum
1075 3487 1133 3548 per
1146 3468 1316 3549 professio·

222 3594 297 3635 nem
323 3573 520 3654 religiosam,
545 3573 603 3635 sed
629 3573 729 3634 etiam
757 3591 815 3652 per
838 3571 1122 3652 dispensationem
1152 3573 1317 3638 Pontificis

222 3677 303 3741 solvi
328 3678 440 3758 possit,
458 3677 533 3738 licet
558 3676 602 3739 nil
627 3676 688 3737 hac
711 3674 753 3737 de
778 3695 811 3736 re
835 3675 993 3758 explicite
1016 3675 1048 3737 in
1067 3675 1243 3758 Scriptura
1266 3688 1317 3741 aut

223 3782 380 3862 primaeva
396 3781 590 3843 Traditione
607 3780 794 3842 inveniatur
804 3791 825 3842 ².

223 3948 337 4002 siastico
349 3949 405 4001 tale
418 3948 593 4015 privilegium
602 3963 769 4001 concessum
782 3946 888 4012 luisset,
897 3946 998 4000 eadem
1008 3945 1178 4001 auctoritate
1190 3949 1249 4002 tolli
1262 3965 1319 4017 pos·

224 4043 279 4098 set,
300 4043 329 4085 et
345 4033 405 4100 jam
423 4033 524 4086 salsum
543 4034 675 4087 evaderet
694 4033 770 4102 quod
793 4033 820 4087 in
843 4050 952 4088 canone
972 4034 1139 4088 declaratur.
1191 4036 1235 4090 Ct'.
1257 4035 1318 4088 Pal·
1382 4051 1383 4060 ¹

224 4120 314 4182 mirri,
327 4118 344 4170 l.
359 4134 381 4170 c.

259 4200 267 4230 ¹
282 4203 417 4254 Beuedili,
429 4203 460 4253 X
459 4204 478 4254 I
482 4204 514 4281 V,
522 4215 621 4271 quaest.
633 4221 694 4260 can.
709 4217 738 4260 et
749 4207 859 4272 moral,
876 4226 901 4277 q.
918 4209 976 4276 546.
1382 4157 1383 4228 l

259 4287 323 4338 2Αά
337 4287 468 4340 fusiorem
481 4289 562 4347 huius
575 4291 715 4358 opinionis
727 4294 930 4362 expositionem
946 4295 1009 4350 vide
1022 4295 1122 4358 Billol,
1134 4297 1174 4350 tlr.
1186 4311 1277 4365 44-45.
1371 4291 1382 4616 p
