2776 4644
226 167 262 215 lo
658 167 713 216 DE
731 167 889 215 GRATIA

617 285 797 292 .—-.-—.--

227 345 375 401 “Memor
393 356 457 402 esto
477 342 557 402 unde
571 346 737 403 excideris:
766 363 821 416 age
841 344 1056 417 poenitentiam,
1072 353 1101 401 et
1115 344 1210 416 prima
1229 362 1342 415 opera

223 432 314 488 fac’'¹.
356 432 394 489 Et
414 433 519 489 iterum
536 453 541 487 ι
567 433 672 504 “Quae
686 432 852 490 secundum
868 433 967 488 Deum
980 432 1096 488 tristitia
1109 443 1162 500 cst,
1176 433 1341 503 poeniten-

223 517 292 575 tiam
307 519 335 574 in
350 518 474 575 salutem
488 517 622 576 stabilem
643 529 782 590 operatur
793 519 834 576 ''².
875 519 913 575 Et
927 536 1025 576 rursus
1042 541 1047 575 :
1080 519 1337 578 “Paenitentiam

223 606 308 676 agite,
325 616 354 663 et
367 606 454 663 facite
468 606 579 663 tructus
593 606 699 678 dignos
714 607 899 678 poenitentiae
911 607 925 630 '⁵
936 607 954 662 ³.

225 749 332 810 CAP.
353 754 407 814 15.
432 753 616 826 Quolibet
637 757 787 813 mortali
813 760 970 826 peccato
989 755 1115 812 amitti
1141 752 1336 822 gratiam,

617 852 685 910 sed
706 864 780 908 non
803 851 930 908 fldem.

189 977 190 982 ’
259 974 411 1032 Adversus
424 975 513 1032 etiam
533 975 688 1031 hominum
709 974 906 1045 quorumdam
927 975 1034 1031 callida
1053 973 1180 1044 ingenia,
1198 973 1247 1044 qui
1269 991 1335 1044 per

223 1061 325 1118 dulces
334 1079 486 1119 sermones
496 1073 524 1120 et
536 1062 763 1119 benedictiones
773 1062 920 1118 seducunt
930 1063 1021 1118 corda
1029 1061 1233 1118 innocentium
1245 1077 1333 1117 asse-

223 1148 348 1206 rendum
362 1160 406 1207 est
423 1170 429 1206 ι
450 1168 510 1206 uon
525 1151 617 1207 modo
632 1149 816 1215 infidelitate,
830 1167 882 1220 per
896 1167 985 1220 quam
1001 1161 1029 1206 et
1044 1150 1107 1221 ipsa
1121 1148 1196 1206 fides
1212 1148 1315 1205 amitti
1321 1182 1333 1190 -

223 1246 280 1306 tur3
300 1237 350 1293 sed
366 1236 454 1293 etiam
473 1255 636 1307 quocunque
648 1236 707 1292 alth
720 1236 964 1307 irrortalt‘percam,
978 1235 1113 1307 quamvis
1129 1253 1185 1290 non
1204 1235 1332 1291 arrrr'lta-

223 1321 507 1393 trrrfides,acceplaru
513 1321 734 1392 justificationis
743 1322 875 1391 gratiam
889 1321 994 1390 arrrr'tlr',
1009 1321 1118 1378 divinae
1132 1319 1332 1392 legisdocto-

222 1426 292 1464 nam
306 1408 508 1475 defendendo,
524 1426 591 1479 quae
610 1427 626 1464 a
647 1425 738 1478 reguo
752 1407 808 1464 Dei
829 1425 889 1463 non
910 1407 1006 1463 solum
1028 1406 1161 1464 infideles
1181 1407 1331 1476 excludit,

222 1495 275 1552 sed
295 1504 324 1551 et
343 1494 446 1552 fideles
466 1512 587 1565 quoque
608 1495 786 1562 fornicarios,
808 1494 968 1559 adulteros,
989 1494 1102 1559 molles,
1122 1494 1329 1552 masculorum

221 1580 437 1650 concubitores,
455 1581 543 1644 sures,
558 1598 670 1648 avaros,
689 1579 832 1647 ebriosos,
850 1581 1021 1650 maledicos,
1043 1598 1172 1652 rapaces,
1196 1590 1327 1638 ceteros-

221 1680 280 1733 que
293 1681 406 1732 omneS,
419 1664 470 1734 qui
485 1663 604 1720 lethalia
616 1663 808 1720 committunt
822 1675 943 1736 peccata
952 1683 959 1734 3
978 1681 994 1719 a
1008 1662 1199 1734 quibuscum
1214 1663 1327 1721 divinae

223 1749 324 1820 gratiae
336 1750 511 1820 adjumento
524 1749 672 1808 abstinere
686 1761 820 1821 possunt,
838 1761 867 1808 et
882 1768 935 1822 pro
949 1750 1059 1822 quihus
1072 1769 1089 1807 a
1103 1750 1212 1809 Christi
1228 1751 1325 1822 gratia

223 1846 403 1906 separantur.

226 1959 332 2020 CAP.
345 1960 400 2019 16.
414 1960 468 2017 De
486 1959 615 2018 fructu
626 1960 640 2030 j
651 1959 931 2033 ustificationls,
944 1960 1015 2018 hoc
1034 1966 1103 2031 est,
1118 1961 1165 2018 de
1181 1961 1325 2018 merito

282 2058 468 2115 bonorum
485 2068 659 2128 operum,
675 2056 797 2130 deque
815 2057 938 2128 ipsius
955 2057 1085 2115 meriti
1103 2057 1266 2115 ratione.

259 2179 328 2235 Hac
342 2178 429 2249 igitur
441 2177 555 2235 ratione
568 2178 733 2249 justificatis
747 2179 928 2250 hominibus,
945 2180 1005 2237 sive
1024 2190 1177 2252 acceptam
1198 2180 1322 2252 gratiam

224 2277 368 2338 perpetuo
382 2266 627 2333 conservaverint,
641 2268 701 2322 sive
714 2267 853 2324 arrrissam
867 2267 1112 2338 recuperaverint,
1125 2267 1323 2338 proponenda

223 2363 292 2409 sunt
306 2352 442 2423 Apostoli
463 2351 552 2408 verba
569 2373 574 2408 :
608 2351 797 2411 “Abundate
818 2353 847 2409 in
873 2355 954 2411 omni
974 2371 1064 2425 opere
1085 2353 1175 2424 bono,
1192 2353 1321 2412 scientes

223 2437 306 2510 quod
319 2436 402 2493 labor
415 2448 509 2494 vester
522 2455 582 2493 non
596 2449 640 2494 est
654 2439 749 2495 inanis
764 2440 793 2495 iu
805 2439 938 2496 Domino
947 2459 954 2509 ;
974 2439 1123 2496 nonenim
1138 2441 1263 2510 injustus
1277 2453 1322 2498 est

225 2527 316 2594 Deus,
332 2533 364 2580 ut
378 2521 567 2579 obliviscatur
586 2524 684 2594 operis
701 2526 797 2594 vestri,
808 2536 837 2582 et
851 2525 1027 2596 dilectionis,
1044 2544 1134 2597 quarn
1149 2526 1320 2584 ostendistis

223 2612 252 2667 in
267 2610 389 2668 nomine
404 2609 495 2680 ipsius
507 2609 549 2666 ''⁴.
589 2609 626 2667 Er
643 2631 649 2666 :
674 2613 687 2638 ‘·
699 2611 799 2670 Nolite
812 2613 947 2670 amittere
955 2613 1168 2670 confidentiam
1179 2625 1313 2682 vestram,

223 2715 290 2768 quae
303 2713 441 2766 magnam
455 2695 545 2753 habet
555 2698 823 2755 remunerationem
835 2699 869 2754 ’'⁵.
908 2700 1008 2770 Atque
1023 2699 1091 2756 ideo
1105 2698 1181 2756 bene
1194 2717 1319 2772 operan-

223 2785 302 2842 tibus
321 2800 416 2854 usque
437 2783 466 2838 in
486 2783 586 2854 finem,
602 2794 631 2840 et
651 2784 680 2840 in
696 2785 763 2842 Deo
782 2787 978 2856 sperantibus,
992 2785 1188 2858 proponenda
1202 2797 1245 2844 est
1257 2789 1317 2846 vila

223 2883 339 2940 aeterna,
356 2881 385 2927 et
408 2877 548 2940 tanquam
564 2871 666 2941 gratia
690 2872 756 2928 liliis
771 2873 828 2930 Dei
848 2891 901 2944 per
920 2873 1069 2932 Christum
1083 2873 1186 2946 Jesum
1209 2875 1320 2934 miscri-

222 2959 350 3016 corditer
369 2957 524 3028 promissa,
547 2967 576 3014 et
595 2966 735 3029 tanquam
759 2977 858 3016 urerces
877 2979 912 3018 ex
932 2961 1023 3032 ipsius
1048 2961 1102 3017 Dei
1124 2962 1320 3032 promissione

223 3045 310 3102 bonis
329 3043 460 3114 ipsorum
481 3044 622 3114 operibus
641 3055 670 3102 et
690 3047 801 3104 meritis
823 3048 949 3106 fideliter
975 3048 1138 3106 reddenda.
1179 3049 1254 3107 Haec
1274 3063 1319 3109 est

223 3131 301 3189 euim
324 3131 373 3186 illa
392 3148 502 3187 corona
523 3131 652 3203 justitiae,
669 3151 759 3204 quam
782 3144 850 3206 post
869 3152 954 3191 suum
978 3145 1128 3193 certamen
1148 3145 1178 3192 et
1196 3153 1315 3195 cursum

222 3215 349 3289 positam
364 3214 418 3271 sibi
432 3231 495 3271 esse
508 3213 606 3272 aiebat
615 3217 787 3288 Apostolus,
804 3220 912 3290 ajusto
925 3218 1032 3290 Judice
1046 3216 1101 3275 sibi
1116 3217 1297 3277 reddendam
1311 3241 1318 3277 :

222 3319 282 3358 non
296 3299 391 3358 solum
404 3310 502 3356 autem
518 3300 582 3368 sibi,
593 3302 645 3358 sed
656 3312 685 3359 et
694 3303 842 3373 omnibus,
855 3304 905 3375 qui
917 3304 1044 3376 diligunt
1054 3304 1214 3361 adventum
1225 3307 1288 3376 ejus
1296 3311 1316 3364 ⁸.

258 3389 336 3448 Cum
349 3387 428 3444 enim
443 3387 491 3444 ille
505 3388 568 3459 ipse
579 3389 714 3447 Christus
728 3391 814 3462 Jesus
829 3403 969 3462 tanquam
982 3402 1072 3463 caput
1086 3392 1115 3448 in
1129 3391 1271 3464 membra,
1288 3405 1318 3451 et

221 3487 364 3547 tanquam
379 3473 446 3530 vitis
461 3474 489 3530 in
506 3474 651 3545 palmites,
666 3477 695 3532 in
709 3477 790 3548 ipsos
803 3478 980 3548 justificatos
998 3479 1107 3550 jugiter
1119 3478 1255 3537 virtutem
1277 3482 1319 3538 in-

222 3563 302 3626 fluat,
317 3579 385 3632 quae
395 3559 485 3618 virtus
497 3560 576 3618 bona
589 3580 692 3619 eorum
706 3581 795 3636 opera
810 3582 926 3636 semper
940 3565 1099 3636 antecedit,
1112 3575 1141 3622 et
1154 3567 1317 3634 comitatur,

222 3659 251 3705 et
263 3647 461 3718 subsequitur,
475 3657 505 3704 et
519 3649 582 3706 sine
595 3649 654 3720 qua
668 3649 750 3706 nullo
771 3650 859 3722 pacto
871 3652 938 3708 Deo
951 3661 1034 3722 grata
1048 3661 1076 3708 et
1090 3651 1239 3710 meritoria
1254 3671 1319 3713 esse

222 3743 360 3806 possent:
383 3732 454 3789 nihil
468 3734 539 3805 ipsis
548 3735 715 3806 justificatis
728 3738 855 3809 amplius
869 3739 974 3796 deesse
987 3738 1170 3796 credendum
1182 3749 1233 3809 est,
1247 3757 1321 3812 quo-

222 3816 320 3872 minus
333 3815 421 3886 plene
435 3816 490 3872 illis
503 3818 625 3888 quidem
640 3819 790 3891 operibus,
807 3837 874 3892 quae
887 3820 917 3876 in
932 3822 999 3878 Deo
1020 3831 1088 3879 sunt
1108 3821 1195 3888 satta,
1211 3822 1321 3883 divinae

221 3901 277 3972 legi
292 3917 346 3973 pro
360 3902 449 3971 huius
462 3903 528 3959 vitae
541 3913 617 3961 statu
632 3905 816 3975 satisfecisse,
836 3919 865 3965 et
884 3909 975 3964 vitam
995 3918 1135 3965 aeternam
1155 3925 1210 3966 suo
1229 3909 1320 3968 etiam

221 3999 364 4059 tempore,
378 3987 400 4043 si
416 3998 514 4044 tamen
531 3987 561 4044 in
574 3991 667 4061 gratia
687 3991 879 4058 decesserint,
894 3993 1150 4064 consequendam,
1166 4011 1233 4052 vere
1253 4013 1322 4066 pro-

255 4153 369 4224 ¹Apoc.‚
390 4156 427 4221 ll,
441 4166 465 4224 5.
479 4187 513 4195 -
526 4159 580 4210 'll
592 4158 666 4223 Cor,
680 4159 748 4224 Vll,
767 4175 806 4213 ιο.
821 4161 986 4228 -³rl{ntl.,
1007 4161 1062 4224 Ill,
1079 4179 1106 4215 2.

255 4243 292 4295 4Ι
302 4243 373 4309 Cor,
387 4242 449 4309 XV,
467 4243 505 4310 58.
520 4273 553 4282 -
566 4243 681 4310 *Heba
699 4246 734 4312 X,
746 4259 787 4315 35.
804 4245 901 4300 —lll
915 4245 1001 4314 Iius,
1019 4249 1068 4317 IV,
1085 4249 1109 4302 8.
1193 4313 1195 4316 v
