2738 4646
240 173 308 234 292
566 175 627 230 m:
646 176 697 225 SS.
711 175 1012 229 Eucfflarsrrn.

238 354 290 412 dat
293 354 467 427 ,praesertim
482 372 550 411 cum
569 354 617 411 illa
633 355 721 427 plena
734 354 900 412 formidinis
912 354 1002 412 verba
1014 353 1095 438 apud
1110 352 1269 424 Apostolum
1280 349 1309 405 le·

239 457 368 511 gamus:
391 440 455 514 Qui
462 442 620 498 manducat
628 447 655 498 et
663 441 735 514 biber
746 441 874 521 indigne,
881 425 1027 512 judiciam
1038 425 1095 498 si'br'
1102 435 1309 494 nranducrralr'-

238 526 290 596 bit
305 545 361 582 non
379 526 544 622 dijudicans
561 535 661 598 carpus
673 511 824 584 Dami'¹nt.
871 527 973 600 Quare
991 525 1209 584 communicare
1224 521 1309 579 uolenti

240 613 442 680 revocandum
450 623 494 671 est
504 613 534 669 in
543 613 716 672 memoriam
726 614 790 685 ejus
798 624 994 686 praeceptum:
1005 609 1310 680 Probataatemser'psm

239 699 346 756 hartrat
388 699 597 774 Ecclesiastiqa
607 710 705 757 autem
717 699 905 758 consuetudo
915 699 1046 758 declarat
1056 715 1122 758 eam
1134 696 1311 769 probationem

241 786 436 844 necessariam
450 803 523 854 esse,
532 797 564 844 ut
578 786 676 842 nullus
686 785 740 844 sibi
756 786 893 843 conscius
907 786 1022 858 peccati
1036 784 1312 855 anomalisquantum·

240 871 284 927 vis
294 871 349 928 sibi
360 872 504 929 contritus
513 857 657 940 videatur,
665 873 779 944 absque
790 872 941 946 praemissa
927 871 1156 940 sacramentali
1162 869 1310 940 confessione,

240 957 282 1018 ad
292 975 405 1042 sacram
421 958 637 1016 Eucharistiam
650 959 794 1016 accedere
807 958 939 1016 debeat:
961 958 1044 1028 quod
1058 975 1075 1015 a
1088 957 1257 1016 Christianis
1268 971 1314 1011 orn·

241 1043 339 1110 nibus,
354 1045 442 1102 etiam
457 1043 526 1102 ab
509 1063 544 1101 us
557 1044 778 1110 Sacerdotibus.
792 1044 903 1117 quibus
915 1063 950 1102 ex
963 1043 1062 1101 officio
1081 1042 1244 1100 incubuerit
1258 1041 1314 1098 cele

244 1128 336 1198 brare,
346 1131 409 1190 baec
423 1130 569 1202 sancta&
569 1130 675 1190 nodus
690 1141 833 1202 perpetuo
844 1131 1022 1204 servandum
1034 1147 1098 1190 esse
1112 1129 1246 1196 decrerit,
1256 1125 1314 1182 arradr

242 1235 299 1274 aran
317 1217 391 1274 desit
407 1217 469 1274 illis
480 1218 560 1288 copia
577 1218 774 1289 Cansessorrs,·
798 1218 881 1289 quod
900 1218 933 1284 si,
949 1201 1126 1292 necessitate
1145 1229 1268 1288 urgente,
1281 1217 1315 1268 Sr-

241 1303 346 1362 cerdos
359 1304 473 1376 absque
490 1305 598 1378 praeviai
611 1305 800 1364 consessione
813 1304 1014 1369 celebraverit,
1029 1305 1242 1376 quamprimum
1252 1297 1315 1370 carp·

242 1399 345 1450 lentur.
416 1421 418 1427 ·

295 1537 400 1598 CAP.
420 1538 455 1598 8.
477 1537 530 1595 De
545 1549 618 1596 usu
635 1536 880 1596 admirabilis
897 1535 1018 1607 hujus
1035 1536 1279 1596 sacramenti.

279 1682 388 1754 Quoad
403 1699 490 1739 usum
503 1693 612 1752 autem,
626 1681 706 1740 recte
719 1693 749 1740 et
762 1683 911 1754 sapienter
925 1682 1025 1738 Patres
1038 1681 1130 1739 nostri
1144 1692 1202 1739 tres
1214 1681 1317 1737 rationes

244 1770 301 1826 hoc
312 1769 448 1825 sanetum
460 1769 683 1826 Sacramentum
694 1768 861 1839 accipiendi
877 1767 1089 1840 distinxerunt3
1106 1767 1249 1839 quosdam
1258 1767 1317 1824 enim

242 1858 410 1916 docuerunt
420 1855 669 1912 sacramentaliter
676 1856 827 1912 duntaxat
836 1855 866 1914 id
877 1867 1003 1921 sumere,
1014 1864 1046 1912 ut
1057 1865 1228 1926 peccatores
1241 1877 1245 1910 :
1263 1853 1318 1910 alios

244 1951 359 2000 raretum
371 1942 574 2014 spiritualiter,
590 1942 656 2000 illos
669 1942 819 2009 nimirum,
835 1943 971 2014 quivoro
988 1943 1175 2015 propositum
1189 1942 1263 1999 illum
1276 1962 1318 1996 ne·

244 2032 347 2089 lestem
362 2048 470 2102 panem
485 2030 619 2095 edentes,
630 2030 690 2088 fide
700 2031 773 2100 viva,
783 2048 850 2102 quae
861 2039 914 2102 per
924 2028 1119 2088 dilectionem
1129 2041 1269 2102 operatur,
1278 2030 1318 2084 lru·

243 2119 325 2176 etum
336 2120 399 2189 ejus
410 2129 439 2176 et
450 2118 605 2175 utilitatem
617 2118 750 2175 sentiunt
762 2139 768 2176 :
789 2117 890 2176 tertios
901 2133 989 2190 porro
999 2118 1245 2174 sacramentaliter
1252 2113 1320 2173 simil

244 2219 273 2266 et
292 2207 433 2279 sprrr'ltrrn
432 2206 508 2273 r',·ler
538 2207 567 2262 lii
591 2217 691 2265 autern
714 2217 797 2274 sunt,
819 2207 870 2278 qui
890 2207 930 2263 ita
949 2224 981 2264 se
1000 2206 1081 2277 prius
1102 2206 1226 2278 probant
1247 2217 1270 2261 et
1289 2203 1319 2256 in

244 2305 373 2362 struunt,
395 2306 427 2352 ut
449 2305 560 2351 vestem
584 2295 749 2366 nuptialem
772 2292 868 2351 induti
889 2294 929 2351 ad
951 2293 1083 2394 divinam
1109 2293 1187 2350 banc
1210 2305 1319 2349 nieman

244 2382 398 2440 accedant.
492 2387 494 2390 ’
1122 2399 1125 2406 ·

243 2471 317 2526 In
338 2468 542 2526 sacramentali
561 2479 661 2525 autem
682 2468 853 2539 sumptione
872 2485 989 2539 semper
1007 2467 1038 2523 in
1053 2467 1189 2525 Ecclesia
1203 2467 1320 2524 Deis
1272 2480 1320 2520 uros

246 2556 308 2622 suit,
325 2565 356 2613 ut
375 2555 440 2611 laici
454 2573 471 2610 a
486 2553 696 2612 Sacerdotibus
710 2554 955 2612 communionem
973 2555 1154 2626 acciperent,
1170 2554 1320 2613 Sacerdotes
1355 2593 1356 2602 ,

244 2654 345 2698 autem
359 2641 543 2698 celebrantes
561 2641 675 2712 seipsos
692 2640 968 2712 communicarent;
987 2641 1039 2712 qui
1056 2659 1131 2712 ratos,
1149 2653 1281 2712 tanquam
1296 2655 1321 2693 ex

245 2726 404 2785 traditione
418 2725 592 2797 Apostolicri
605 2727 803 2792 descendens,
817 2728 881 2798 jure
894 2745 928 2784 ac
942 2727 1049 2806 merito
1059 2728 1176 2786 retineri
1191 2726 1280 2785 debet

283 2815 413 2870 Densum
428 2824 526 2869 autem
546 2823 669 2885 paterno
686 2813 794 2870 affedlu
811 2814 954 2890 admonet
971 2812 1072 2870 sancta
1087 2813 1232 2885 Synodus,
1247 2813 1321 2870 horta·

247 2913 301 2968 tur,
312 2909 404 2970 rogat,
414 2910 443 2956 et
456 2899 591 2956 obsecrat
605 2917 657 2971 per
667 2899 779 2957 viscera
792 2899 1001 2957 misericordiae
1014 2899 1070 2957 Dei
1085 2901 1186 2968 nostri,
1197 2911 1228 2957 ut
1239 2913 1322 2956 omnes

246 3000 275 3044 et
289 2986 406 3056 singuli,
420 2987 470 3055 qui
485 2985 655 3044 Christiano
669 2986 792 3044 nomine
804 2997 973 3055 censentur,
987 2987 1016 3043 in
1033 2986 1092 3044 hoc
1110 2987 1230 3044 unitatis
1246 2986 1321 3054 signu.

247 3072 276 3127 in
291 3070 348 3126 boc
362 3070 481 3126 vinculo
493 3070 632 3139 caritatis,
643 3071 672 3126 in
687 3070 744 3127 hoc
754 3070 925 3128 concordiae
936 3071 1073 3142 symbolo
1085 3071 1146 3142 jam
1161 3071 1275 3129 tandem
1287 3067 1323 3124 ali·

247 3155 370 3230 quando
388 3156 566 3214 conveniant
584 3168 614 3215 et
631 3158 823 3228 concordent,
841 3175 1048 3230 memoresque
1066 3168 1154 3216 tantae
1170 3155 1322 3229 Maiestatis,
1354 3149 1355 3152 ’

247 3257 276 3303 et
290 3255 349 3301 tam
363 3243 462 3300 eximii
476 3244 583 3300 amoris
596 3245 667 3317 Jesu
681 3243 791 3303 Christi
808 3245 930 3302 Domini
949 3244 1051 3314 nostri,
1063 3245 1113 3317 qui
1133 3243 1267 3303 dilectam
1279 3241 1324 3298 ani·

247 3349 325 3389 marn
340 3348 424 3388 suant
439 3331 469 3386 in
483 3341 591 3388 nostrae
605 3331 706 3388 salutis
721 3332 857 3404 pretium,
873 3343 902 3389 et
919 3349 1038 3390 carnem
1057 3349 1140 3389 suam
1160 3332 1245 3390 nobis
1260 3326 1324 3388 dedit

244 3419 285 3476 ad
299 3416 543 3476 manducandum
559 3439 565 3484 ;
588 3417 653 3475 baec
670 3435 751 3474 sacra
769 3419 905 3490 mysteria
918 3419 1051 3491 corporis
1064 3429 1094 3476 et
1107 3421 1255 3491 sanguinis
1267 3417 1322 3486 ejus

247 3509 282 3564 ea
303 3505 372 3564 tidei
391 3505 559 3563 constantia
578 3516 607 3562 et
626 3505 773 3576 firmitate,
790 3507 825 3562 ea
837 3505 929 3563 animi
948 3505 1118 3576 devotione,
1135 3525 1170 3563 ac
1190 3507 1289 3578 pietate
1304 3513 1324 3556 er

247 3595 327 3651 cultu
348 3593 470 3650 credant
489 3605 517 3650 et
537 3603 723 3656 venerentur.
745 3605 777 3650 ut
799 3611 907 3664 panem
929 3593 1011 3650 illum
1032 3592 1324 3666 supersubstantialem

240 3682 410 3754 frequenter
418 3681 556 3751 suscipere
563 3681 697 3750 possint,¹
714 3689 743 3737 et
752 3680 777 3736 is
788 3698 854 3737 rere
865 3679 907 3738 eis
918 3681 955 3738 sit
965 3681 1072 3738 animae
1083 3681 1151 3750 vita,
1163 3694 1192 3739 et
1205 3689 1324 3754 perpetua
1353 3699 1354 3754 ἦ

248 3769 357 3825 sanitas
371 3769 484 3834 nrenti;
507 3769 592 3838 cujus
605 3767 706 3839 vigore
720 3769 877 3826 confortati
896 3787 931 3827 ex
948 3769 1037 3840 hujus
1055 3769 1171 3828 miserae
1188 3767 1323 3842 peregrina·
1353 3757 1354 3760 '

249 3855 338 3911 tionis
353 3854 456 3911 itinere
469 3853 507 3911 ad
520 3855 671 3912 coelestem
690 3855 815 3926 patriam
834 3855 987 3925 pervenire
1000 3855 1126 3928 valeant,
1143 3857 1274 3916 eumdem
1287 3867 1323 3924 pt·

250 3959 318 3999 uem
330 3941 522 4011 Angelorum,
533 3959 623 4013 quern
638 3943 730 3999 modo
744 3943 800 4000 sub
813 3943 901 3999 sacris
913 3941 1109 4002 velaminibus
1122 3946 1224 4013 edunt,
1234 3943 1323 4010 absque

251 4027 311 4083 ullo
325 4026 471 4085 velamine
484 4028 701 4085 manducaturi.

288 4255 295 4284 ¹
310 4259 400 4312 lCor.
416 4261 468 4325 XI,
482 4275 524 4330 29.
542 4293 575 4302 -
587 4261 597 4295 ²
611 4265 647 4317 II
658 4267 718 4320 Cor.
734 4267 786 4330 Xl,
803 4267 844 4322 28.
