2758 4652
298 195 355 245 DE
372 195 586 248 Exrnssma
604 193 829 246 UNCTIONE.
1048 189 1115 245 ⁵09

20 313 234 323 ——-

156 405 263 468 CAP.
289 407 325 466 2.
350 407 404 466 De
427 404 566 465 ellectu
590 405 707 478 hujus
731 403 977 462 sacramentl.

44 544 109 601 Res
129 561 219 616 porro
237 555 267 602 et
285 543 407 601 effeetus
427 543 516 613 hujus
538 539 713 599 sacramenti
737 538 793 596 illis
815 536 910 596 verbis
933 539 1114 609 explicatur:

16 631 30 658 ‘⁸
40 631 79 688 Et
94 631 191 689 oratio
205 631 274 689 fidei
288 629 412 688 salvabit
425 629 584 698 infirmnm,
601 639 630 686 et
643 625 793 685 alleviabit
811 643 880 684 eum
901 625 1068 695 Dominus3
1086 635 1116 683 et

16 717 29 772 ri
44 717 75 773 in
91 716 224 788 peccatis
236 717 282 786 sit,
298 716 485 774 dimittentur
499 715 525 774 ei
537 715 561 773 '’.
602 715 663 772 Res
681 713 791 771 etenim
810 711 873 770 haee
890 712 982 782 gratia
995 723 1038 770 est
1051 711 1114 784 Spi-

16 805 80 860 ·itus
100 803 206 870 sancti,
227 805 312 874 cujus
334 802 436 861 unctio
453 802 570 871 delicia,
590 803 613 859 si
632 819 699 874 quae
717 799 776 857 sint
792 799 891 856 adhuc
906 799 1061 870 expianda,
1080 817 1115 856 ae

16 892 125 949 >cecati
140 891 278 963 reliquias
291 891 442 963 abstergit,
458 901 487 948 et
506 890 607 962 aegroti
627 891 756 946 animam
776 887 893 944 alleviat
905 897 935 944 et
948 885 1113 957 confirmat,

16 996 150 1050 nagnam
173 979 201 1034 in
220 995 258 1035 eo
274 978 383 1036 divinae
399 976 607 1035 misericordiae
625 976 764 1035 fiduciam
782 976 948 1046 excitand0,
964 978 1024 1048 qua
1038 977 1115 1034 infir·

16 1083 74 1122 nus
97 1064 284 1128 sublevatus,
307 1073 335 1121 et
357 1064 453 1122 morbi
477 1064 669 1122 incommoda
690 1083 725 1123 ac
745 1066 860 1123 labores
883 1064 974 1122 levius
997 1065 1062 1134 lert,
1085 1075 1114 1122 et

16 1150 225 1209 entationibus
238 1151 390 1219 daemonis,
404 1151 544 1208 caleaneo
558 1151 711 1220 insidiatis,
728 1151 840 1209 facilius
854 1151 979 1221 resistit;
997 1163 1026 1208 et
1038 1151 1114 1208 sani·

16 1249 99 1296 atem
115 1239 249 1310 corporis
263 1239 420 1307 interdum,
434 1239 484 1296 ubi
498 1237 583 1295 saluti
597 1239 704 1295 animae
717 1237 887 1310 expedierit,
903 1237 1095 1309 consequitur

15 1391 117 1450 CAP.
136 1391 172 1451 3.
192 1391 246 1448 De
268 1389 448 1447 minlstro
471 1387 589 1460 hujus
613 1388 858 1460 sacramenti,
881 1393 919 1446 et
943 1393 1113 1460 ternpore

409 1497 484 1557 quo
505 1484 588 1542 darl
611 1479 758 1544 debeat.

47 1611 108 1674 lam
124 1629 203 1675 vero,
219 1611 299 1681 quod
312 1610 417 1666 attinet
434 1609 472 1665 nd
493 1606 745 1680 praescriptionem
760 1625 863 1665 eorum
877 1607 929 1680 qui
942 1619 971 1666 et
984 1609 1113 1681 suscipe·

15 1715 43 1764 e,
60 1709 90 1754 et
104 1698 270 1754 ministrare
286 1697 343 1754 boc
360 1704 577 1753 sacramentum
597 1694 719 1758 debent,
736 1694 817 1752 haud
831 1699 958 1752 obscure
971 1695 1026 1752 suit
1041 1694 1112 1753 illud

15 1785 95 1840 etiam
121 1785 151 1840 in
172 1783 265 1841 verbis
285 1781 433 1854 praedictis
453 1781 615 1838 traditum:
641 1799 710 1837 nam
730 1791 758 1838 et
777 1781 944 1839 ostenditur
961 1781 1028 1848 illic,
1048 1800 1113 1854 pro-

15 1871 85 1938 )rios
102 1871 192 1941 hujus
211 1869 386 1926 sacramenti
408 1869 556 1925 ministros
575 1884 640 1924 esse
659 1867 800 1924 Ecclesiae
820 1867 1024 1938 presbyteros;
1050 1886 1111 1939 quo

15 1959 140 2022 romine,
155 1975 192 2014 eo
205 1957 281 2022 loc0,
298 1974 357 2014 non
371 1965 457 2013 aetate
470 1955 600 2012 seniores
616 1963 666 2010 aut
679 1953 823 2026 primores
837 1953 866 2010 in
881 1955 994 2026 populo
1009 1955 1111 2012 intelli-

15 2044 98 2114 gendi
112 2044 243 2112 veniunt,
260 2043 312 2101 sed
332 2053 382 2100 aut
397 2040 548 2113 Episcopi,
562 2051 612 2098 aut
630 2041 798 2097 sacerdotes
815 2040 853 2096 ab
874 2040 944 2111 ipsis
963 2041 1016 2097 rite
1035 2041 1112 2100 ordi·

15 2130 66 2185 rati
82 2147 135 2202 per
149 2130 370 2202 impositionem
385 2145 527 2186 manuum
543 2127 722 2199 presbyterii.
737 2129 739 2132 ’
759 2126 931 2184 Declaratur
944 2127 1033 2184 etiam
1048 2146 1112 2186 esse

14 2233 84 2273 rane
110 2215 292 2274 linctionem
316 2214 438 2272 infirmis
458 2213 671 2282 adhibendam,
694 2213 749 2269 illis
775 2230 843 2270 vero
866 2213 1034 2284 praesertim,
1060 2215 1111 2286 qui

13 2319 65 2357 :am
88 2302 254 2374 periculose
274 2301 468 2370 decumbunt,
486 2311 517 2358 ut
537 2301 566 2357 in
585 2301 662 2358 exitu
682 2300 749 2357 vitre
767 2300 917 2357 constituti
937 2300 1110 2359 rideantur:

14 2390 88 2448 inde
111 2402 140 2448 et
163 2399 380 2448 sacramentum
403 2389 568 2446 exermlr'um
594 2398 790 2460 nuncupatur.
831 2387 922 2460 Quod
944 2387 968 2444 si
992 2388 1107 2458 infirmi,

14 2489 75 2546 post
89 2489 259 2550 susceptam
273 2477 350 2534 hanc
365 2476 557 2546 llnetionem,
571 2474 782 2542 convaluerint,
798 2475 900 2532 iterum
918 2473 1005 2545 hujus
1018 2493 1111 2532 sacra-

14 2565 98 2621 menti
112 2563 247 2622 subsidio
259 2563 351 2634 juvari
366 2573 512 2634 poterunt,
529 2581 597 2620 cum
616 2563 645 2619 in
665 2561 744 2619 aliud
763 2561 854 2618 simile
870 2562 936 2619 vitae
950 2561 1111 2620 discrimen

18 2651 174 2709 nciderint.
209 2651 309 2724 Quare
322 2650 403 2707 nulla
416 2651 529 2707 ratione
542 2649 682 2707 audiendi
697 2649 830 2720 santoni
845 2659 948 2706 contra
958 2659 1018 2706 tam
1029 2668 1111 2722 aper-

14 2756 66 2793 am
82 2749 110 2796 et
123 2739 285 2797 dilucidam
300 2739 435 2810 Apostoli
451 2738 556 2811 Jacobi
570 2738 747 2796 sententiam
760 2738 878 2806 docent,
894 2738 972 2793 hane
989 2739 1111 2805 Unctio-

14 2843 76 2881 nem
92 2826 136 2883 vel
151 2825 325 2897 figmentum
340 2842 403 2883 esse
417 2823 589 2894 humanum,
603 2825 648 2886 vel
662 2825 748 2881 ritum
762 2841 779 2880 a
795 2824 929 2880 Patribus
942 2838 1106 2895 acceptum,

14 2930 62 2968 nec
84 2914 256 2971 mandatum
281 2914 345 2978 Dei,
368 2930 423 2969 nec
443 2912 669 2984 promissionem
689 2911 790 2982 gratiae
809 2909 990 2980 habentem;
1012 2913 1108 2982 etqui

19 2997 86 3054 llam
100 3000 161 3070 jam
174 3017 305 3057 cessasse
317 3008 460 3066 asserunt,
474 2998 557 3070 quasi
576 2999 614 3056 ad
632 2997 754 3068 gratiam
769 2996 955 3052 curationum
968 2995 1110 3054 duntaxat

18 3101 35 3139 n
49 3086 199 3156 primitiva
212 3087 346 3144 Ecclesia
359 3085 512 3143 reserenda
525 3096 601 3142 esset
613 3105 619 3155 ;
639 3096 668 3142 et
681 3083 730 3155 qui
744 3082 856 3150 dieunt,
870 3083 957 3139 ritum
972 3093 1001 3140 et
1014 3101 1110 3146 usum,

14 3185 97 3236 ruem
111 3169 214 3226 saneta
228 3170 365 3226 Romana
379 3168 511 3225 Ecclesia
522 3167 551 3223 in
564 3167 652 3238 hujus
665 3169 840 3226 sacramenti
854 3169 1110 3228 administratione

14 3253 151 3321 observat,
165 3254 269 3328 Jacobi
285 3255 421 3327 Apostoli
437 3254 590 3312 sententiae
604 3271 777 3325 repugnare,
791 3267 880 3327 atque
895 3257 963 3315 ideo
977 3257 1006 3313 in
1019 3257 1108 3314 alium

14 3341 255 3400 commutandum
274 3359 357 3412 esse3
376 3355 404 3401 et
424 3343 562 3414 denique,
577 3341 627 3413 qui
648 3340 724 3397 banc
741 3342 910 3400 Extremam
925 3343 1109 3402 Unctionem

14 3443 24 3482 a
47 3429 184 3487 fidelibus
209 3430 272 3486 sine
298 3439 421 3502 peceato
447 3429 598 3486 contemni
625 3446 712 3499 posse
737 3429 890 3486 affirmant.
932 3431 1008 3488 Haec
1031 3431 1109 3488 enim

14 3517 107 3574 omnia
122 3517 360 3574 manifestissime
381 3527 513 3588 pugnant
533 3534 600 3572 cunr
621 3517 784 3587 perspicuis
800 3517 872 3573 tanti
893 3516 1029 3588 Apostoli
1050 3533 1110 3574 rer-

14 3599 61 3658 bis.
103 3603 167 3661 Nee
188 3604 323 3675 prolecto
347 3603 480 3660 Ecclesia
502 3602 647 3671 Romana,
666 3602 788 3659 aliarum
809 3602 943 3659 omnium
967 3613 1059 3660 mater
1081 3613 1110 3660 et
1128 3674 1130 3686 Ι

14 3691 153 3760 magistra,
176 3691 257 3748 aliud
280 3691 309 3747 in
333 3691 389 3748 hae
407 3689 642 3748 administranda
663 3691 821 3760 Unctione,
845 3700 989 3762 quantum
1009 3691 1047 3747 ad
1067 3709 1110 3758 ea,

14 3793 75 3844 quae
88 3777 175 3847 hujus
189 3777 365 3834 sacramenti
379 3777 573 3834 substantiam
590 3777 754 3848 perficiunt,
768 3779 912 3850 observat,
925 3797 1013 3850 quam
1028 3781 1110 3850 quod

14 3859 44 3916 B.
66 3863 197 3934 Jacobus
220 3863 403 3935 praescripsit.
450 3863 513 3920 Nee
536 3883 605 3922 vero
628 3867 700 3922 tanti
723 3867 897 3924 sacramenti
921 3877 1110 3940 contemptus

14 3945 121 4019 alisque
135 3951 247 4022 ingenti
261 3950 378 4019 scelere,
396 3961 424 4006 et
439 3951 530 4022 ipsius
545 3951 668 4022 Spiritus
683 3953 775 4009 saneli
791 3953 895 4023 injuria
909 3972 973 4012 esse
987 3965 1095 4026 posset.

50 4035 120 4092 Can.
140 4055 160 4092 r.
202 4036 230 4093 Si
245 4037 310 4110 quis
324 4036 437 4104 dixerit,
452 4037 622 4094 Extremam
639 4038 821 4096 Unctionem
840 4057 899 4098 non
918 4058 981 4098 esse
998 4058 1064 4102 vere
1081 4051 1110 4098 et

15 4123 127 4194 proprie
149 4135 376 4193 sacramentum,
399 4143 415 4180 a
437 4115 555 4182 Christo
579 4126 710 4183 Domino
732 4140 833 4184 nostro
855 4129 1022 4185 institutum
1045 4139 1110 4186 eta

17 4203 46 4260 B.
59 4207 172 4279 Jacobo
191 4209 338 4281 Apostolo
358 4211 587 4283 promulgatum,
609 4212 661 4270 sed
681 4213 768 4270 ritum
787 4225 900 4272 tantum
920 4225 1075 4287 acceptum
1094 4233 1110 4271 a

20 4291 154 4362 Patribus,
167 4307 218 4353 ant
232 4296 407 4367 figmentum
423 4297 605 4356 lrnnranum:
626 4301 663 4355 Α.
679 4301 705 4358 S.
