2738 4646
224 165 474 218 TRACTATUS
492 165 548 216 DE
567 165 935 218 northmannorum
1068 167 1129 220 281

35 345 83 422 (b)
109 344 138 405 T
135 345 303 410 raditione.
350 346 426 409 Hoc
450 357 564 428 aperte
587 347 735 410 declarat
759 347 881 410 Decret.
902 347 950 410 ad
968 347 1104 410 Armen.
1119 371 1131 411 .-

35 445 204 511 “Effettus
231 459 343 513 autem
370 448 469 530 hujus
496 449 695 513 sacramenti
723 459 774 512 est
801 451 879 532 quia
907 450 939 512 in
967 470 1008 512 eo
1032 453 1132 514 datur

34 549 172 630 Spiritus
196 553 238 616 ad
259 555 366 630 robur,
382 555 467 617 sicut
490 554 590 617 datus
613 564 664 617 est
683 553 859 636 Apostolis
884 554 915 615 in
940 553 994 616 die
1012 553 1131 616 Pente-

33 662 190 728 costes,ut
205 657 359 720 videlicet
377 656 585 722 Christianus
601 653 761 720 audadter
777 655 899 721 Christi
917 676 1038 720 nomen
1053 677 1130 719 con-

32 753 196 821 fiteatur''.

33 857 80 936 (c)
95 858 268 924 Rotconu.
314 861 408 926 Sicut
429 862 621 945 Baptismus
645 871 695 924 est
719 861 899 944 spiritualis
916 863 1131 944 regeneratio,

32 959 78 1020 ita
94 959 308 1026 Confirmatio
324 966 497 1028 ordinatur
512 966 554 1027 ad
571 964 743 1047 spirituale
766 977 995 1047 augmentum,
1012 975 1049 1026 ut
1070 984 1130 1027 nos

31 1082 75 1124 sc.
91 1066 267 1129 constituat
291 1067 323 1128 in
347 1067 509 1148 spirituali
532 1076 632 1130 aetate
655 1065 825 1148 perledtd;
848 1068 942 1149 atqui
966 1067 1046 1129 illud
1064 1087 1131 1148 quo

32 1165 224 1247 indigemus,
240 1169 320 1232 dum
337 1179 472 1234 aetatem
490 1167 671 1251 perietlam
689 1171 885 1252 attingimus
903 1172 935 1232 in
952 1171 1021 1232 vita
1037 1171 1130 1252 spiri·

32 1269 118 1341 tuali,
134 1279 185 1332 est
200 1272 370 1352 spirituale
388 1273 488 1362 robur
504 1273 545 1336 ad
563 1273 782 1354 pugnandum
806 1283 922 1336 contra
942 1272 1130 1355 spirituales

32 1369 148 1448 hostes,
164 1375 346 1454 praesertim
362 1395 442 1437 vero
457 1383 575 1443 contra·
588 1395 645 1438 eos
661 1376 718 1457 qui
735 1373 835 1439 fidem
853 1374 1131 1451 cavillationibus,

33 1476 125 1538 minis
141 1475 193 1538 vel
211 1477 357 1540 irrisione
375 1479 592 1561 impugnant;
615 1499 705 1562 ergo.

74 1643 117 1696 12.
160 1627 227 1718 (B)
250 1635 348 1697 Illum
366 1636 516 1718 graiium
543 1636 743 1699 roborantem
768 1637 943 1698 comitatur
962 1636 1129 1698 abundau-

32 1733 94 1794 tior
106 1735 227 1814 infusio
240 1737 397 1800 donorum
415 1738 563 1820 Spiritus
579 1738 614 1802 S.
662 1739 748 1800 Dico
765 1743 781 1770 “
792 1739 1013 1802 abundantior
1022 1740 1038 1764 ’'
1052 1740 1130 1821 quia

35 1837 84 1898 illa
112 1839 202 1902 dona
229 1839 299 1920 jam
331 1841 552 1906 infunduntur
583 1843 614 1904 in
649 1837 832 1924 Baptismo,
862 1863 965 1923 quum
997 1862 1129 1923 semper

33 1943 227 2005 comitentur
256 1945 402 2025 gratiam,
429 1943 704 2020 sanitificantem,
735 1967 778 2008 ex
811 1943 909 2008 dietis
940 1946 973 2006 in
1011 1945 1063 2008 Tr.
1090 1945 1129 2008 de

36 2043 157 2108 Grrttt'rl.
832 2097 837 2107 .

35 2147 75 2220 (at
95 2147 236 2212 Constat
252 2169 296 2211 ex
313 2150 462 2214 textibus
480 2151 597 2232 Script.
611 2151 680 2232 jam
698 2152 808 2214 citatis
824 2151 857 2212 in
874 2149 994 2231 quibus
1010 2150 1130 2213 dicitur

34 2268 85 2328 per
97 2251 392 2316 Confirmationem
410 2253 548 2316 conferri
567 2254 727 2336 Spiritum
746 2255 791 2330 S.;
814 2274 872 2336 per
887 2255 949 2316 hoc
965 2255 1054 2316 enirn
1070 2254 1129 2315 Pa·
1168 2323 1170 2328 ¹

34 2362 93 2416 tres
109 2355 299 2436 intelligunt
315 2377 381 2419 non
399 2357 506 2420 solum
528 2359 669 2438 gratiam
687 2359 861 2420 sedetiam
880 2359 969 2420 dona
986 2357 1130 2439 Spiritus

35 2453 74 2530 S.;
97 2478 184 2533 nam,
201 2467 244 2521 ut·
255 2459 302 2521 ait
321 2459 481 2522 Robonu's
502 2460 571 2539 (De
588 2461 688 2523 instit.
706 2460 810 2523 cleric.
828 2459 845 2522 l.
865 2459 890 2534 I,
907 2481 932 2522 c.
950 2461 1025 2540 30):
1049 2466 1064 2492 “
1078 2460 1129 2525 Si-

35 2569 146 2638 gnatur
162 2561 351 2643 baptizatus
367 2563 545 2625 chrismate
562 2564 594 2625 in
611 2565 805 2626 summitate
822 2563 941 2643 capitis
953 2582 1012 2645 per
1024 2583 1129 2626 sacer·

35 2662 149 2740 dotem,
162 2685 221 2746 per
236 2665 427 2746 pontificem
445 2666 477 2728 in
495 2666 603 2729 fronte
617 2689 623 2742 ;
647 2677 684 2728 ut
700 2667 733 2728 in
751 2668 849 2747 priori
863 2665 1017 2730 unitione
1030 2668 1131 2748 signi-

36 2762 142 2831 ficetur
164 2788 263 2849 super
286 2769 392 2850 ipsum
419 2769 562 2850 Spiritus
587 2769 619 2832 S.
637 2768 810 2831 descensio
829 2768 871 2831 ad
889 2769 1129 2831 habitationem

37 2867 102 2932 Deo
118 2874 375 2935 consecrandam
392 2895 399 2948 ;
423 2873 455 2935 in
472 2872 619 2934 secundi
635 2892 777 2954 quoque,
793 2881 830 2933 ut
854 2871 1003 2951 ejusdem
1028 2871 1130 2952 Spiri-

37 2975 81 3032 tlls
104 2974 136 3039 S.
152 2975 355 3057 septiformis
371 2977 488 3056 gratia,
504 2996 578 3038 cum
597 2977 688 3038 omni
707 2974 915 3056 plenitudine
936 2972 1130 3050 sanctitatis

36 3082 63 3134 et
77 3077 222 3141 scientiae
238 3087 272 3140 et
286 3078 427 3154 virtutiS,
443 3079 554 3140 venire
571 3080 604 3140 in
621 3079 791 3140 hominem
809 3078 994 3141 declaretur
1006 3078 1029 3141 ”.

37 3293 112 3352 sionis
126 3299 227 3352 horam
240 3298 313 3352 adeo
326 3298 426 3352 infirmi
441 3311 469 3352 et
482 3298 591 3353 remissi
604 3295 718 3353 suerunt
731 3310 839 3364 utrum
852 3300 991 3354 Dominus
1003 3317 1130 3370 compre-

38 3377 131 3438 hensus
144 3397 197 3451 est,
211 3383 308 3438 statim
322 3401 352 3438 se
367 3385 394 3438 in
409 3385 505 3454 lugam
519 3386 691 3454 conjecerint
710 3404 715 3438 :
736 3387 835 3440 Petrus
848 3404 914 3441 vero
927 3387 974 3455 qui
991 3387 1128 3440 Ecclesiae

39 3481 106 3529 petra
119 3482 146 3526 et
159 3471 377 3526 fundamentum
392 3471 556 3539 designatus
570 3463 669 3538 iuerat,
686 3484 713 3526 et
728 3490 867 3526 summam
882 3474 1071 3526 constantiam
1084 3491 1129 3526 ex·

40 3554 150 3626 celsique
170 3557 259 3611 animi
278 3557 503 3626 magnitudinem
524 3576 582 3628 prae
602 3575 632 3611 se
651 3560 762 3626 tulerat,
778 3559 861 3612 unius
875 3558 1047 3612 mulierculae
1061 3576 1131 3614 voce

40 3645 240 3709 pertentasse
253 3643 322 3712 Jesu
336 3639 442 3697 Christi
455 3645 624 3712 discipulum
638 3661 710 3710 esse,
721 3662 778 3698 non
792 3646 879 3699 semel
893 3656 940 3699 aut
955 3645 1064 3711 iterum,
1079 3646 1128 3700 sed

41 3725 110 3780 tertio
122 3729 277 3798 negaverit,
289 3746 322 3783 ac
336 3741 400 3799 post
413 3729 655 3797 resurrediionem,
665 3748 764 3785 omnes
778 3742 892 3801 propter
902 3742 1008 3785 metum
1019 3731 1131 3800 Judaeo-

41 3823 91 3864 rum
108 3816 207 3870 inclusi
222 3815 297 3870 domi
318 3833 348 3870 se
367 3816 565 3872 continuerint.
605 3818 642 3871 At
656 3834 722 3871 vero
741 3819 769 3870 in
789 3817 835 3871 die
851 3820 1032 3872 Pentecostes
1052 3821 1131 3872 tanta

43 3893 148 3962 Spiritus
162 3904 191 3956 S.
209 3903 312 3956 virtute
325 3919 424 3958 omnes
444 3904 542 3973 repleti
563 3914 637 3967 sunt,
654 3914 684 3958 ut
704 3904 771 3957 dum
786 3905 973 3973 Evangelium
991 3905 1068 3974 quod
1088 3906 1129 3960 eis

43 3987 211 4042 commissum
221 3998 289 4054 crat,
298 4004 356 4042 non
366 3989 457 4042 solum
471 3989 500 4042 in
510 3989 673 4056 Judaeorum
688 3989 810 4057 regione,
821 3990 870 4044 sed
881 3991 908 4043 in
920 3991 1051 4046 universo
1063 3992 1132 4045 orbe

43 4069 161 4130 audatier
171 4087 199 4130 et
209 4074 298 4130 libere
307 4074 533 4142 disseminarent,
543 4076 611 4130 nihil
622 4076 675 4130 sibi
687 4076 794 4130 felicius
804 4077 934 4132 accidere
945 4095 1028 4148 posse
1038 4079 1130 4133 existi-

45 4162 173 4230 maverint,
189 4178 277 4232 quam
290 4161 365 4231 quod
379 4162 459 4230 digni
472 4163 652 4230 haberentur,
664 4163 711 4232 qui
726 4180 775 4231 pro
790 4164 895 4218 Christi
908 4165 1022 4220 numine
1035 4181 1132 4220 contu

46 4241 154 4314 melium,
166 4248 288 4314 vincula,
302 4258 452 4314 tormenta,
465 4264 560 4302 cruces
574 4249 727 4318 perterrent
737 4251 758 4302 '’.
