2770 4652
259 186 327 234 ⁴66
637 187 691 235 DE
711 187 993 237 Poettlrfflunn.

577 305 616 312 -—.
840 307 894 312 .-

256 365 421 435 poenitente
432 366 471 423 ad
485 367 682 436 integritatem
696 369 883 437 sacramenti,
896 367 936 425 ad
950 368 1131 439 plenamque
1149 377 1179 423 et
1200 365 1354 438 perlectam

256 463 445 523 peccatorum
456 455 659 511 remissionem
669 473 704 512 ex
715 455 771 512 Dei
782 456 966 513 institutione
975 455 1172 526 requiruntur,
1183 453 1239 510 hac
1248 454 1355 508 ratione

258 540 443 598 Poenitentiae
457 553 554 613 partes
567 541 716 599 dicuntur.

292 627 370 684 Sane
383 645 452 684 vcro
465 646 511 685 res
523 639 552 686 et
565 628 689 686 effectus
706 629 795 699 hujus
813 631 998 696 sacramenti,
1013 640 1159 700 quantum
1172 627 1213 684 ad
1225 629 1288 697 ejus
1302 627 1354 682 rim

255 723 285 770 et
297 712 458 771 efficaciam
473 716 607 786 pertinet,
621 716 822 773 reconciliatio
834 726 879 772 est
892 733 961 772 cum
976 717 1050 780 Deo,
1063 730 1154 785 quam
1169 714 1315 771 interdum
1328 713 1353 767 in

256 799 323 855 viris
336 800 392 871 piis
411 813 440 858 et
458 819 527 858 cum
544 801 704 860 devotione
721 802 779 859 hoc
796 815 1013 860 sacramentum
1032 800 1276 874 percipientibus,
1290 817 1352 856 con·

255 884 387 944 scientiae
401 904 457 958 pax
469 905 504 944 ac
517 889 659 946 serenitas
671 907 740 945 cum
755 889 923 947 vehementi
940 889 1059 960 spiritus
1071 887 1278 944 consolatione
1290 905 1353 942 con-

256 973 340 1044 sequi
359 974 443 1031 solet.
485 975 560 1032 Haec
579 975 618 1032 de
638 976 770 1048 partibus
786 987 816 1034 et
835 977 942 1034 ellectu
962 976 1051 1046 buius
1069 973 1245 1032 sacramenti
1259 972 1352 1030 sancii

257 1060 395 1131 Synodus
414 1061 542 1128 tradens,
557 1063 645 1119 simul
661 1081 764 1122 eorum
783 1064 945 1122 sententias
963 1063 1096 1130 damnat,
1108 1063 1160 1134 qui
1177 1063 1351 1119 Paenitentia

257 1157 364 1217 partes,
380 1148 513 1206 incussos
526 1149 718 1208 conscientiae
731 1163 855 1208 terrores
867 1161 897 1208 et
911 1150 1001 1208 fidem
1014 1167 1079 1207 esse
1092 1149 1288 1206 contendunt.

550 1285 657 1346 Gne.
681 1288 720 1344 4.
746 1288 800 1346 De
823 1287 1067 1345 contritione.

290 1407 448 1475 Contriti0‚
459 1427 526 1481 quae
538 1410 665 1481 primum
676 1410 775 1468 locum
787 1409 969 1468 interdictos
979 1410 1151 1481 poenitentis
1162 1409 1246 1466 adius
1258 1408 1346 1465 babet,

253 1495 351 1551 animi
364 1496 491 1552 dolator
504 1497 650 1554 detestatio
666 1506 709 1554 esl
723 1498 757 1553 dc
771 1506 881 1568 peccato
898 1497 1041 1553 conrrrrr'sso
1058 1515 1121 1552 cum
1135 1497 1283 1567 proportio
1300 1514 1346 1549 nou

252 1583 388 1652 peccandi
402 1584 435 1638 de
452 1591 546 1640 celero.
594 1585 661 1642 Fuit
682 1597 782 1643 autern
802 1586 908 1656 quovis
927 1596 1062 1656 tempore
1080 1583 1120 1641 ad
1140 1584 1346 1655 impetrandam

255 1668 369 1724 reniam
395 1683 594 1741 peccatorum,
623 1671 671 1726 hic
696 1672 883 1729 contritionis
913 1680 1011 1728 motus
1042 1671 1241 1736 necessarium
1275 1683 1301 1726 et
1324 1667 1346 1724 in

255 1753 378 1813 homine
396 1769 462 1827 post
484 1757 668 1828 Baptismum
688 1759 780 1830 lapso.
796 1759 836 1815 ita
854 1757 976 1816 demum
994 1769 1137 1828 praeparat
1155 1757 1196 1814 ad
1214 1757 1345 1815 remissio·

255 1859 323 1899 nem
338 1855 538 1914 peccatorum,
551 1845 573 1900 si
594 1862 662 1902 cum
681 1846 792 1905 fidncia
811 1846 920 1904 divinae
939 1845 1150 1902 misericordiae
1162 1855 1192 1902 et
1205 1855 1275 1902 uoto
1287 1861 1344 1915 pre·

254 1928 351 1987 standi
366 1929 477 2001 reliqua
490 1931 670 2002 conjunctus
683 1933 728 2003 sit,
745 1951 815 2004 quae
832 1934 871 1992 ad
889 1933 943 1990 rite
958 1930 1182 2002 suscipiendum
1196 1932 1253 1988 boc
1266 1949 1345 1987 sacra·

255 2027 387 2075 mentum
402 2019 596 2090 requiruntur.

294 2104 429 2162 Declarat
452 2105 540 2176 igitur
561 2105 663 2162 sanc'la
685 2107 832 2178 Synodus,
854 2106 931 2163 hanc
953 2103 1163 2162 contritionem
1183 2123 1243 2162 non
1262 2105 1342 2161 solun

256 2191 451 2248 cessationem
465 2209 482 2247 a
497 2202 630 2262 peccato,
645 2205 675 2251 et
694 2193 761 2253 ritae
780 2212 865 2251 novae
885 2193 1070 2266 propositum
1084 2203 1113 2249 et
1128 2191 1342 2250 inchoationem.

254 2277 307 2334 sed
321 2278 426 2335 veteris
439 2278 529 2336 etiam
541 2278 645 2337 odium
658 2279 821 2347 continere,
835 2280 917 2348 juxta
931 2275 1020 2333 illud¹
1034 2296 1040 2332 :
1064 2277 1082 2303 “
1092 2275 1231 2347 Projicite
1242 2293 1259 2332 a
1271 2273 1340 2332 robis

254 2380 359 2420 omnes
372 2363 542 2435 iniquitates
556 2375 674 2430 vestras,
687 2365 716 2420 in
730 2365 839 2435 quibus
854 2364 1032 2435 praevaricati
1045 2363 1161 2432 estiset
1175 2363 1260 2421 facite
1272 2363 1340 2418 robis

254 2467 306 2506 cor
319 2468 430 2506 norum
442 2463 471 2508 et
485 2453 620 2523 spiritum
634 2467 745 2507 norum
758 2451 782 2506 ”.
823 2451 861 2506 Et
874 2451 1023 2521 certe,qui
1035 2448 1100 2506 illos
1111 2449 1284 2507 Sanctorum
1295 2447 1338 2502 cla·
1367 2491 1368 2533 ,

256 2554 352 2593 mores
365 2538 612 2596 consideraverit:
628 2535 724 2595 “Tibi
737 2537 790 2594 soli
807 2537 935 2608 peccari,
948 2548 979 2595 et
991 2539 1102 2595 malum
1115 2556 1216 2595 coram
1227 2549 1255 2595 te
1265 2537 1337 2594 leci:

259 2622 400 2680 laboravi
410 2623 439 2680 in
449 2625 561 2706 genritu
573 2645 656 2691 meo;
670 2624 775 2682 lavabo
786 2643 838 2696 per
848 2625 979 2695 singulas
988 2625 1092 2684 noctes
1101 2625 1212 2684 lectum
1223 2643 1310 2682 meum
1320 2629 1336 2678 ³:

256 2709 443 2781 Recogitabo
462 2711 514 2769 tibi
535 2729 640 2770 omnes
659 2730 756 2768 annos
776 2729 858 2769 meos
878 2713 907 2767 in
927 2711 1125 2769 amaritudine
1143 2713 1302 2781 animae”‘;
1317 2723 1337 2765 et

254 2797 326 2854 alios
340 2797 427 2868 hujus
439 2799 565 2869 generis,
582 2800 666 2856 facile
680 2799 823 2868 intelliget
836 2816 888 2856 eos
901 2816 936 2855 ex
950 2799 1117 2857 vehementi
1132 2799 1262 2870 quodam
1274 2807 1336 2855 ante·

254 2885 329 2940 ac'tae
342 2885 408 2942 vitae
421 2885 501 2952 odio,
514 2898 543 2943 et
557 2887 668 2957 ingenti
683 2901 874 2957 peccatorum
889 2885 1086 2943 detestatione
1099 2903 1242 2944 manasse.

293 2971 387 3028 llocet
408 2985 557 3042 praeterea,
575 2975 628 3030 etsi
648 2972 857 3029 contritionem
878 2972 955 3029 hanc
976 2970 1140 3043 aliquando
1158 2974 1275 3030 caritate
1286 2979 1335 3042 per·

246 3056 356 3127 seciam
375 3076 440 3115 esse
458 3060 619 3129 contingat,
643 3058 858 3129 hominemque
880 3058 946 3115 Deo
965 3058 1166 3126 reconciliare,
1187 3059 1334 3132 priusquam

256 3143 312 3199 boc
326 3155 542 3201 sacramentum
562 3145 631 3202 actu
649 3145 843 3217 suscipiatur,
863 3145 957 3217 ipsam
978 3145 1172 3204 nibilominus
1190 3145 1335 3206 reconcilia·
1364 3192 1365 3221 ,

255 3228 366 3288 tionem
384 3231 440 3301 ipsi
456 3231 635 3296 contritioni,
651 3235 715 3290 sine
732 3233 908 3290 sacramenti
927 3243 996 3290 voto
1015 3231 1097 3303 quod
1118 3233 1149 3289 in
1168 3233 1218 3290 ills
1233 3231 1334 3290 includi.

254 3329 310 3382 tur,
325 3334 385 3374 non
405 3335 469 3375 esse
487 3319 702 3378 ascribendam.
742 3320 827 3377 Illam
846 3337 914 3377 rcro
929 3319 1139 3377 contritionem
1153 3320 1331 3392 rinperscllan,
1363 3383 1364 3406 1

254 3423 321 3475 quae
337 3405 453 3462 altrr'lei)
469 3405 585 3477 dicitur,
602 3407 744 3478 quoniam
763 3408 807 3465 vel
825 3426 860 3464 ex
880 3405 1071 3478 turpitudinis
1092 3411 1204 3478 peccati
1223 3406 1332 3465 conside·
1363 3407 1364 3451 l

254 3493 377 3560 ratione,
394 3492 438 3549 rel
453 3511 488 3550 ex
501 3493 646 3564 gehennae
660 3507 689 3551 et
702 3511 858 3566 poenarum
872 3507 952 3551 metu
967 3494 1167 3551 communiter
1179 3493 1330 3566 concipitur.

254 3579 277 3633 si
299 3579 481 3636 voluntatem
506 3579 649 3650 peccandi
672 3581 818 3650 excludat,
842 3600 910 3638 cum
933 3598 986 3653 spe
1008 3581 1110 3652 reniae,
1136 3582 1268 3652 declarat,
1288 3595 1330 3635 nun

254 3662 350 3718 solum
362 3681 422 3719 non
434 3664 530 3720 iacere
541 3663 693 3720 bominem
707 3663 891 3736 hypocritam
903 3679 932 3724 et
943 3669 1038 3739 magis
1049 3681 1245 3740 peccatorem,
1254 3683 1328 3726 rerum

254 3749 342 3804 etiam
364 3748 477 3805 donum
503 3749 555 3806 Dei
577 3767 651 3816 esse,
672 3761 701 3808 et
721 3752 846 3823 Spiritus
867 3755 961 3810 sancti
982 3757 1152 3827 impulsum,
1177 3775 1236 3814 non
1255 3753 1326 3812 adhu

255 3834 378 3904 quidem
399 3836 599 3904 inhabitantis,
616 3839 669 3896 sed
689 3851 803 3896 tantum
823 3843 979 3908 moventis,
995 3861 1057 3914 quo
1077 3846 1226 3915 poenitens
1239 3843 1327 3912 adjutus

256 3921 333 3978 riam
349 3921 404 3978 sibi
418 3924 456 3980 ad
468 3925 611 3993 justitiam
631 3937 721 3996 parat.
762 3928 799 3984 Et
820 3930 955 3999 quamvis
976 3931 1040 3987 sine
1059 3943 1243 3989 sacramento
1259 3923 1326 3985 Pani·

256 4008 356 4064 tentiae
377 4027 428 4078 per
447 4027 478 4066 se
499 4011 537 4067 ad
555 4011 796 4080 iustiticationem
817 4016 981 4086 perducere
1002 4029 1192 4088 peccatorum
1214 4025 1326 4086 nequeat:

257 4101 357 4148 tamen
371 4111 439 4149 curn
452 4095 490 4150 ad
507 4095 562 4151 Ilei
573 4099 695 4165 gratiam
709 4099 736 4154 in
748 4115 932 4158 sacramento
945 4103 1131 4160 Prenitentiae
1143 4099 1325 4176 impetrandam

294 4275 409 4326 *Exci-li.
421 4277 534 4338 XVIII,
545 4293 586 4346 31.
603 4285 720 4348 --sl's.,
734 4285 763 4348 L,
774 4284 798 4338 6.
818 4288 914 4339 -il’a
927 4288 951 4338 V
957 4289 977 4350 l,
992 4303 1016 4352 7.
1028 4283 1145 4342 —¹lscr.
1163 4287 1322 4350 xxtltlnt
