2770 4646
248 161 310 212 212
691 161 830 214 CAPUT
846 164 900 212 1v.

247 343 434 405 voluntaria
448 352 544 406 tanta
559 353 646 407 esset
661 352 698 406 ut
714 353 899 425 exponeret
915 342 1103 406 ministrum
1117 341 1253 423 periculo
1264 357 1325 420 gra-

248 447 332 508 viter
353 446 483 509 errandi
507 449 538 509 in
563 447 787 529 applicatione
806 447 954 510 materiae
974 456 1008 509 et
1032 447 1156 520 sormae,
1171 453 1324 526 peecatum

248 559 336 612 esset
352 550 499 614 mortale.

443 703 459 792 ς
486 707 530 769 11.
555 707 612 768 Da
635 721 950 771 oamoanoumus
975 719 1156 770 urmsrar.

260 845 288 901 1.
307 845 361 902 De
384 844 618 914 obligatione
640 850 884 904 sacramenta
907 845 1033 916 dignis
1055 841 1291 903 ministrandi
1302 844 1318 896 ¹.

292 991 356 1056 104
409 991 440 1041 10
454 977 661 1058 Pn'ucipium
680 978 830 1058 generale
846 1001 858 1040 .·
882 979 1037 1042 Pastores
1058 977 1180 1056 aliique
1202 971 1326 1036 ministri

247 1102 285 1144 ex
298 1081 402 1163 officio,
419 1091 455 1142 ut
468 1081 664 1162 coadjutores
681 1080 735 1141 vel
744 1080 923 1160 presbyteri
938 1080 1131 1154 assistentes,
1146 1087 1285 1141 tenentur
1298 1095 1327 1136 er

239 1185 374 1266 justitiet
402 1185 461 1248 sub
485 1185 590 1267 gravi
612 1183 752 1246 subditas
778 1183 1017 1246 rationabiliter
1033 1183 1215 1264 petentibus
1237 1201 1324 1242 sacra-

164 1298 167 1311 '
247 1299 355 1351 mama
370 1288 560 1350 ministrare
571 1298 634 1367 per
649 1307 691 1362 so,
707 1286 760 1348 vel
767 1297 831 1366 per
850 1286 954 1348 ulium
976 1287 1126 1348 idoneum
1138 1295 1139 1300 ’
1150 1284 1326 1346 ministrum.

248 1391 383 1454 Certum
400 1400 459 1453 est.
796 1399 797 1402 ’

291 1493 350 1573 (Α)
371 1493 423 1555 llli
446 1493 534 1554 enim
558 1510 674 1553 omnes
696 1499 859 1566 tenentur,
883 1512 927 1554 ex
947 1487 1238 1572 quasi-contradu,
1258 1488 1326 1550 salu·

247 1606 314 1660 tem
331 1605 365 1657 et
380 1595 504 1660 bonum
520 1593 688 1674 spirituale
704 1613 878 1674 procurare
894 1594 1024 1676 illorum
1041 1615 1061 1656 a
1076 1593 1197 1674 quibus
1220 1601 1327 1654 susten·

247 1699 408 1762 tationem
432 1697 623 1778 accipiunt:
653 1697 758 1776 atqui,
785 1696 910 1759 bonum
937 1697 1123 1760 animarum
1154 1701 1327 1777 procuratur

247 1800 420 1883 speciatim
444 1820 502 1881 per
525 1809 732 1861 sacramenta
746 1820 760 1875 ;·
777 1819 865 1880 ergo.
910 1800 995 1882 Quae
1022 1799 1157 1882 quidem
1187 1799 1327 1880 obligatio

247 1912 434 1985 perseverat
454 1902 555 1964 etiam
579 1902 605 1962 si
629 1900 743 1963 fideles
766 1911 933 1982 pastorem
957 1923 1053 1966 suum
1075 1923 1119 1965 ex
1145 1901 1327 1984 negligentia

248 2029 314 2072 non
341 2016 549 2082 sustentent;
580 2026 669 2081 narn,
695 2014 815 2087 praeter
841 2004 1048 2069 contractum
1079 2026 1155 2068 cum
1187 2004 1327 2073 fidelibus,

246 2113 341 2175 adest
356 2111 439 2176 alter
454 2108 643 2174 contradius
659 2129 735 2172 cum
753 2109 921 2172 Ecclesia:
944 2129 984 2171 eo
1001 2109 1074 2190 ipso
1089 2109 1180 2189 quod
1199 2106 1327 2171 Ecclesia

248 2235 370 2305 munus
393 2214 528 2296 aliquod
556 2214 720 2276 sacerdoti
748 2211 884 2289 confert,
908 2213 1062 2274 sacerdos
1089 2213 1161 2292 ipse
1185 2213 1226 2274 ad
1248 2209 1327 2289 hujus

246 2317 345 2380 officii
365 2335 502 2379 munera
521 2315 735 2396 adimplenda
758 2335 831 2377 sese
852 2314 986 2396 obligat.
1041 2314 1078 2379 Si
1101 2324 1213 2378 autem
1234 2312 1328 2376 fideles

247 2440 306 2484 suo
321 2417 430 2482 officio
447 2418 565 2492 desint,
578 2437 644 2479 non
660 2437 701 2479 eo
716 2418 788 2498 ipso
806 2417 962 2480 liberatur
977 2417 1131 2480 sacerdos
1147 2438 1168 2480 a
1182 2418 1247 2480 suis
1262 2413 1327 2477 obli·

246 2520 445 2601 gationibus,
461 2521 519 2582 sed
543 2520 643 2582 debet
666 2521 707 2582 ad
734 2519 939 2600 Episcopum
965 2539 1137 2596 recurrere,
1160 2521 1215 2602 qui
1238 2516 1326 2600 quasi-

247 2619 453 2689 contraeium
471 2643 530 2703 pro
546 2623 723 2703 prudentia
739 2627 797 2683 sua
814 2622 921 2688 solvet
939 2623 990 2684 vel
1006 2642 1072 2688 non
1085 2633 1107 2686 ².

289 2723 350 2806 (B)
366 2724 508 2786 Accedit
524 2721 703 2786 auctoritas
719 2723 834 2786 Trous
849 2748 860 2788 .·
875 2729 891 2755 “
903 2733 1069 2805 praecepto
1081 2725 1196 2788 divino
1211 2721 1326 2786 manda·

246 2837 317 2892 tum
333 2837 383 2889 est
400 2826 554 2888 omnibus
571 2827 690 2907 quibus
707 2826 891 2888 animarum
909 2847 985 2888 cura
1000 2828 1179 2890 commissa
1196 2837 1252 2904 est,
1265 2841 1326 2887 ores

246 2952 335 2992 suas.
347 2981 353 2993 .
364 2979 370 2991 .
382 2979 389 3004 ,
406 2930 698 2993 Sacramentorum
718 2928 1005 2990 administratione
1022 2949 1157 3009 pascere
1169 2929 1193 2991 '’.

291 3042 357 3108 105.
405 3045 440 3094 20
467 3031 601 3113 Regulo
619 3032 778 3112 protticce.
834 3031 893 3110 (A)
926 3031 963 3092 ln
995 3051 1073 3092 casu
1104 3041 1263 3093 extremae
1287 3023 1327 3086 vel

246 3135 516 3218 quasi-extrema
533 3135 749 3208 necessitatis,
765 3134 901 3214 quando
924 3133 990 3195 scil.
1007 3135 1179 3213 proximus
1202 3139 1328 3195 versatur

247 3241 279 3302 in
299 3237 445 3319 periculo
465 3237 688 3299 damnationis
710 3237 770 3297 nisi
791 3246 998 3297 sacramenta
1014 3238 1182 3318 suscipiat,
1198 3247 1326 3318 pastores

280 3422 287 3452 1
302 3408 332 3460 S.
349 3407 522 3476 Alphonsus,
535 3408 552 3460 1.
566 3408 617 3474 V1,
631 3424 657 3459 n.
674 3406 717 3473 583
736 3406 875 3474 Kom'ngs,
890 3423 916 3459 n.
936 3419 1001 3477 1225
1016 3425 1073 3477 sq.;
1092 3405 1259 3469 Lehrrrkutll,
1272 3423 1293 3458 u.
1303 3401 1328 3470 36

245 3512 286 3563 sq,
295 3514 301 3558 ;
321 3494 436 3559 Sabelli,
449 3509 476 3547 n.
494 3495 546 3559 639
559 3510 600 3562 sq.

279 3579 289 3608 ‘²
303 3579 318 3605 “
330 3581 419 3632 Fama
431 3578 483 3632 lert
498 3585 571 3647 (quae
586 3579 693 3631 utinam
707 3577 797 3630 inanis
812 3579 988 3648 mendaxque
1002 3579 1065 3646 siit)
1082 3581 1226 3635 nonnullis
1239 3579 1263 3633 in
1275 3575 1327 3630 locis

244 3665 360 3720 inveniri
381 3665 542 3718 sacerdotes
562 3665 617 3733 qui,
632 3665 678 3718 ubi
698 3665 790 3733 gravis
810 3667 893 3735 culpa
912 3683 967 3719 non
988 3679 1112 3737 apparet,
1136 3662 1327 3723 sacramentalis

244 3753 428 3807 absolutionis
442 3750 610 3805 beneficium
624 3752 765 3820 denegant
782 3749 912 3805 fidelibus
931 3751 977 3822 qui
996 3753 1085 3808 nolint
1109 3754 1234 3810 colletlis
1246 3753 1328 3821 stipem

245 3839 322 3902 dare,
336 3840 372 3890 ad
386 3847 471 3906 quam
486 3839 538 3891 sub
551 3849 668 3907 peccato
681 3837 760 3906 gravi
774 3838 862 3893 teneri
877 3857 933 3893 non
947 3851 1073 3906 constet;
1092 3842 1150 3894 imo
1164 3841 1247 3895 etiam
1260 3833 1327 3907 (quod
1370 3891 1371 3896 ,

244 3927 327 3991 longe
343 3923 537 3978 detestabilius
556 3925 610 3989 est)
629 3925 832 3993 egrotantibus
851 3943 884 3979 ac
904 3927 986 3980 morti
1006 3925 1142 3996 proximis
1160 3929 1289 3982 adsistere
1303 3937 1328 3975 ac

245 4020 421 4063 sacramenta
441 4010 566 4078 praebere
585 4023 723 4064 recusant.
771 4013 825 4065 Vix
844 4014 969 4067 animum
989 4015 1122 4070 inducere
1142 4031 1291 4085 possumus,
1306 4021 1327 4062 ut

244 4097 388 4167 quidpiam
403 4107 460 4149 tam
474 4103 558 4149 atrox
570 4111 597 4151 et
610 4099 761 4166 indignum
781 4101 816 4154 de
835 4101 1016 4154 ecclesiarum
1036 4111 1197 4156 nostrarum
1215 4097 1328 4156 ministris

245 4182 441 4250 suspicemur²’
462 4183 551 4249 (Cone.
569 4186 643 4237 Is‘ult.
660 4188 716 4251 ΙΙΙ,
732 4205 757 4241 n.
774 4187 845 4255 292).

278 4267 288 4298 Ι
306 4269 332 4320 T
330 4271 438 4334 rident,
453 4285 521 4323 sess.
539 4271 653 4338 XXlll,
667 4290 726 4342 cap.
745 4277 755 4327 l
772 4275 807 4328 de
822 4275 975 4329 Reformat.
