2770 4652
252 168 319 219 500
461 168 517 218 DE
535 168 829 218 POENITENTIAE
848 169 1148 221 SACRAMENTO.

250 345 400 408 dolenter
422 357 455 409 et
478 348 671 429 simpliciter
693 346 900 424 confitentes,
923 350 1186 431 exomologesim
1209 347 1328 428 (confes

250 448 392 527 sionem)
414 451 626 512 conscientiae
651 450 784 525 faciunt,
808 451 909 514 animi
939 453 989 514 sui
1013 453 1146 533 pondus
1169 461 1329 531 exponunt,

250 550 427 614 salutarem
445 553 609 614 medelam
616 554 735 633 parvr's
748 552 823 614 licet
834 562 866 613 et
881 555 1013 616 rnodz'cis
1028 554 1213 617 vulneribus
1230 555 1330 633 exqui-

250 664 326 716 runt
338 655 374 730 '';
398 657 448 736 (b)
465 657 552 718 idern
569 666 701 718 constat
718 676 761 718 ex
771 656 1033 738 prarifidelium
1056 659 1112 738 qui
1129 657 1263 719 venialia
1275 655 1329 736 jam

250 755 293 816 ab
315 758 459 838 antiquis
482 759 688 839 temporibus
711 759 933 835 accusabant,
968 780 1066 840 porro
1091 758 1237 821 Ecclesia
1261 757 1330 819 hanc

250 861 381 938 praxim
407 880 471 922 non
496 860 603 922 solum
628 881 693 922 non
718 861 875 941 reprimit,
891 862 949 924 sed
973 862 1085 941 potius
1109 871 1282 942 promovet,
1295 861 1330 920 ait

249 964 337 1024 enim
367 964 398 1025 Τ
395 965 508 1027 rident.
533 966 623 1044 (sess,
641 965 737 1040 XIV,
757 986 782 1026 c.
802 969 834 1044 5)
856 970 873 994 “
886 963 1037 1036 venialia,
1060 963 1181 1044 quibus
1203 961 1330 1042 agralia

251 1065 314 1125 Dei
331 1086 397 1127 non
414 1067 632 1142 excludimur,
648 1078 681 1129 et
703 1068 735 1129 in
758 1087 833 1148 quae
850 1065 1053 1146 frequentius
1070 1065 1220 1137 labimur,
1234 1083 1330 1144 quarn·

249 1185 349 1246 quam
372 1170 451 1231 relic
472 1179 502 1231 et
523 1169 656 1245 utiliter,
672 1170 818 1249 citraque
841 1187 975 1229 omnem
1000 1167 1286 1248 praesumptionem
1306 1165 1330 1224 in

249 1270 455 1334 confessione
470 1273 632 1345 dicuntur,
648 1272 737 1351 quod
762 1271 889 1352 piorum
910 1270 1086 1332 bominum
1111 1289 1190 1331 usus
1213 1270 1331 1330 demon-

249 1383 340 1446 strat,
352 1375 451 1436 taceri
469 1385 580 1436 tamen
597 1377 679 1436 citra
695 1375 824 1455 culpam
841 1374 1018 1453 multisque
1033 1373 1106 1433 aliis
1122 1373 1273 1434 remediis
1286 1391 1332 1431 ex-

249 1479 330 1558 piari
348 1488 487 1558 possunt
499 1479 538 1557 '’;
561 1478 610 1558 (c)
625 1489 658 1540 et
675 1479 794 1540 merito
809 1479 944 1560 quidem
961 1476 1102 1538 venialia
1117 1483 1197 1536 sunt
1213 1475 1333 1537 materia

249 1579 414 1641 sufficiens
429 1579 526 1659 hujus
541 1581 763 1656 sacramenti;
786 1583 812 1642 si
834 1583 923 1642 enim
948 1581 1019 1641 sola
1041 1579 1195 1641 mortalia
1218 1597 1333 1640 accusa·

249 1693 368 1757 rentur,
383 1684 583 1764 quicumque
606 1685 647 1745 ad
672 1703 802 1746 sacrum
826 1684 969 1746 tribunal
986 1691 1173 1755 recurreret,
1191 1701 1263 1743 reus
1277 1699 1334 1741 esse

245 1783 448 1864 judicaretur
462 1786 612 1867 gravium
624 1785 832 1861 delidlorum,
844 1797 878 1849 et
893 1787 941 1848 sic
957 1785 1174 1848 confessionis
1185 1805 1265 1847 onus
1276 1804 1334 1864 gra·

248 1889 320 1952 vius
335 1889 548 1951 redderentur
560 1901 579 1954 ¹.

291 1990 352 2072 (B)
369 1991 455 2054 Sunt
474 2000 585 2053 tamen
611 1992 748 2054 materia
762 1991 873 2064 libera,
889 1993 906 2052 i
924 2011 951 2054 e
968 2011 1035 2053 non
1052 1992 1240 2054 necessario
1255 2009 1335 2052 accu-

248 2096 362 2170 sanda,
384 2104 420 2157 ut
443 2104 574 2156 constat
600 2116 644 2156 ex
673 2095 704 2156 Τ
702 2095 815 2158 rident
838 2095 1029 2157 declarante
1055 2115 1095 2157 ea
1122 2113 1221 2176 posse
1243 2093 1337 2154 “citra

248 2197 379 2277 culpam
397 2196 576 2278 multisque
591 2197 664 2258 aliis
681 2197 788 2258 modis
803 2198 932 2278 expiari
950 2217 1047 2278 posse
1058 2197 1081 2260 ”.

291 2299 340 2376 38.
384 2313 421 2376 4⁰
437 2299 599 2362 Mortalia
610 2301 688 2379 jam
706 2309 854 2361 acmsata
872 2309 903 2360 el
924 2299 1060 2360 retnissa
1073 2309 1152 2360 sunt
1166 2300 1265 2360 eliam
1281 2319 1337 2357 rua-

249 2405 331 2465 tm'a
352 2403 510 2485 sufficiens
531 2414 562 2466 et
582 2402 683 2464 libera
693 2425 708 2474 ,·
731 2404 777 2464 ait
800 2403 889 2464 enirn
912 2402 1104 2465 Benedictus
1126 2401 1188 2463 XI
1194 2414 1208 2444 ²
1222 2425 1234 2460 .·
1260 2407 1275 2432 “
1288 2401 1338 2463 Ce-

249 2517 356 2568 terum
382 2505 458 2567 licet
483 2507 522 2568 αἰ
548 2507 728 2568 necessitate
752 2528 814 2567 non
840 2506 886 2567 sit
910 2506 1028 2568 iterum
1055 2506 1174 2568 eadem
1201 2503 1337 2566 confiteri

250 2618 406 2691 peccata;
429 2619 595 2674 tamen...
612 2619 746 2690 propter
768 2609 1041 2683 erubescentiam,
1056 2629 1132 2689 quae
1155 2629 1279 2688 magna
1299 2619 1338 2668 est
1369 2611 1370 2628 ¹

249 2713 455 2793 poenitentiae
483 2733 567 2794 pars,
590 2721 628 2774 ut
652 2711 846 2774 eorumdem
874 2722 1085 2793 peccatorum
1111 2713 1249 2773 iteretur
1274 2729 1338 2772 con·

249 2814 348 2877 sessio
372 2825 563 2895 reputamus
588 2815 716 2876 salubre
725 2816 749 2878 ''.
796 2815 934 2888 Revera,
957 2833 1059 2895 quum
1086 2814 1195 2876 iterari
1223 2815 1339 2894 possint
1369 2825 1370 2896 l

249 2917 343 2982 adius
366 2919 579 2999 poenitentiae,
595 2929 632 2980 ut
656 2919 762 2999 magis
783 2937 821 2978 ac
840 2918 947 2998 magis
968 2935 1180 2998 peccatorum
1205 2918 1339 2998 reliquia

250 3023 492 3100 abstergantur,
512 3041 570 3082 cur
593 3042 659 3083 non
683 3023 813 3102 possint
834 3019 956 3083 delidia
975 3021 1046 3100 jam
1071 3020 1208 3082 remissa
1233 3022 1338 3082 iterum
1369 3019 1370 3076 i

249 3124 396 3186 clavibus
412 3123 538 3203 subjici,
553 3135 590 3187 ut
607 3127 712 3206 magis
727 3146 766 3187 ac
783 3126 890 3205 magis
912 3125 1085 3186 deleantur
1099 3134 1133 3186 et
1149 3125 1339 3206 expientur?

252 3226 323 3287 Nec
339 3225 467 3286 dicatur
484 3227 514 3286 in
533 3228 629 3288 rebus
646 3228 800 3289 humanis
817 3229 984 3288 neminem
1001 3247 1098 3308 posse
1114 3227 1165 3288 bis
1183 3227 1216 3288 in
1233 3228 1338 3289 eodem

250 3327 405 3391 tribunali
424 3328 565 3406 judicari
588 3341 621 3390 et
644 3330 792 3406 absolvi;
816 3349 903 3406 nam,
924 3349 1027 3410 quum
1051 3329 1201 3392 remissio
1224 3327 1339 3410 peccati

250 3431 309 3493 fiat
324 3451 382 3511 per
397 3430 595 3492 inlusionem
612 3432 728 3512 gratiae
744 3434 908 3515 simulque
920 3453 995 3494 cum
1008 3432 1230 3494 diminutione
1243 3451 1340 3513 prena

250 3534 478 3614 conjungatur,
496 3533 613 3595 iterum
630 3535 775 3596 accusari
800 3544 939 3615 possunt
963 3543 1100 3616 peccata
1119 3534 1191 3614 jam
1216 3535 1340 3596 remissa

250 3639 292 3699 ad
324 3636 483 3714 majorem
514 3637 629 3715 gratiae
661 3635 858 3698 inlusionem
890 3657 1066 3718 poenaeque
1102 3637 1340 3710 remissionem,

250 3740 384 3802 aliunde
396 3738 557 3816 judicium
576 3739 683 3801 iterari
701 3750 820 3818 potest,
836 3751 1000 3820 quatenus
1022 3738 1192 3801 consessor
1204 3739 1340 3820 judicare

251 3843 338 3904 valet
354 3851 463 3902 utrum
481 3841 712 3921 dispositiones
729 3844 923 3922 poenitentis
939 3842 981 3904 ad
998 3841 1243 3904 absolutionem
1264 3839 1339 3902 sulii·

251 3946 341 4004 ciant
356 3942 406 4001 vel
424 3961 498 4004 non.

287 4103 294 4132 ¹
312 4101 355 4151 De
380 4100 498 4152 utilitate
523 4103 644 4155 venialia
666 4105 817 4156 accusandi
840 4107 974 4172 praeclare
996 4105 1109 4158 disserit
1130 4107 1164 4161 S.
1185 4107 1342 4159 Fraruisrus

290 4185 351 4248 lea,
366 4186 558 4239 Introduction
571 4189 588 4238 u
602 4191 628 4241 la
640 4190 685 4241 vie
697 4191 808 4247 der-ore.
824 4207 850 4257 p.
869 4191 907 4247 11.
920 4208 943 4242 c.
962 4205 1001 4256 19.

311 4269 430 4322 Constit.
447 4271 525 4321 Iulcr
535 4275 645 4324 cirinum
663 4288 736 4340 1304,
754 4276 902 4342 Extrarag.
918 4277 998 4328 Com.
1014 4277 1031 4328 l.
1045 4293 1070 4345 5,
1086 4287 1105 4328 t.
1119 4290 1145 4342 7,
1161 4293 1185 4330 e.
1203 4292 1225 4330 l.
