2770 4646
67 153 114 201 DE
127 155 300 204 NATURA
316 155 367 203 ΕΤ
381 153 639 202 EXISTENTIA
654 149 1054 203 SACRAMENTORUM.
1086 149 1147 200 163

64 332 170 394 mirum
187 345 237 396 est
255 334 396 416 igitur-si
417 335 530 396 Patres
553 333 711 414 explicite
734 343 767 394 et
791 333 912 394 diserte
935 331 977 392 de
1001 330 1063 392 illis
1084 349 1149 394 non

63 434 301 515 disputaverint,
329 437 510 517 praesertim
537 455 641 516 quum
668 454 782 496 eorum
810 434 1022 497 existentiam
1052 452 1152 494 nemo

63 547 195 617 negaret.
243 534 310 623 (B)
330 538 396 602 Sed
412 537 481 618 jarn
505 560 527 598 a
548 558 619 604 saec.
636 537 673 598 X
676 535 722 611 H,
738 538 920 617 praesertim
937 555 1016 598 vero
1031 555 1051 596 a
1067 544 1150 597 tem-

62 658 133 718 pore
155 660 220 720 quo
237 641 357 702 Petrus
373 639 576 702 Lombardus
599 640 796 701 sacramenti
821 647 1009 701 accuratam
1034 635 1150 700 defini-

62 739 175 804 tionem
203 742 350 816 tradidit,
378 742 534 824 theologi,
561 743 638 805 licet
664 744 705 804 de
732 742 844 804 multis
871 743 913 804 ad
942 751 1150 802 sacramenta

61 843 294 920 pertinentibus
310 844 534 918 dissenserint,
551 846 751 908 unanimiter
766 844 950 907 docuerunt
971 852 1099 924 septem
1116 852 1149 906 et

61 955 178 1024 septem
195 956 326 1010 tantum
344 966 415 1008 esse
432 958 650 1026 sacramenta,
663 950 761 1012 nullis
776 950 966 1012 Pastoribus
982 957 1040 1011 aut
1054 949 1149 1010 Fide-

62 1047 138 1108 libus
164 1069 267 1131 usque
295 1051 335 1111 ad
366 1049 625 1113 Reformationis
654 1063 786 1133 tempus
814 1051 1117 1115 contradicentibus
1130 1063 1149 1112 ¹.

61 1150 113 1211 Ex
127 1173 191 1232 quo
206 1153 333 1234 duplex
350 1153 467 1216 confici
485 1164 595 1235 potest
612 1167 865 1238 argumentum:
884 1175 1064 1217 consensus
1080 1164 1148 1217 tam

60 1257 216 1318 unanimis
241 1257 400 1338 explicari
427 1259 550 1338 nequit,
574 1259 634 1321 nisi
663 1270 763 1322 antea
790 1259 822 1321 in
850 1258 998 1321 Ecclesia
1021 1267 1148 1339 septem

59 1370 259 1421 sacramenta
284 1359 404 1422 luerint
431 1359 565 1440 publico
592 1381 651 1424 usu
678 1362 911 1444 frequentata:
942 1379 1033 1422 secus
1061 1360 1148 1422 enirn

60 1460 220 1523 nonnullae
241 1461 359 1524 saltem
381 1463 631 1527 reclamationes
655 1475 688 1528 et
711 1466 932 1528 dissensiones
956 1474 1046 1526 certo
1068 1474 1150 1525 ortae

59 1558 197 1626 fuissent.
245 1563 311 1627 Sed
330 1565 463 1648 insuper
478 1566 644 1628 unanimis
661 1587 840 1630 consensus
856 1567 1004 1629 omniurn
1023 1564 1150 1628 theolo-

59 1683 177 1744 gorum,
194 1669 368 1730 Pastorum
386 1679 418 1733 et
436 1671 600 1733 Fidelium
626 1691 684 1752 per
706 1671 801 1752 plura
822 1669 942 1733 saecula
959 1671 1001 1732 de
1018 1689 1052 1731 re
1067 1671 1149 1750 dog-

59 1769 173 1832 matica
187 1771 285 1833 simul
302 1780 336 1833 et
352 1773 477 1848 morali,
493 1774 535 1836 ad
553 1773 684 1854 praxim
702 1774 932 1855 quotidianam
955 1772 1148 1854 pertinente,

59 1882 104 1932 est
127 1872 297 1936 infallibile
319 1876 486 1940 criterium
510 1878 679 1953 veritatis;
703 1897 790 1952 nam,
807 1898 850 1940 ex
874 1875 971 1941 dietis
988 1877 1020 1938 in
1043 1876 1096 1939 Tr.
1111 1877 1151 1938 de

61 1973 201 2052 Ecclesia,
226 1977 369 2058 Spiritus
395 1978 428 2042 S.
452 1988 559 2043 totam
587 1981 769 2043 Ecclesiam
799 1981 830 2042 in
856 1979 993 2042 materia
1017 1977 1092 2040 fidei
1116 1987 1149 2041 et

60 2096 180 2141 monim
204 2101 313 2143 errare
337 2083 527 2163 permittere
553 2085 675 2166 nequit
724 2081 791 2169 (Cl.
814 2083 853 2146 de
875 2081 1031 2144 Fontibus
1053 2081 1150 2153 theut,

60 2199 85 2239 n.
101 2185 220 2262 ²5·30)·

96 2310 143 2374 23
191 2311 227 2380 3⁰
243 2300 503 2384 Praescn'ptronis
518 2310 722 2384 argumento.
769 2301 904 2366 Certum
928 2310 978 2363 est
1001 2310 1151 2381 tempore

58 2419 118 2480 quo
143 2401 331 2466 Novatores
358 2405 558 2486 prodierunt,
586 2425 657 2469 saec.
680 2405 774 2482 XVI,
801 2405 928 2487 dogma
955 2404 997 2466 de
1021 2412 1149 2485 septem

58 2515 333 2569 sacramentorum
358 2506 546 2584 existentia,
571 2509 603 2571 in
632 2509 783 2571 universa
812 2506 961 2570 Ecclesia
987 2506 1056 2568 sive
1084 2506 1151 2568 Ro·

58 2611 158 2682 mana,
174 2609 244 2671 sive
269 2609 394 2685 Graecs,
410 2631 469 2692 per
492 2611 586 2693 plura
609 2611 731 2674 saecula
752 2611 821 2693 jam
845 2610 1006 2673 creditum
1032 2608 1152 2684 suisse;

58 2711 142 2789 atqui
160 2710 216 2772 illa
231 2710 314 2774 fides
331 2712 522 2775 universalis
545 2711 705 2794 explicari
729 2713 843 2793 nequit
860 2712 921 2773 nisi
939 2731 958 2772 a
974 2710 1154 2774 traditione

57 2813 233 2891 apostolica
250 2814 395 2892 oriatur;
417 2835 504 2896 ergo.

88 3019 94 3049 ¹
108 3015 137 3068 S.
154 3015 220 3069 Ouo
234 3017 454 3083 Bambrrrgensis
467 3017 561 3082 (circa.
578 3033 621 3070 an.
640 3017 717 3083 ¹¹²5)
737 3016 843 3085 primus
855 3031 918 3069 esse
932 3014 1040 3068 videtur
1053 3015 1108 3084 qui,
1123 3016 1151 3069 in

58 3099 186 3156 Semrone
200 3101 237 3155 ad
252 3103 432 3168 Pomemnm,
443 3113 551 3172 septem
564 3113 592 3158 et
606 3114 714 3171 septem
727 3111 836 3156 tantum
848 3111 1025 3156 sacramenta
1037 3118 1151 3158 enume-

58 3188 150 3242 raverit
165 3207 172 3242 :
192 3189 212 3215 “
223 3190 281 3242 lsta
294 3205 361 3256 ergo
375 3201 483 3259 septem
497 3202 674 3244 sacramenta
693 3206 757 3258 quae
777 3189 875 3242 iterum
889 3189 971 3243 vestri
986 3205 1072 3242 causa
1085 3207 1151 3242 enu-

58 3287 157 3328 merare
181 3275 259 3340 libet,
281 3275 465 3345 Baptismum,
488 3275 747 3338 Confirmationem,
770 3275 941 3328 infirmorum
967 3273 1147 3343 Unilionem,

59 3357 269 3426 Eucharistiam,
283 3362 425 3430 lapsorum
446 3361 724 3427 Reconciliationem,
738 3361 906 3430 Conjugium
925 3371 952 3413 et
973 3360 1111 3414 Ordines,
1124 3401 1150 3414 ..

59 3443 231 3516 Quapropter
253 3448 328 3500 omni
352 3449 458 3502 honore
481 3466 514 3502 ac
528 3448 683 3503 reverentid
705 3448 805 3502 eadem
830 3448 1012 3500 Sacramenta
1033 3459 1151 3513 servate,

59 3531 156 3600 diligite
169 3546 197 3590 et
211 3535 384 3588 veneramini
400 3554 406 3598 ;
425 3535 525 3589 docete
543 3553 578 3589 ea
597 3534 669 3588 filios
689 3546 806 3598 vestros,
820 3543 848 3587 ut
862 3533 1023 3587 memoriter
1036 3545 1151 3589 teneant

58 3631 82 3669 et
93 3621 243 3689 diligenter
256 3622 405 3675 observent
419 3621 446 3674 in
460 3638 558 3675 omnes
571 3621 768 3690 generationes
779 3622 792 3647 ’'
805 3621 925 3689 (Magne,
941 3621 1042 3672 Patrol.
1057 3629 1075 3674 t.
1092 3634 1147 3689 ¹73,

60 3721 81 3771 p.
104 3711 189 3778 1360).
230 3709 325 3763 Critici
347 3709 462 3778 quidam
483 3719 581 3778 putant
603 3711 788 3774 Harbordrma
810 3707 856 3776 qui
877 3706 964 3759 vitam
985 3707 1013 3759 S.
1038 3707 1151 3762 Ottonis

60 3797 170 3865 scripsit,
187 3795 329 3851 auctorem
349 3813 412 3850 esse
430 3797 513 3866 hujus
534 3798 677 3850 Sermonis
697 3797 733 3849 ad
755 3797 947 3857 Pomeranos;
967 3793 1016 3848 sed
1036 3811 1099 3848 cum
1115 3797 1150 3850 sit

61 3879 84 3933 S.
100 3884 195 3937 Ottoni
210 3899 321 3937 coaevus
335 3882 362 3950 (t
382 3883 467 3948 1168),
480 3893 587 3937 eertum
606 3895 649 3936 est
666 3884 725 3951 jam
744 3899 761 3934 a
781 3897 844 3934 saec.
863 3881 920 3933 Xll
936 3889 1044 3948 septem
1059 3897 1151 3934 sacra-

60 3981 145 4024 menta
159 3979 324 4024 enumerata
334 3969 428 4022 luisse.
464 3971 550 4038 Hugo
562 3988 580 4021 a
594 3971 622 4022 S.
639 3970 743 4022 Victore
755 3968 860 4036 pariter
873 3967 969 4019 scribit
981 3985 987 4029 ;
1007 3968 1025 3993 ‘¹
1036 3967 1150 4035 Septem

60 4067 116 4107 sunt
129 4056 294 4126 principalia
307 4057 533 4109 sacramenta...”
548 4056 606 4122 (De
620 4057 745 4110 Sacram.
762 4055 779 4106 l.
798 4052 820 4118 l,
835 4070 857 4106 c.
879 4055 929 4117 12).
943 4083 978 4091 -
992 4055 1150 4107 Connume.

61 4153 147 4196 rantur
159 4143 243 4197 etiam
258 4144 285 4194 in
299 4144 414 4195 statutis
425 4143 603 4210 synodalibus
617 4143 644 4195 S.
657 4141 798 4206 Sonnacii,
812 4158 856 4209 ep.
872 4140 1020 4194 Remensis
1035 4139 1066 4206 (s.
1080 4141 1150 4206 Vll)

61 4239 99 4288 au.
116 4229 220 4297 Mirm,
234 4239 251 4282 t.
269 4229 311 4290 80,
326 4245 350 4298 p.
365 4241 436 4296 443;
456 4228 506 4281 sed
519 4227 604 4281 dubia
617 4237 659 4280 est
672 4227 830 4295 genuinitas
844 4227 926 4297 hujus
940 4227 1108 4280 documenti.
