2758 4652
250 193 309 246 Dr:
328 193 621 244 POEttrTEurrAE
641 189 940 242 SACRAMENTO.
1081 189 1144 239 5⁴1

51 389 87 427 ex
111 388 213 428 eorum
242 369 434 428 damnatione
461 369 595 441 sequitur
623 369 736 426 nullum
770 379 923 440 peccatum
949 367 1147 426 irremissibile

51 475 123 514 esse.

85 547 124 613 (bl
135 545 184 602 Ex
194 545 321 602 Patruus
333 543 529 609 testimoniis:
550 560 645 614 pauca
658 541 782 600 sufficiat
795 542 912 608 referre:
936 541 1143 613 Drlullr'anus,

49 645 209 704 antequam
224 633 254 689 in
269 633 518 691 Montauistarum
532 630 665 688 haeresim
677 629 830 702 prolapsus
842 629 1036 700 est,scripsit¹
1050 650 1057 686 :
1079 628 1146 687 Om-

52 719 133 775 nibus
150 738 216 791 ergo
233 720 353 785 deliciis,
368 737 420 777 seu
441 735 537 785 carne,
550 735 602 774 seu
623 717 735 789 spiritu,
748 735 800 774 seu
822 715 909 782 laem,
922 732 974 774 seu
994 715 1147 774 voluntate

47 807 223 872 commissis,
234 808 284 878 qui
299 825 418 879 poenam
432 823 483 878 per
494 804 639 876 judicium
654 803 819 871 destinavit,
833 802 912 861 idem
926 813 956 859 et
968 802 1085 860 veniam
1095 820 1147 874 per

50 893 255 962 poenitentiam
289 891 488 966 spopondit''.
539 891 618 948 Ante
655 890 751 962 ipsum
784 892 843 958 ianr
875 887 903 946 S.
930 887 1066 958 Igualius
1096 888 1141 946 M.

48 979 203 1038 (Philadel.
220 999 247 1037 n.
263 981 291 1050 3)
303 979 482 1052 scripserat:
511 981 527 1008 ‘⁴
541 977 682 1036 Omnibus
695 976 789 1048 ruitur
802 975 1007 1048 penitentibus
1026 975 1146 1033 remittit

50 1065 141 1138 lleus,
156 1067 180 1124 si
193 1084 225 1124 se
238 1077 413 1126 convertant
433 1066 471 1123 ad
486 1065 626 1121 unionem
647 1081 716 1121 curn
732 1063 798 1121 Deo
810 1073 839 1120 et
857 1062 896 1119 ad
915 1062 1056 1118 unionem
1076 1079 1144 1118 cum

49 1151 205 1225 Episcopo
214 1153 238 1209 ”.
902 1163 905 1170 ’

44 1245 84 1306 (c)
96 1240 141 1296 Ex
150 1241 248 1312 praxi
257 1239 396 1309 Ecclesia,
409 1257 476 1310 quae
486 1238 529 1296 vel
544 1254 672 1308 semper,
685 1237 729 1294 vel
741 1236 844 1294 saltem
854 1235 1032 1307 plerumque
1043 1234 1145 1291 omnia

46 1337 170 1396 peccata
182 1345 249 1385 vere
270 1325 484 1399 poenitentibus
504 1326 623 1384 remisit.
664 1324 725 1380 Hic
744 1335 842 1382 tarrren
866 1323 1031 1380 notandum
1048 1331 1093 1378 est
1115 1321 1144 1378 in

44 1413 226 1482 quibusdam
240 1413 373 1472 ecclesiis
387 1413 619 1486 particularibus,
631 1412 790 1484 praesertim
803 1413 880 1468 circa
894 1411 983 1468 finem
993 1428 1060 1468 saec.
1074 1410 1106 1467 ll
1116 1420 1145 1468 et

43 1503 172 1558 durante
185 1519 250 1560 saec.
269 1502 329 1568 III,
345 1500 523 1573 quibusdam
539 1500 668 1572 peccatis
680 1499 862 1572 gravioribus
875 1498 992 1556 veniant
1006 1509 1144 1570 negatam

45 1587 135 1646 fuisse
149 1608 156 1658 ;
174 1588 233 1645 hoc
245 1589 325 1646 eninr
340 1597 461 1646 testatur
475 1587 505 1646 S.
524 1587 688 1659 Cyprianus
697 1589 711 1659 (
713 1605 759 1660 ep.
772 1602 803 1658 32
816 1587 855 1644 ad
867 1585 1027 1644 Antonian.
1038 1604 1066 1642 n.
1080 1587 1144 1656 ari:

47 1678 63 1702 ‘·'
75 1675 114 1732 Et
126 1675 248 1746 quidem
262 1675 343 1747 apud
356 1687 557 1733 antecessores
570 1684 685 1731 nostros
698 1671 819 1742 quidam
834 1671 873 1728 de
887 1669 1044 1741 Episcopis
1054 1668 1144 1726 isthic

43 1762 74 1817 in
89 1762 242 1834 provincia
256 1765 355 1820 nostrai
369 1762 499 1822 dandam
514 1778 617 1832 pacem
630 1759 741 1815 nraeclu's
753 1776 813 1814 non
825 1766 1001 1828 putaverunt
1016 1765 1044 1813 et
1057 1756 1087 1812 in
1101 1765 1143 1812 to-

42 1860 107 1905 tum
123 1849 308 1920 poenitentiae
321 1849 419 1907 locum
434 1858 536 1906 contra
548 1847 692 1905 adulteria
705 1845 873 1902 clauserunt
884 1843 908 1900 '’.
949 1842 1144 1900 Animadver-

41 1946 106 1992 tere
127 1935 195 1992 licet
219 1937 347 2008 insuper,
358 1937 440 2007 juxta
464 1935 623 1992 nonnullos
646 1933 730 2005 primi
754 1931 867 1990 ordinis
891 1931 1054 2001 theologos,
1071 1949 1097 1986 v.
1112 1947 1141 2001 g.

42 2022 207 2092 Petaru'um,
218 2023 412 2092 Sirmondum,
421 2023 558 2079 Murteae
566 2021 708 2092 aliosque,
720 2037 771 2093 per
780 2017 903 2090 aliquod
917 2029 1043 2088 tempus,
1057 2034 1143 2074 usum

42 2109 204 2168 invaluisse
218 2110 247 2166 in
263 2109 396 2168 Ecclesia
409 2110 563 2168 universali
579 2121 609 2167 ut
622 2107 806 2180 gravioribus
819 2107 999 2179 quibusdam
1014 2103 1143 2176 peccatis

39 2194 194 2253 absolutio
207 2196 421 2268 denegaretur;
449 2197 532 2268 quod
547 2209 646 2254 tamen
666 2195 706 2254 ab
723 2195 788 2252 aliis
807 2194 1048 2252 contradicitur².
1086 2192 1142 2248 Sed

39 2295 157 2340 certum
179 2295 223 2340 est
246 2283 336 2341 talem
357 2302 452 2354 usum,
469 2285 492 2341 si
513 2302 565 2356 per
586 2283 710 2355 aliquod
730 2293 848 2354 tempus
870 2281 1063 2354 praevaluerit,
1083 2297 1142 2336 uon

40 2372 134 2430 fuisse
147 2383 343 2442 constantem,
353 2391 446 2444 quum
460 2372 545 2431 luerit
558 2391 575 2430 a
586 2371 730 2430 Romanis
745 2369 938 2428 Pontificibus
952 2368 1139 2440 reprobatus;

41 2461 81 2514 ita
95 2476 164 2534 ng.
182 2458 348 2516 Coeleslinus
358 2459 381 2516 I
384 2460 453 2531 (Ep.
469 2459 537 2529 aad
552 2458 632 2530 Epis.
646 2458 752 2514 Vienn.
767 2475 795 2514 n.
811 2459 839 2529 3)
852 2455 970 2514 scribit:
994 2457 1010 2484 ‘¹
1024 2454 1142 2524 Cogno-

40 2547 140 2601 vimus
165 2545 372 2616 poenitentiam
394 2544 588 2602 morientibus
610 2545 758 2616 denegari,
781 2561 836 2601 nec
857 2542 970 2600 illorum
989 2539 1143 2599 desideriis

38 2632 145 2696 annui,
158 2632 209 2702 qui
222 2631 321 2700 obitus
334 2633 378 2690 sui
393 2643 527 2705 tempore
539 2632 597 2689 hoc
609 2632 715 2688 animae
728 2630 921 2702 suaecupiunt
931 2628 1063 2687 remedio
1076 2625 1142 2683 sub·

41 2716 146 2774 ueniri.
188 2716 361 2787 Horremus,
377 2718 478 2784 fateor,
491 2728 580 2775 tantae
599 2719 758 2790 impietatis
770 2718 900 2788 aliquem
915 2715 1043 2788 reperiri,
1060 2725 1093 2773 ut
1105 2715 1143 2771 de

41 2805 100 2860 bei
117 2805 229 2875 pictate
242 2805 380 2876 desperet
467 2805 550 2877 Quid
570 2805 636 2875 boc,
652 2823 733 2876 rogo,
749 2805 830 2862 aliud
844 2817 887 2861 est
902 2821 991 2873 (lnam
1006 2801 1142 2858 morienti

40 2902 174 2948 mortem
187 2891 299 2949 addere
312 2893 437 2962 ejusque
454 2892 584 2948 animam
598 2893 652 2949 sual
669 2892 853 2956 crudelitate,
870 2909 907 2948 ne
923 2889 1060 2948 absoluta
1078 2907 1142 2946 esse

36 2976 143 3047 possit,
157 2977 303 3042 occidere,
324 2994 392 3034 cum
418 2978 509 3044 Deus,
526 2979 564 3034 ad
585 2978 822 3036 subveniendum
846 2975 1055 3049 paratissimus,
1073 2975 1142 3030 invi·

35 3077 106 3120 tans
120 3062 162 3120 ad
176 3056 390 3135 poenitentiam,
399 3065 441 3121 sic
455 3065 625 3136 promittat:
649 3066 795 3134 Peccator,
808 3064 997 3136 qudcumque
1011 3061 1059 3119 die
1072 3077 1143 3118 con-

37 3168 144 3207 versus
159 3150 254 3216 fuerit,
269 3160 325 3208 etc.
342 3151 357 3176 ’'
368 3184 402 3192 -
419 3149 564 3222 Objr'cilur
575 3151 698 3222 quidem
713 3151 814 3222 primis
828 3147 946 3208 duobus
959 3147 1074 3206 saeculis
1094 3165 1141 3206 ne·

35 3249 143 3307 gatam
165 3236 254 3294 luisse
274 3237 389 3294 veniam
407 3237 501 3294 tribus
520 3237 701 3307 criminibuS,
718 3237 891 3295 idololatriae
911 3255 963 3294 seu
982 3236 1140 3308 apostasiae,

36 3323 167 3379 rrroechioe
179 3331 209 3379 et
221 3323 377 3380 horreicidr'o.
398 3356 424 3364 -
441 3323 605 3395 Respondco
619 3326 707 3383 talem
728 3327 839 3398 praxim
854 3345 912 3382 non
927 3325 1016 3383 fuisse
1030 3323 1142 3380 univer·

36 3409 154 3476 salem:
174 3426 242 3466 nam
250 3409 322 3481 soar
333 3429 353 3466 n
370 3411 568 3482 sApostolus,
583 3423 661 3469 texte
670 3412 794 3469 Eusebio
806 3413 860 3482 (H.
877 3412 912 3468 Ε.
928 3415 944 3468 l.
960 3412 983 3481 I,
1000 3429 1025 3467 c.
1045 3413 1087 3478 17)
1098 3411 1141 3480 ju-

37 3515 151 3556 venem
166 3497 326 3567 quemdam
341 3517 357 3554 a
370 3515 401 3555 se
416 3497 606 3570 baptizatum,
622 3500 672 3570 qui
688 3510 791 3571 postea
804 3499 951 3556 latronum
965 3498 1026 3555 dux
1044 3513 1141 3554 evase·

30 3570 84 3644 'iat
99 3595 130 3642 ct
145 3583 298 3642 homicidii
308 3601 382 3655 reus,
392 3585 452 3654 jam
464 3601 552 3642 senex
566 3586 708 3656 quaesivit,
723 3585 936 3657 inventumque
947 3583 1141 3656 poenitentem

35 3672 181 3742 absolvit,
200 3671 402 3742 Ecclesiaeque
416 3671 580 3729 ministerio
599 3673 737 3744 praefecit.
778 3673 889 3731 Pariter
906 3673 937 3730 S.
953 3671 1082 3728 Irernrus
1100 3687 1141 3727 re-

75 3863 86 3893 1
99 3845 146 3897 De
159 3844 305 3898 Poenitent.
321 3861 344 3897 c.
357 3861 383 3911 4.

73 3930 146 3984 'De
164 3931 218 3984 hac
237 3931 433 3994 controversia,
449 3948 533 4000 quarn
552 3933 634 3998 hujus
654 3935 788 4002 synopsis
806 3934 909 3987 limltes
927 3934 984 3986 late
1002 3949 1143 4001 exponere

29 4038 102 4074 ,non
117 4018 291 4088 permittunt,
306 4019 358 4085 legi
373 4029 491 4088 possunt
513 4037 519 4072 :
546 4018 691 4088 Petamus,
710 4022 742 4074 ln
762 4020 835 4076 notis
848 4020 885 4073 ad
900 4021 1002 4088 Epiph.
1016 4020 1082 4074 haer.
1097 4032 1143 4089 59;

38 4107 225 4168 Se'rmondus‚
239 4106 312 4160 Hist.
325 4106 422 4175 poenit.
437 4107 511 4174 publ.
526 4107 600 4174 publ.
616 4125 638 4160 c.
653 4123 677 4170 1;
699 4109 835 4173 Martem,
849 4107 884 4164 de
897 4107 994 4177 Antiq.
1009 4108 1084 4162 Eccl.
1099 4107 1141 4161 rit.

39 4197 58 4250 l.
80 4195 143 4259 l,c.
164 4195 189 4256 6,
205 4211 229 4247 a.
245 4211 272 4260 2;
301 4195 443 4256 olorinus,
466 4195 483 4246 l.
501 4194 537 4256 X,
552 4211 576 4248 c.
596 4209 605 4246 1
623 4211 675 4264 sq.;
703 4212 737 4249 ex
750 4195 869 4250 adverso
882 4206 978 4249 autem
990 4192 1140 4257 Palrm'err',

39 4287 81 4340 th.
100 4299 176 4353 q103
196 4282 313 4350 Hurter‚
330 4299 358 4336 n.
377 4295 424 4352 545
439 4299 480 4351 sq.
