2794 4662
273 177 338 228 696
546 177 602 228 DE
620 175 703 227 ΠΕΟ
722 177 1101 229 REMUNRRATORE.
1373 191 1374 260 Ι

608 409 695 485 Art.
726 408 756 485 I.
785 409 848 484 De
877 406 1044 485 inferno.

314 579 343 644 8.
394 579 544 643 infernus
575 581 698 663 (graece
721 576 802 656 aaa
825 580 979 643 hebraice
1006 580 1121 661 scluol)
1152 581 1303 662 proprie
1337 577 1374 642 dl

273 681 434 763 designat,
459 705 501 746 sc.
524 694 646 746 statum
669 684 915 760 damnatorum,
939 695 972 747 et
994 685 1097 747 locum
1125 685 1158 746 in
1189 704 1268 764 quo
1297 691 1374 746 sunt

273 787 371 868 priori
388 806 485 850 sensu
503 798 553 850 est
570 797 677 850 status
694 807 808 851 eorum
825 789 891 870 qui,
908 790 940 850 in
964 799 1102 870 peccato
1125 789 1270 851 mortali
1300 789 1374 854 dect

272 890 400 964 denteS,
413 891 445 952 in
464 900 624 954 aeternum
643 893 841 972 puniuntur;
858 893 1031 974 posteriori
1048 913 1157 964 sensu,
1170 903 1227 954 est
1247 891 1349 953 locus
1366 889 1374 954 l

271 1013 339 1074 quo
355 993 505 1056 damnati
524 1003 661 1056 manent
684 996 726 1056 ad
753 1015 871 1076 poenas
887 1004 1029 1056 aeternas
1046 994 1187 1057 luendas
1203 1016 1211 1072 ;
1237 979 1374 1058 commu

272 1096 359 1157 niter
384 1095 473 1157 enim
501 1096 622 1158 docent
650 1096 812 1178 Theologi
842 1097 1004 1160 infernum
1033 1117 1104 1159 esse
1131 1097 1262 1170 locum,
1288 1095 1374 1178 quun

272 1217 388 1261 omnes
411 1207 569 1260 creaturae
594 1199 625 1260 in
650 1199 761 1280 aliquo
786 1201 858 1262 loco
881 1201 1105 1262 determinato
1129 1220 1205 1261 esse
1230 1199 1374 1268 debeant

272 1301 391 1364 Minus
394 1303 526 1383 proprie
540 1313 652 1364 autem
670 1304 818 1382 infirnus
834 1305 923 1385 apud
941 1301 1092 1366 auetores
1105 1322 1222 1364 sacros
1236 1313 1274 1364 et
1288 1303 1374 1404 eccla

272 1406 423 1468 siasticos
440 1425 574 1468 ornnem
598 1405 707 1468 locum
729 1406 816 1468 coelo
838 1407 1024 1468 inferiorem
1041 1406 1211 1488 designat,
1230 1405 1353 1486 proind

272 1529 336 1590 que
348 1509 586 1590 purgatorium,
600 1509 738 1572 limbum
752 1510 937 1584 infantium,
947 1507 1086 1570 limbum
1100 1509 1242 1570 Patrum
1258 1507 1314 1586 (S.
1334 1507 1372 1568 tt

274 1629 290 1691 3
308 1613 383 1674 dist.
401 1629 449 1674 22.
466 1633 495 1694 q.
515 1630 541 1673 2.
558 1633 584 1674 a.
607 1613 658 1693 1):
682 1611 734 1673 hic
751 1621 863 1674 autern
887 1611 972 1674 hanc
993 1631 1108 1672 vocem
1126 1631 1230 1672 sensu
1249 1611 1359 1692 propri

273 1714 461 1795 accipimus.

289 1853 317 1909 1.
344 1852 398 1910 De
422 1843 631 1911 existentia
654 1857 693 1910 et
715 1853 936 1910 aeternitate
959 1863 1165 1924 poenarum
1191 1849 1362 1908 inlernl‘.

315 1991 344 2056 9.
386 1977 533 2040 Errores.
572 1976 628 2058 (A)
644 1977 879 2040 AEternitatcm
894 1995 1067 2058 poenarum
1081 1976 1201 2038 inferni
1216 1983 1374 2058 negarunt

273 2082 435 2162 imprimis
466 2079 665 2164 Ortgrem'stoe,
691 2083 746 2164 qui
775 2084 960 2144 docuerunt
987 2081 1147 2158 homines
1174 2082 1279 2144 etiam
1305 2094 1368 2162 post

273 2193 424 2260 mortem,
441 2184 579 2247 liberum
603 2185 775 2247 arbitrium
798 2185 947 2258 retinere,
967 2195 1000 2247 et
1021 2184 1256 2265 poenitentiam
1282 2204 1366 2264 agere

272 2308 378 2370 posse,
391 2289 437 2351 ita
453 2298 497 2362 ut,
511 2299 587 2370 post
603 2291 702 2370 longa
720 2299 879 2370 tempora,
896 2307 1013 2350 omnes
1029 2287 1169 2369 reprobi,
1182 2287 1251 2349 sive
1268 2289 1363 2369 angeli

273 2390 340 2452 sive
356 2390 517 2463 homines,
534 2390 655 2453 coelum
681 2391 815 2452 tandem
840 2391 907 2453 sint
932 2389 1133 2470 ingressuri:
1159 2388 1291 2452 finalem
1316 2391 1363 2469 igi-

272 2499 325 2552 tur
345 2492 494 2554 omniurn
515 2493 790 2554 restaurationem
813 2493 1027 2555 advocarunt.
1073 2491 1229 2573 origenis
1250 2511 1361 2554 errores

272 2601 422 2673 tempore
440 2593 471 2658 S.
491 2593 671 2675 Augustini
690 2595 839 2657 nonnulli
858 2596 1005 2677 amplexi
1022 2605 1108 2668 sunt,
1124 2597 1181 2676 qui
1201 2596 1359 2657 misericor-

271 2696 326 2758 des
341 2704 419 2758 sunt
434 2698 553 2758 vocati.

317 2793 384 2883 (13)
392 2799 492 2864 ,Inter
504 2799 733 2874 protestantes,
748 2799 920 2862 Socim'am'
932 2801 1178 2863 contenderunt
1191 2801 1305 2883 impios
1317 2803 1355 2864 vel

271 2902 383 2965 statim
411 2911 486 2982 post
512 2912 663 2977 mortem,
687 2902 736 2963 vel
761 2902 879 2965 s'altem
905 2913 981 2984 post
1004 2913 1194 2966 extremum
1216 2905 1353 2984 judicium

272 3005 340 3066 lore
372 3005 627 3082 annihilandos;
671 3005 923 3082 Universnlistoe,
954 3007 1010 3087 qui
1048 3007 1150 3068 duces
1189 3025 1352 3089 agnoscunt

263 3108 299 3191 J.
316 3107 412 3187 Kelly
427 3117 460 3170 et
469 3108 504 3191 J.
521 3108 675 3188 Murray,
692 3108 829 3187 (XVIII
848 3109 896 3190 s),
913 3119 1036 3184 tenent,
1057 3111 1143 3173 sicut
1165 3110 1351 3192 Origenista.

271 3210 427 3291 reprobos
445 3211 476 3272 in
495 3211 596 3272 altera
613 3212 681 3272 vittt
697 3213 860 3300 poenitere
878 3207 984 3293 posse,
996 3223 1029 3275 et
1042 3223 1118 3294 post
1132 3216 1237 3276 varias
1252 3217 1350 3296 proba·

270 3313 377 3375 tiones
387 3313 490 3375 vitam
504 3323 662 3375 aeternam
677 3327 911 3378 consecuturos
927 3335 998 3377 esse
1009 3328 1030 3378 ².
1068 3317 1161 3379 ldem
1173 3317 1237 3380 sere
1247 3321 1349 3382 docent

276 3418 456 3494 Uniraritt
475 3419 531 3498 qui
556 3419 775 3481 aeternitatem
801 3438 975 3500 poenarum
999 3416 1153 3499 speetant
1176 3431 1210 3482 ut
1232 3422 1289 3483 Dei
1310 3442 1347 3482 sa·

222 3647 226 3658 ,
307 3599 313 3620 ¹
328 3589 358 3640 S.
373 3588 399 3640 T
398 3587 470 3641 hom.
485 3587 606 3656 Suppq.
620 3603 665 3653 99;
681 3589 824 3649 Petavitts,
838 3603 881 3655 op.
899 3587 943 3639 cit.
958 3586 974 3638 Ι.
991 3587 1047 3646 ΙΙΙ,
1063 3602 1086 3638 c.
1103 3586 1161 3647 6·8;
1180 3587 1296 3654 Patami,
1310 3605 1343 3650 op.

271 3671 314 3723 cit.
339 3671 355 3722 l.
380 3670 436 3733 ΙΙΙ,
455 3685 478 3722 c.
502 3683 512 3721 1
535 3685 587 3736 sq.;
611 3671 742 3734 Perrone,
764 3687 808 3739 op.
828 3669 873 3723 cit.
894 3688 920 3724 n.
943 3673 996 3739 726
1015 3688 1068 3739 sq.;
1089 3671 1237 3736 Atnaarlla
1254 3689 1293 3740 op.
1312 3673 1343 3724 cit

214 3803 216 3808 .
270 3773 295 3809 n.
315 3767 379 3825 ¹²53
393 3773 450 3833 sq3;
464 3757 623 3826 Hettinger,
637 3757 754 3826 Apolog.
766 3757 802 3810 du
818 3759 921 3811 Christ.
935 3759 988 3811 vol.
1005 3759 1053 3824 IV,
1064 3776 1087 3811 c.
1105 3773 1147 3824 153
1162 3759 1253 3828 Pusty,
1263 3760 1343 3829 oprit.

271 3861 296 3912 p.
311 3845 345 3912 38
359 3861 415 3912 sq.;
437 3845 590 3910 Oxenham,
608 3845 753 3910 Eschatol.
770 3863 793 3898 c.
808 3848 861 3910 3·6.

197 3990 198 3993 Ἴ
305 3933 314 3962 ²
330 3930 507 3984 “Credimus
526 3947 611 3984 unum
632 3949 694 3985 esse
715 3933 817 3998 Deum,
833 3933 913 4001 cujus
932 3943 1030 3985 natura
1049 3932 1151 3984 caritas
1164 3945 1213 3996 est,
1225 3935 1312 4004 quique
1322 3951 1342 3986 se

272 4015 461 4068 manifestavit
478 4017 505 4068 in
522 4018 642 4084 Christo,
659 4035 709 4086 per
728 4018 862 4086 Spiritum
882 4017 990 4086 gratlae,
1006 4035 1040 4071 ac
1059 4019 1157 4071 ultimo
1176 4029 1257 4072 totum
1274 4037 1341 4088 penus
1373 4035 1374 4040 ¹

271 4102 425 4153 humanum
439 4101 466 4152 in
481 4101 630 4155 sanctitate
644 4120 677 4156 ac
690 4103 823 4158 felicitate
837 4103 1003 4158 restaurabit
1013 4105 1034 4157 '¹.
1074 4103 1241 4172 (Professrbn
1252 4105 1339 4172 osfrith

275 4185 348 4249 1803,
362 4195 412 4237 art.
432 4187 470 4247 ll,
486 4187 559 4254 apud
575 4189 612 4240 H.
627 4189 713 4257 Lym,
727 4192 752 4242 Α
766 4191 848 4259 stutly
862 4193 893 4244 os
904 4193 950 4245 the
965 4189 1048 4257 setis,
1062 4208 1088 4260 p.
1108 4192 1177 4256 160).

306 4270 316 4302 ²
333 4267 444 4332 Clarke,
462 4273 538 4326 Man.
553 4274 584 4325 of
593 4275 659 4327 unit.
674 4276 761 4330 belief
771 4293 795 4345 p.
810 4275 852 4330 62.
