2794 4662
246 197 315 252 aas
615 199 671 249 nu
690 196 981 262 unrnruomo.

176 388 181 399 “
246 402 285 445 ea
302 381 391 446 irrita
413 400 477 442 non
499 379 606 443 lecit1.
654 381 759 464 Atqui
786 402 829 444 ex
854 402 914 445 usu
939 381 1097 462 loquendi
1122 381 1338 444 ecclesiastico

247 485 495 548 matrimonium
513 493 621 547 ratum
637 484 725 548 idem
740 495 791 548 est
809 505 848 548 ac
867 495 1107 548 sacramentum
1119 487 1339 556 matrimonii:

245 589 292 651 ait
307 588 394 650 enim
412 587 616 650 Innocentius
629 587 692 652 Ill
703 587 736 669 (l.
753 589 813 670 c.):
836 589 939 653 “Etsi
960 589 1215 652 matrimonium
1236 597 1336 652 uerum

246 691 331 754 inter
353 689 502 754 infideles
526 692 659 764 existat,
683 713 744 754 non
769 702 880 756 tamen
904 703 955 757 est
978 702 1102 766 ratum,
1127 693 1218 755 inter
1239 691 1340 756 fideles

245 804 356 857 autem
385 814 497 856 verum
523 803 556 857 et
580 804 689 856 ratum
720 795 854 858 existit:
884 796 962 879 quia
988 807 1240 858 sacramentum
1267 796 1341 868 fidei,

246 897 332 978 quod
360 895 462 958 semel
486 905 535 960 est
560 897 750 972 admissum,
766 917 936 979 nunquam
960 899 1136 974 amittitur,
1157 901 1218 963 sed
1243 911 1340 961 ratum

246 1001 338 1084 efficit
350 1000 494 1082 conjngii
505 1013 752 1074 sacramentum,
767 1010 803 1064 ut
820 1002 926 1083 ipsum
948 1002 979 1062 in
1001 1001 1205 1083 conjugibus
1223 1003 1276 1064 illo
1289 1005 1340 1066 du-

194 1165 197 1172 .
247 1113 340 1167 rante
366 1102 524 1186 perduret
536 1104 560 1167 ’'.
590 1105 714 1186 Ergo,
738 1103 838 1184 juxta
871 1104 901 1166 Τ
899 1105 1118 1180 νιὶίιηίίηκυι,.
1139 1109 1341 1168 matrimonia

246 1209 316 1270 sine
332 1206 512 1270 sacerdotis
530 1208 705 1287 praesentia
721 1217 754 1270 et
771 1205 1001 1270 benedictione
1017 1208 1196 1296 celebrata,
1212 1220 1341 1292 possunt

246 1329 317 1373 esse
340 1321 423 1386 rata,
439 1310 456 1371 i.
474 1329 499 1371 e.
516 1328 629 1372 verum
652 1320 905 1374 sacramentum.
954 1311 1045 1392 Ergo
1067 1314 1261 1376 sacerdotes
1284 1334 1340 1374 non

244 1422 321 1475 sunt
337 1412 477 1475 ministri
494 1410 592 1491 hujus
609 1413 818 1488 sacramenti,
834 1414 891 1476 sed
909 1414 1153 1476 contrahentes.

244 1516 294 1596 (b)
318 1511 474 1589 Aliunde,
495 1515 665 1596 proposito
688 1516 790 1578 dubio
818 1526 927 1579 utrum
956 1519 1170 1580 matrimonia
1199 1529 1340 1601 tempore

243 1618 371 1700 gallicae
388 1617 646 1699 perturbationis
663 1616 806 1699 peraeta,
818 1619 942 1700 absque
960 1621 1151 1684 Sacerdotis
1166 1626 1342 1704 praesentia.

246 1722 459 1785 revalidanda
471 1731 581 1784 essent
594 1717 825 1783 benedictione
839 1717 1037 1796 Sacerdotis
1051 1721 1279 1804 Congregatio
1291 1744 1343 1804 pro

245 1822 1343 1908 negotiisEcclesiaegallicanaedeputata,respondit(22Apr.1792;

244 1928 386 1992 “fideles
407 1929 590 1991 hortandos
609 1947 681 1990 esse
702 1935 739 1988 ut
757 1946 831 1988 cum
856 1925 1045 1988 Sacerdotis
1069 1929 1204 2008 copiam
1224 1930 1342 1991 habere

245 2041 394 2114 possunt,
409 2032 452 2094 ab
468 2051 508 2093 eo
524 2027 789 2094 benedietionem
808 2038 933 2108 petant,
949 2030 1005 2110 qui
1027 2039 1139 2093 tamen
1160 2032 1224 2092 illis
1240 2033 1341 2094 decla-

245 2136 329 2198 rabit
352 2135 542 2213 hujusmodi
566 2133 809 2197 bertcdiliionem
825 2131 872 2194 ad
884 2133 1088 2196 validitatem
1105 2135 1242 2198 mim'me
1250 2137 1341 2215 perti.

245 2260 318 2302 nere
330 2240 353 2302 ''.
401 2241 502 2302 Porro
521 2239 547 2300 si
569 2239 607 2300 R.
626 2236 780 2299 Pontifex
803 2238 888 2298 serio
906 2235 1090 2299 dubitasset
1110 2239 1152 2299 de
1176 2239 1342 2300 validitate

246 2343 444 2406 sacramenti
462 2341 665 2405 matrimonii
678 2341 803 2421 absque
817 2339 997 2404 Sacerdote
1010 2337 1181 2414 contracti,
1194 2361 1341 2422 quorsum

248 2446 323 2508 talis
339 2446 542 2509 admonitio?

287 2559 334 2625 25,
384 2545 446 2633 (C)
468 2549 540 2610 Rat.
558 2547 645 2610 tlreol.
693 2547 748 2608 Ex
764 2543 861 2610 dietis
878 2546 910 2608 in
929 2548 1138 2628 praecedente
1155 2548 1251 2620 thesi,
1268 2567 1337 2610 con-

246 2649 369 2716 tractus
387 2652 640 2716 matrimonialis
661 2651 887 2734 inseparabilis
907 2660 957 2712 est
976 2652 1018 2712 ab
1037 2652 1110 2732 ipso
1129 2662 1340 2716 sacramento.

246 2756 449 2839 proindeque
466 2757 511 2818 illi
528 2777 603 2820 vere
622 2754 802 2818 conficiunt
822 2764 1066 2817 sacramentum
1083 2757 1139 2836 qui
1158 2757 1256 2819 simul
1273 2776 1340 2818 con·

245 2858 388 2924 tractum
416 2860 616 2942 perficiunt3
647 2859 739 2941 atqui
772 2859 832 2940 ipsi
864 2856 1106 2942 contrahentes
1138 2878 1207 2939 non
1239 2871 1338 2920 autem

248 2963 418 3038 Sacerdos
435 2961 641 3027 contractum
668 2961 945 3024 matrimonialem
971 2959 1154 3042 perficiunt,
1176 2971 1213 3023 ut
1237 2972 1339 3043 patet;

246 3089 324 3150 ergo
350 3069 411 3150 ipsi
437 3068 671 3130 contrahentes
702 3074 946 3128 sacramentum
978 3062 1168 3140 conficiunt,
1196 3085 1254 3128 seu
1280 3065 1340 3126 aliis

246 3171 352 3233 verbis
369 3172 566 3233 sacramenti
584 3180 662 3233 sunt
679 3170 830 3233 ministri.

288 3270 337 3335 26.
379 3269 447 3358 (D)
461 3272 632 3353 Principia
643 3271 691 3333 ad
697 3272 866 3335 solvendus
876 3272 1086 3354 dffcultates.
1109 3269 1242 3353 'Quum
1254 3273 1340 3336 nimis

246 3377 420 3439 taediosum
438 3377 481 3439 sit
498 3376 586 3438 varia
603 3386 800 3456 argumenta
817 3375 859 3437 ab
876 3374 1071 3438 adversariis
1087 3375 1190 3437 allata
1208 3375 1339 3456 singula-

247 3479 306 3542 tim
323 3478 502 3554 confutare,
514 3477 656 3540 sufficiat
673 3477 831 3540 nonnulla
848 3498 1016 3559 exponere
1033 3477 1206 3560 principia,
1221 3499 1265 3540 ex
1281 3479 1339 3560 qui·

247 3581 308 3643 bus
324 3580 405 3643 solvi
422 3581 564 3643 valeant.

247 3685 296 3764 (a)
312 3685 520 3766 Argumenta
532 3706 553 3746 a
562 3686 645 3767 pari
658 3705 701 3747 ex
719 3685 789 3747 aliis
806 3683 1022 3747 sacramentis
1033 3683 1223 3764 desumpta,
1237 3704 1339 3766 parum

247 3798 304 3850 aut
328 3789 406 3850 nihil
430 3790 552 3864 valent,
575 3811 677 3872 quum
701 3791 962 3870 unumquodque
985 3799 1234 3850 sacramentum
1260 3807 1339 3850 suam

1247 3917 1335 3926 .-.-’

283 3987 325 4031 1“
336 3987 461 4040 Tametsi
486 3988 670 4042 dubitandum
697 4005 752 4040 non
780 3999 822 4040 est
849 3987 1023 4040 clandestina
1050 3985 1242 4048 matrimonia,
1267 3985 1341 4036 libero

249 4072 472 4124 contrahentium
485 4090 623 4127 consensu
637 4073 719 4140 laeta,
733 4080 798 4126 ratu
810 4080 837 4126 et
849 4091 917 4126 vera
930 4089 993 4126 esse
1011 4071 1200 4138 matrimonia,
1219 4069 1339 4142 quamdiu

252 4156 378 4209 Ecclesia
392 4174 424 4210 ea
438 4158 514 4212 irrita
528 4177 583 4212 non
597 4161 660 4214 lecit
674 4182 679 4224 ;
699 4173 726 4216 et
740 4162 857 4231 proinde
874 4161 935 4230 jure
954 4160 1107 4213 damnandi
1128 4159 1186 4213 sint
1198 4160 1250 4225 illi,
1265 4170 1291 4212 ut
1302 4175 1340 4212 eos

252 4241 279 4293 S.
298 4241 426 4309 Synodus
440 4245 618 4300 anathemate
630 4248 755 4314 damnat,
769 4248 816 4316 qui
835 4265 870 4302 ea
888 4266 953 4302 vera
971 4263 1004 4301 ac
1024 4257 1085 4312 rata
1102 4263 1167 4300 esse
1188 4245 1339 4315 negant

254 4325 331 4384 <Sess
355 4327 451 4379 xxiv
466 4328 501 4381 de
516 4329 576 4384 Rei.
596 4333 715 4386 Matrim.
731 4350 753 4386 c.
774 4335 805 4400 1).
1063 4331 1066 4338 ·
