2770 4652
391 153 446 201 DE
464 153 701 204 SACRIFICIO
719 154 868 202 MISSAE.
1108 156 1177 206 445

94 327 171 391 ladio
193 351 256 392 non
282 333 484 413 recipiuntur
505 333 566 395 nisi
589 335 700 396 adsint
721 333 886 414 requisitae
908 332 1116 393 conditiones
1133 354 1176 395 ex

92 443 174 512 parte
190 435 397 514 postulantis
413 455 525 498 eorum
544 457 603 516 pro
619 437 738 517 quibus
762 435 982 517 postulantur,
999 443 1033 496 et
1055 433 1176 515 objecti

91 537 170 616 quod
186 538 392 618 postulatur;
415 539 507 619 atqui
532 539 595 600 illae
618 539 825 602 conditiones
842 539 1022 618 aliquando
1038 538 1177 600 deficere

91 649 236 719 possunt;
260 659 346 722 ergo.

126 752 188 819 172.
235 743 299 824 (D)
321 745 463 805 Tandem
487 766 595 806 onmes
613 744 740 823 effecius
764 755 863 822 supra
886 743 1040 823 descripti
1056 743 1176 822 proda-

87 854 195 904 cunrur
208 845 307 906 etiam
324 867 363 907 ex
375 857 463 926 opere
477 847 644 926 operantis
693 846 821 909 Certum
843 857 896 908 est.
944 846 1041 921 Nam,
1059 854 1177 927 praetcr

86 947 291 1009 intrinsecum
315 949 471 1024 valorem,
495 951 562 1010 duo
586 959 662 1011 sunt
686 949 928 1011 consideranda
957 951 989 1010 in
1018 948 1177 1011 sacrificio

87 1049 212 1112 Missa:
237 1072 350 1132 preces
367 1052 547 1114 sacerdotis
564 1052 760 1114 celebrantis
777 1053 1033 1133 astantiumque,
1050 1062 1084 1115 et
1106 1074 1176 1134 pre-

85 1172 131 1212 ces
155 1153 322 1228 Ecclesiae,
340 1155 433 1236 cujus
457 1155 592 1216 nomine
616 1154 752 1216 offertur
775 1153 992 1230 sacrificium
1016 1155 1108 1234 atqui
1132 1175 1175 1215 ex

84 1265 216 1337 utroque
232 1259 341 1339 capite
356 1258 551 1321 sacrificium
569 1258 636 1319 vim
653 1257 797 1338 aliquam
815 1258 969 1332 desumit,
986 1266 1020 1319 et
1040 1257 1175 1337 quidem

84 1377 118 1416 eo
141 1359 299 1438 majorem
323 1380 389 1440 quo
413 1360 594 1421 sacerdotis
618 1370 651 1422 et
675 1361 857 1422 astantium
882 1380 995 1442 preces
1019 1371 1096 1422 sunt
1117 1360 1176 1422 ler-

85 1462 249 1536 ventiores,
264 1474 297 1525 et
317 1483 430 1525 eorum
454 1483 528 1525 curn
549 1462 682 1524 Christo
705 1465 792 1538 uni0,
812 1463 985 1545 principali
1009 1462 1177 1538 offerente,

83 1563 239 1644 intimior;
263 1587 342 1648 ergo
358 1588 402 1628 ex
419 1587 518 1647 opere
534 1566 702 1646 operantis
720 1565 844 1628 fruitus
864 1567 978 1628 Missae
995 1575 1165 1647 augentur.

124 1678 187 1745 173.
238 1668 418 1732 Corollaria
431 1694 442 1732 .·
466 1667 524 1750 (A)
545 1670 649 1730 Missa
665 1671 855 1744 sacerdotis,
872 1669 904 1731 in
922 1680 1011 1731 statu
1030 1671 1177 1731 mortalis

85 1771 203 1847 peccati
227 1771 433 1848 celebrantis
457 1793 551 1852 aeque
579 1770 667 1834 valet
695 1792 732 1834 ac
758 1773 862 1834 Missa
890 1772 968 1834 boni
997 1773 1177 1834 sacerdotis

84 1874 186 1951 quoad
207 1875 362 1939 eflectum
372 1875 585 1956 principalem
601 1895 640 1936 ex
653 1885 741 1955 opere
755 1885 888 1956 operato,
904 1877 959 1955 qui
977 1897 1020 1936 ex
1038 1875 1176 1938 oblatio-

85 1994 121 2035 ne
144 1977 244 2057 ipsius
269 1979 390 2043 Christi
415 1980 527 2053 oritur,
543 1987 601 2039 aut
621 1979 722 2040 etiarn
744 1978 854 2059 quoad
880 1974 1032 2039 elicitum
1054 1979 1109 2059 qui
1133 1999 1177 2040 ex

85 2080 228 2156 precibus
247 2081 405 2143 Ecclesiae
422 2082 579 2162 procedit,
597 2081 782 2142 dummodo
805 2081 960 2141 sacerdos
977 2100 1042 2141 non
1061 2081 1103 2141 sit
1119 2101 1177 2141 ex-

85 2185 340 2246 communicatus
356 2184 530 2258 vitandus;
555 2203 628 2245 narn
649 2183 776 2264 duplex
798 2184 851 2246 ille
871 2181 1009 2244 eflelfftus
1027 2204 1046 2244 a
1062 2184 1177 2244 volun-

85 2291 143 2343 tate
159 2286 339 2348 sacerdotis
356 2307 421 2348 non
439 2288 562 2368 pendet
579 2309 585 2363 ;
609 2307 675 2366 quo
692 2308 788 2350 sensu
812 2287 892 2349 dicit
914 2287 1057 2348 Trideut.
1071 2310 1081 2342 :
1104 2288 1178 2349 “Et

84 2383 150 2447 haec
170 2389 304 2466 quidem
328 2388 383 2451 illa
407 2389 531 2451 munda
550 2389 676 2452 oblatio
698 2400 757 2464 est,
774 2411 849 2471 quae
871 2389 962 2450 nulla
980 2389 1177 2470 indignitate

84 2501 135 2552 aut
152 2492 277 2554 malitid
293 2493 501 2555 offerentium
519 2492 680 2574 inquinari
698 2501 808 2573 potest
820 2492 842 2554 ”.
890 2491 956 2555 Sed
983 2489 1108 2553 studius
1130 2512 1176 2553 sc·

83 2595 262 2670 caridemus,
272 2597 327 2678 qui
341 2617 385 2657 ex
398 2597 603 2659 orationibus
617 2596 805 2670 sacerdotis
817 2605 854 2657 ut
867 2595 1004 2675 privatae
1018 2615 1177 2674 personae,

84 2699 237 2773 provenit,
248 2701 417 2761 evidenter
429 2721 472 2762 ex
486 2699 557 2779 ejus
574 2698 750 2761 devotione
764 2699 896 2778 pendet,
908 2717 945 2757 ac
960 2695 1107 2776 proinde,
1118 2697 1180 2758 sub

83 2795 140 2858 hoc
164 2798 325 2881 respectu,
342 2803 457 2863 melior
479 2812 529 2862 est
551 2802 651 2861 lllissa
674 2801 752 2862 boni
772 2820 871 2881 quam
896 2799 973 2859 mali
990 2799 1177 2860 sacerdotis¹

83 2898 129 2978 (S.
153 2903 208 2965 Ylae.
225 2925 255 2984 q.
275 2907 324 2976 82,
341 2927 368 2968 a.
386 2907 429 2986 6.)

125 3001 190 3089 (Β)
217 3006 388 3082 Sacerdos,
411 3008 476 3088 qui,
501 3017 639 3087 accepto
667 3005 843 3086 stipendio
869 3003 1008 3064 Missam
1034 3003 1065 3063 in
1091 3012 1178 3064 statu

83 3108 227 3170 mortalis
251 3111 377 3190 peccati
403 3111 588 3184 celebravit,
605 3107 799 3189 obligationi
824 3127 892 3167 suae
917 3105 1180 3167 substantialiter

84 3211 261 3287 satisfecit;
295 3215 449 3274 convenit
477 3223 587 3274 tamen
612 3221 648 3274 ut
671 3212 733 3292 piis
757 3209 962 3272 orationibus
986 3217 1180 3290 compenset

84 3314 167 3389 quod
185 3313 290 3377 deluit
306 3335 349 3375 ex
367 3326 459 3395 parte
477 3313 600 3377 srudlus
618 3314 811 3376 secundarii.

125 3429 189 3494 174.
234 3429 266 3494 30
278 3417 329 3477 De
344 3417 452 3478 valore
467 3417 510 3477 M
512 3417 588 3478 issae.
629 3417 733 3479 Valor
750 3419 863 3478 Missae
879 3428 930 3479 est
946 3417 1048 3476 virtus
1066 3415 1179 3476 intrin-

84 3533 154 3576 seca
171 3523 235 3598 qua
251 3521 375 3598 gaudet
392 3519 433 3580 ad
451 3539 528 3580 suos
545 3517 682 3581 effectus
697 3519 937 3600 producendos
953 3517 1033 3579 dum
1057 3514 1181 3578 fructus

85 3629 130 3680 est
147 3619 269 3683 bonum
287 3622 386 3702 quod,
404 3623 524 3684 intuitu
543 3621 700 3698 sacrificii,
719 3622 810 3684 Deus
828 3620 964 3682 confert.

124 3723 182 3803 (A)
199 3723 302 3786 Valor
328 3725 440 3786 Missae
464 3725 497 3786 in
518 3745 551 3786 se
569 3722 748 3804 spectatus
765 3733 863 3805 prout
886 3723 1114 3784 consideratur
1137 3743 1180 3783 ex

86 3835 173 3902 parte
188 3825 332 3889 vietimae
348 3828 470 3890 oblata
487 3839 520 3890 et
537 3827 726 3908 principalis
739 3825 916 3902 offerentis
927 3833 977 3886 est
990 3824 1183 3904 simpliciter

87 3927 247 3992 infinitus:
271 3943 420 3992 econtra
436 3930 528 3992 valor
544 3930 693 3992 sacrificii
710 3951 753 3990 ex
771 3939 864 4009 parte
882 3926 1040 3988 Ecclesiae
1056 3927 1107 3988 vel
1129 3947 1183 3988 sa-

87 4035 222 4096 cerdotis
239 4032 406 4095 offerentis
423 4043 474 4095 est
491 4036 675 4095 necessario
693 4032 813 4094 finitus.

127 4149 192 4221 175,
241 4139 298 4219 (Β)
313 4137 516 4201 Sacrificium
530 4137 642 4198 Missae
657 4137 687 4198 in
701 4140 760 4197 sua
773 4134 982 4215 applicatione
994 4133 1181 4196 considera·

89 4249 162 4318 tum,
174 4242 274 4305 habet
291 4261 421 4322 semper
436 4237 590 4302 effectum
609 4239 760 4300 finitum:
785 4257 849 4299 non
867 4238 955 4299 enim
973 4257 1111 4318 capaces
1128 4257 1180 4298 su-
