2738 4646
313 183 368 233 DE
387 182 595 235 sustracto
614 181 829 232 BAPTISMI.
1053 176 1117 228 267

35 358 214 439 Baptismus
228 373 279 428 est
295 365 424 440 dubius,
439 364 558 427 saltem
574 361 726 446 pradtice,
742 383 785 426 ex
802 361 969 426 decisione
986 358 1017 424 S.
1032 357 1067 422 C.
1081 356 1116 420 C

38 479 67 524 12
78 465 136 545 jul.
157 483 245 547 1794

71 562 132 652 (C)
152 573 168 600 ‘¹
181 569 306 634 Curent
321 571 508 634 sacerdotes
525 579 561 632 ut
577 587 693 632 omnes
712 566 835 642 fideles,
851 565 1032 647 praesertim
1050 581 1116 624 me-

33 667 245 743 dici,nutrices
256 682 358 754 atque
369 671 563 734 obstetrices
573 670 916 754 priuatiBaptismatis
927 665 1117 730 conserendi

33 771 162 834 modum
179 775 240 836 rite
256 775 405 837 calleant.
452 773 577 838 Sedulo
592 775 692 838 etiam
709 773 878 856 explicent
889 769 1117 853 gravissimam

33 877 89 950 qua
109 885 265 938 tenentur
280 897 405 953 omnes,
421 877 558 940 absente
580 877 760 952 sacerdote,
776 875 1013 956 obligationem
1037 871 1117 934 illud

33 973 215 1056 infantibus
224 980 275 1042 vel
292 981 414 1043 adultis
430 980 722 1053 consentientibus
737 978 794 1059 qui
811 977 843 1039 in
860 976 1016 1057 proximo
1033 994 1118 1037 mor·

32 1077 68 1138 tis
89 1083 235 1160 periculo
258 1083 341 1145 forte
364 1084 614 1158 constituantur,
638 1080 847 1163 impertiendi
858 1080 874 1106 ''
898 1079 1012 1160 (Cone.
1033 1075 1118 1140 Balt.

35 1179 72 1254 ll,
87 1183 171 1264 228).

71 1280 139 1370 (D)
153 1287 268 1350 Foetus
279 1287 448 1351 abortivus
460 1287 621 1367 baptizari
631 1286 740 1359 debet,
752 1286 853 1349 etiam
866 1283 1120 1358 recentissimus,

33 1389 101 1465 quia
117 1390 218 1454 hodie
233 1393 418 1454 communis
434 1392 525 1473 viget
540 1391 654 1472 opinio
670 1391 907 1453 animationem
925 1387 992 1450 fieri
1005 1387 1048 1450 ab
1060 1386 1119 1449 ini·

34 1490 74 1550 tio
87 1494 313 1574 conceptionis
328 1516 335 1571 ;
357 1495 383 1555 si
401 1495 443 1556 de
459 1494 530 1575 ejus
546 1493 751 1555 animatione
770 1491 948 1566 dubitetur,
965 1490 1027 1553 sub
1042 1509 1119 1552 con·

33 1591 152 1656 ditione
168 1595 361 1676 baptizetur.

72 1691 139 1781 (E)
160 1697 313 1762 Monstra
336 1699 458 1780 pariter
480 1697 681 1778 baptizanda
697 1705 782 1770 sunt,
798 1695 984 1758 dummodo
1005 1695 1120 1757 huma·

35 1817 102 1860 nam
119 1802 264 1882 speciem
282 1823 348 1884 prae
364 1823 400 1866 se
416 1802 523 1865 lerant
539 1825 545 1863 :
570 1802 601 1862 in
619 1801 730 1876 dubio,
746 1800 889 1862 addatur
904 1800 1073 1862 conditio:
1093 1800 1120 1861 si

35 1909 64 1961 tu
79 1921 112 1963 es
128 1903 231 1966 homo
241 1916 261 1967 ¹.

278 2053 327 2110 11.
348 2053 403 2113 De
425 2053 515 2113 tiliis
537 2053 840 2113 acatholicorum
851 2051 872 2110 ⁹.

69 2191 116 2258 4p
168 2192 201 2241 1⁰
214 2179 382 2262 Principia
392 2181 559 2260 generalia
607 2177 672 2264 (A)
689 2180 761 2242 Filii
775 2179 1042 2254 acatholicorum,
1055 2181 1123 2242 sive

36 2279 218 2358 infidelium,
230 2285 299 2346 sive
311 2284 549 2358 haereticorum,
557 2293 694 2364 possunt
707 2283 842 2363 quidem
856 2281 943 2344 licite
954 2282 1123 2363 baptizari,

35 2384 125 2447 etiam
151 2386 262 2450 invitis
286 2387 486 2467 parentibus,
509 2385 644 2467 quando
667 2395 744 2448 sunt
769 2386 800 2447 in
825 2385 938 2448 adulta
962 2395 1070 2460 aetate,
1090 2395 1123 2446 et

35 2488 199 2561 postulant
211 2488 420 2569 Baptismum
430 2510 437 2564 ;
460 2488 539 2570 quia
555 2489 586 2549 in
605 2487 702 2550 rebus
718 2487 759 2549 ad
777 2487 918 2550 salutem
932 2487 1123 2566 pertinenti-

36 2585 95 2665 bus,
108 2588 164 2651 filii
182 2591 286 2651 adulti
303 2609 369 2652 non
386 2591 577 2671 dependent
590 2610 610 2651 a
622 2591 829 2671 parentibus;
851 2595 867 2621 ‘¹
880 2589 1015 2652 obedire
1028 2609 1123 2670 opor-

35 2695 76 2751 tet
91 2691 166 2753 Deo
182 2693 291 2772 magis
306 2711 406 2772 quam
424 2692 614 2754 hominibus
629 2692 644 2716 ’¹
661 2693 746 2772 (Adi.
764 2692 804 2766 V,
823 2691 886 2772 29).

72 2788 136 2877 (B)
157 2793 231 2854 Filii
248 2793 518 2870 acatholicorum,
534 2797 614 2858 dum
635 2793 777 2856 infantes
799 2805 886 2869 sunt,
902 2814 968 2856 non
985 2802 1124 2875 possunt

36 2890 113 2956 licite
128 2894 292 2974 baptizari
309 2895 420 2958 invitis
436 2897 636 2976 parentibus
649 2896 767 2958 saltem
782 2896 983 2977 regulariter.
1024 2895 1125 2957 Ratio

35 3005 76 3057 est
90 2998 168 3077 quia
185 3016 279 3058 secus
295 2997 345 3078 (a)
361 2998 540 3060 violaretur
552 2998 606 3078 jus
623 2999 896 3079 parentum,quia
913 2998 1055 3059 infantes
1068 2996 1124 3078 qui

35 3100 174 3161 nondum
193 3099 328 3161 rationis
345 3120 440 3162 usum
457 3102 647 3182 attigerunt,
664 3112 741 3162 sunt
764 3101 825 3163 sub
848 3105 925 3162 cura
942 3109 1125 3181 parentum,

36 3197 181 3281 ipsosque
205 3202 374 3282 baptizare
402 3203 512 3266 invitis
536 3205 741 3284 parentibus,
765 3203 852 3265 idem
882 3203 949 3264 lere
974 3215 1060 3264 essct
1088 3223 1125 3265 ac

36 3299 195 3384 baptizare
208 3303 353 3384 aliquem
370 3306 509 3368 invitum
521 3330 527 3382 ;
544 3305 594 3386 (b)
607 3307 741 3387 insuper
754 3306 896 3368 infantes
910 3306 955 3367 sic
966 3305 1125 3386 baptizati

37 3401 120 3470 lacile
143 3410 185 3471 ad
210 3406 440 3470 infidelitatem
461 3421 519 3471 aut
542 3410 689 3471 haeresim
711 3409 864 3486 redirent,
882 3418 1017 3490 propter
1033 3419 1126 3470 natu-

37 3509 125 3572 ralem
143 3508 299 3572 aiset'tum
317 3512 357 3572 ad
375 3521 529 3592 parentes
546 3511 596 3590 (5.
619 3513 649 3572 T
646 3511 674 3573 lt.
693 3529 710 3591 3
728 3533 757 3592 p.
774 3533 803 3593 q.
820 3513 870 3587 68,
889 3531 915 3572 a.
937 3527 997 3590 10).

71 3623 116 3688 5ο.
163 3625 199 3674 20
215 3612 351 3692 Regula
365 3613 522 3692 praliicae.
571 3610 635 3698 (A)
662 3613 823 3676 Attamen
848 3612 903 3674 filii
927 3611 1126 3674 acatholico·

38 3733 105 3792 mm,
120 3717 221 3778 etiam
239 3715 392 3792 infantes
409 3717 497 3778 licite
513 3718 674 3799 baptizari
693 3725 851 3799 possunt:
876 3715 925 3796 (a)
943 3716 974 3776 in
985 3715 1128 3796 periculo

65 3937 71 3960 ¹
87 3929 145 3982 Hae
168 3929 205 3982 de
228 3947 256 3983 re
280 3929 351 3996 lege,
371 3939 472 3996 praeter
492 3928 639 3996 theologos
658 3926 787 3990 morales,
804 3924 985 3992 Capelmann,
1001 3921 1128 3976 Medical

38 4025 128 4079 pastor,
141 4033 167 4083 p.
186 4029 253 4080 107;
275 4015 398 4080 O'Kane‚
417 4015 506 4066 Notes
520 4030 556 4066 on
571 4015 619 4068 the
634 4012 763 4078 Rubrics‚
778 4029 823 4063 nn.
841 4023 963 4079 loz-217.
1137 4062 1139 4067 ,

65 4095 112 4152 ²5.
127 4101 152 4153 T
149 4102 220 4154 honr.
237 4117 253 4170 3
267 4117 293 4168 p.
310 4118 337 4170 q.
353 4098 396 4162 68,
410 4115 434 4152 a.
452 4115 493 4164 10;
514 4101 543 4152 S.
554 4101 729 4168 Alpheum,
745 4096 857 4164 126-132
867 4116 874 4160 ς
893 4098 1034 4164 Kom'ngr,
1048 4095 1129 4147 1261-

38 4185 81 4245 62;
99 4187 186 4254 trare,
207 4198 338 4252 1471·73;
359 4185 481 4252 Lelzml’,
496 4187 588 4252 80·8o;
609 4186 724 4249 s'aberri,
738 4185 805 4248 662;
826 4182 1126 4242 Borma-Palmam,

39 4285 59 4322 n.
75 4285 103 4340 55
118 4291 158 4343 sq.
