2794 4662
226 201 293 252 684
591 205 645 252 DE
666 201 961 253 tentamento.

225 385 355 462 praxim
383 385 605 448 communiter
633 385 664 447 in
695 385 845 448 Ecclesia
875 385 1034 466 viguisse,
1059 381 1320 465 approbantibus

226 485 400 568 Episcopis
412 497 445 549 et
460 488 498 549 R.
515 485 730 551 Pontificibus
744 509 751 564 ;
771 488 922 569 jamvero
937 488 1028 568 quod
1046 485 1278 567 frequentatur
1293 485 1320 544 in

225 590 374 651 universa
393 588 550 665 Ecclesia,
566 599 599 653 et
615 591 657 652 ad
675 589 774 654 fidem
793 611 967 672 moresque
984 591 1140 673 pertinet,
1153 608 1319 651 erroneum

224 711 294 753 esse
311 691 431 773 nequit.

267 793 461 857 Notandum
479 804 659 857 esttamen
678 795 925 858 matrimonium
951 803 1059 857 ratum
1084 795 1170 856 solvi
1195 803 1319 855 tanturn

223 917 263 959 eo
289 907 439 978 tempore
466 917 533 978 quo
559 899 723 961 emittitur
747 898 897 960 solemnis
921 897 1090 978 professio.
1116 916 1184 958 non
1213 907 1319 958 autem

221 1020 289 1081 quo
312 1001 385 1081 quis
409 1000 602 1081 religionem
628 1001 833 1082 ingreditur;
857 1001 992 1082 insuper
1014 1020 1082 1061 non
1107 999 1249 1062 soluitur
1269 1020 1321 1080 per

223 1113 335 1166 votum
354 1102 499 1184 simplex
516 1103 689 1176 castitatis
701 1123 810 1184 neque
825 1122 883 1184 per
898 1102 1024 1165 ordinis
1041 1102 1126 1164 sacri
1144 1103 1320 1184 susceptio

223 1226 309 1282 nem,
319 1205 369 1268 vel
384 1216 462 1268 vota
478 1207 599 1268 emissa
616 1206 650 1295 in
663 1206 932 1288 Congregntione
945 1227 964 1266 a
979 1206 1011 1270 S.
1024 1205 1112 1269 Sede
1126 1226 1193 1267 non
1208 1225 1319 1286 appro-

223 1309 308 1370 bata.
356 1309 433 1370 Duo
449 1328 580 1370 menses
597 1329 616 1370 a
630 1309 703 1389 jure
719 1307 918 1390 conjugibus
934 1308 1166 1370 conceduntur
1182 1309 1225 1370 ad
1246 1307 1319 1370 deli-

223 1412 404 1473 berandum
419 1411 460 1473 de
474 1412 623 1492 ingressu
641 1412 821 1494 religionis;
844 1431 912 1491 quo
925 1422 1076 1492 tempore
1091 1431 1156 1472 non
1172 1420 1320 1472 tenentur

223 1515 264 1576 ad
280 1514 484 1576 reddendum
498 1514 659 1577 debitum.
706 1514 751 1589 Si,
761 1515 903 1576 durante
919 1513 1078 1586 bimestri,
1092 1513 1212 1576 mulier
1223 1513 1319 1574 invita

223 1618 364 1697 pervim
382 1637 401 1678 a
418 1617 488 1679 viro
505 1617 680 1680 carnaliter
696 1618 831 1697 cognita
852 1616 959 1692 suerit,
976 1625 1088 1698 potest
1110 1615 1319 1678 nihilominus

224 1720 385 1784 Ordinem
403 1720 592 1801 religiosum
611 1720 748 1800 ingredi,
765 1720 822 1781 sed
841 1719 1044 1800 probabilius
1061 1720 1113 1781 vir
1129 1739 1196 1782 non
1214 1728 1319 1800 potest

222 1825 264 1886 ad
282 1823 445 1886 secundas
461 1823 636 1886 convolare
653 1824 796 1906 nuptias,
812 1823 891 1903 quia
909 1823 1159 1885 matrimonium
1175 1823 1246 1903 jam
1264 1822 1319 1883 luit

222 1934 499 1989 consummatum.
547 1926 720 1989 Praeterito
735 1925 893 2000 bimestri,
906 1924 1112 2007 privilegium
1130 1926 1317 2006 religionem

223 2031 428 2114 ingrediendi
443 2032 606 2112 integrum
623 2040 743 2105 manet,
754 2029 915 2111 quamdiu
930 2028 1178 2092 matrimonium
1194 2039 1320 2090 nonest

222 2143 500 2209 consummatum,
512 2135 642 2197 etiamsi
660 2121 869 2214 ciilpabiliter
880 2130 1001 2212 copula
1013 2131 1180 2211 denegata
1196 2131 1299 2194 suerit

265 2249 313 2317 72.
363 2234 430 2323 (Β)
442 2238 618 2312 Posterius,
633 2237 709 2299 licet
721 2257 741 2299 a
754 2235 921 2298 nonnullis
934 2245 1033 2297 antea
1046 2245 1207 2316 negatum
1224 2235 1319 2297 hodie

222 2353 348 2406 certum
365 2343 471 2404 evasit
485 2341 643 2404 Ecclesiae
659 2339 756 2422 praxi
772 2361 779 2416 ;
802 2347 932 2401 constat
948 2339 1046 2412 enim,
1056 2337 1127 2418 jam
1140 2358 1161 2400 a
1174 2349 1319 2420 tempore

221 2445 372 2507 Martini
391 2443 423 2506 V
434 2444 557 2524 (1417),
574 2452 774 2524 potestatem
791 2440 995 2504 dissolvendi
1014 2441 1228 2503 matrimonia
1244 2451 1318 2514 rata,

223 2556 357 2629 propter
372 2566 489 2627 graves
507 2546 660 2622 rationes,
678 2543 777 2607 luisse
794 2563 813 2604 a
831 2542 943 2605 multis
961 2541 1180 2606 Pontificibus
1197 2544 1319 2605 exerci-

222 2661 314 2713 tam¹
338 2659 371 2713 et
394 2651 495 2713 etiam
519 2649 637 2713 diebus
661 2649 782 2711 nostris
799 2647 954 2722 exerceri,
972 2655 1008 2708 ut
1024 2656 1153 2710 constat
1169 2666 1213 2709 ex
1230 2647 1320 2709 Ac‘lis

222 2753 258 2815 S.
278 2752 382 2828 Sedis,
398 2752 454 2814 ubi
479 2752 627 2832 quolibet
652 2770 740 2813 anno
758 2749 927 2812 nonnullae
943 2747 1137 2830 hujusmodi
1154 2750 1319 2831 dispensa·

223 2857 329 2920 tiones
357 2877 376 2919 a
404 2857 615 2920 matrimonio
648 2865 719 2918 rato
747 2873 914 2918 concessae
946 2852 1109 2934 leguntur.
1165 2849 1319 2934 'Jamvero

222 2961 330 3024 dicere
354 2959 446 3022 nefas
469 2969 521 3022 est
544 2961 582 3022 R.
602 2957 778 3020 Pontifices
802 2956 887 3018 hanc
911 2965 1113 3037 potestatem
1139 2958 1319 3040 usurpasse.

223 3063 403 3144 prasertim
422 3081 524 3142 quum
549 3063 595 3124 sic
619 3061 751 3142 agendo
774 3058 928 3140 injuriam
952 3068 1163 3121 sacramento
1181 3060 1319 3140 irrogas·

222 3174 304 3240 sent,
321 3175 354 3226 et
371 3165 533 3226 adulteria
550 3163 778 3246 permisissent
789 3174 809 3224 ².
857 3161 1133 3224 Concludendum
1152 3171 1204 3225 est
1226 3163 1319 3244 igitur

222 3289 293 3331 cum
310 3267 478 3329 Beneditlo
495 3265 593 3330 XIV
604 3265 745 3347 (Quaest.
763 3284 832 3326 can.
849 3263 929 3344 479)
947 3287 954 3325 :
983 3264 1148 3328 “Nullam
1167 3267 1210 3328 de
1231 3275 1318 3348 pote-

222 3381 309 3434 state
326 3371 357 3435 S.
377 3369 546 3432 Pontiticis
563 3369 686 3431 moveri
710 3367 853 3447 amplius
876 3387 974 3447 posse
990 3369 1211 3449 questionem
1236 3369 1266 3430 in
1283 3388 1320 3430 eo

257 3530 333 3584 'Clu
350 3532 380 3584 S.
396 3531 570 3596 Antonium,
588 3530 615 3581 in
631 3530 707 3583 Sum.
722 3529 805 3583 theol.
822 3547 846 3596 p.
862 3528 914 3594 ΙΙΙ,
925 3529 965 3582 tit.
983 3530 1006 3593 1;
1026 3529 1191 3593 inlaturos,
1206 3529 1315 3582 Enchir.

221 3635 243 3672 c.
256 3633 305 3682 22;
325 3617 517 3683 Perrone,vol.
532 3617 587 3679 ΙΙΙ,
600 3635 626 3686 p¹
638 3629 686 3684 471
703 3617 746 3670 ed.
765 3617 839 3669 1861.

255 3713 265 3735 ²
281 3703 385 3758 “Sane
399 3705 422 3757 si
436 3705 497 3757 haec
511 3714 636 3772 potestas
650 3705 770 3768 deesset,
785 3721 835 3772 per
848 3702 1007 3772 hujusmodi
1027 3701 1245 3756 dissolutionem
1265 3719 1319 3755 ma·

220 3791 343 3844 trimonii
364 3791 415 3843 rati
431 3791 561 3844 Ecclesia
574 3807 660 3844 causa
673 3800 749 3844 esset
762 3801 791 3843 ut
805 3801 903 3843 contra
916 3790 944 3842 id
958 3789 1034 3858 quod
1053 3804 1104 3858 per
1123 3806 1154 3842 se
1173 3790 1320 3844 honestum

221 3888 263 3932 est
283 3887 420 3946 ageretur,
438 3894 502 3931 cum
521 3879 561 3932 sic
581 3877 708 3932 dissoluti
729 3878 799 3930 alias
819 3877 988 3931 contrahunt
1008 3876 1128 3946 nuptias,
1145 3894 1210 3946 quae
1225 3894 1320 3946 reapse

222 3981 277 4015 non
291 3963 380 4018 sorent
394 3961 448 4016 nisi
463 3965 677 4028 concubinatus;
697 3963 772 4033 atqui
790 3966 876 4029 Deus,
890 3963 941 4016 etsi
957 3962 1117 4030 permittere
1131 3961 1221 4030 possit
1235 3973 1265 4016 ut
1279 3963 1319 4014 bic

222 4049 265 4102 vel
285 4049 330 4102 ille
352 4049 478 4101 Pontifex
498 4051 653 4103 secundum
673 4067 752 4102 suam
773 4049 911 4118 privatam
931 4049 1092 4119 opinionem
1110 4065 1198 4116 agens
1216 4049 1320 4118 aliquid
1386 4035 1387 4054 ¹

222 4132 314 4185 minus
333 4135 481 4186 honesturn
496 4135 626 4188 admittat
640 4137 667 4188 in
683 4153 733 4189 suo
748 4136 893 4204 regimine,
910 4145 1034 4189 attamen
1049 4134 1213 4203 permittere
1227 4136 1321 4205 nequit

224 4228 252 4271 ut
265 4218 394 4270 universa
407 4219 534 4272 Ecclesia
545 4236 593 4273 seu
606 4221 733 4275 Pontifex
744 4239 830 4289 agens
845 4222 1002 4276 secundum
1013 4221 1152 4276 Ecclesiae
1163 4239 1279 4276 sensum
1291 4223 1321 4275 sit

254 4320 323 4356 ¹rum
337 4305 539 4373 turpitudinum
553 4318 696 4375 promotor
703 4310 724 4363 '’.
763 4310 922 4375 (Pulmim',
934 4310 950 4362 1.
962 4309 1001 4374 c.)
