2758 4652
236 178 301 228 526
445 180 499 229 DE
519 180 811 232 POENITENTIAE
832 183 1133 234 SACRAMENTO.

234 361 276 422 de
301 361 508 424 confessione
536 365 673 444 privata,
698 386 774 445 quae
800 367 967 447 publicam
994 367 1152 448 praecedit
1177 369 1315 447 preniten-

235 463 326 539 tiam,
356 465 489 528 scribit:
520 467 801 530 “Tantummodo
828 470 1044 550 circumspice
1070 470 1255 550 diligentius
1278 470 1316 528 cui

236 566 359 630 debeas
382 579 556 649 peccatum
579 570 761 634 confiteri...
813 572 847 635 Si
873 573 1076 634 intellexerit
1099 582 1132 634 et
1153 573 1317 653 praeviderit

236 672 338 733 talem
358 693 429 734 esse
450 673 642 754 languorem
662 685 766 750 tuum,
786 677 842 756 qui
865 677 896 736 in
918 688 1083 738 conventu
1104 677 1205 738 totius
1224 675 1318 736 Eccle·

237 775 293 836 siae
310 778 434 856 exponi
450 777 571 840 debeat
588 787 621 839 et
637 779 752 852 curari,
764 800 807 841 ex
825 800 891 860 quo
910 780 1058 843 fortassis
1074 790 1108 842 et
1123 781 1220 842 ceteri
1236 778 1319 840 aditi·

236 879 301 939 cari
323 890 480 960 poterunt
502 891 536 942 et
558 890 592 942 tu
616 882 686 962 ipse
707 881 803 943 lacile
827 883 944 956 sanari,
969 883 1074 944 multa
1097 881 1161 944 hoc
1181 881 1319 944 delibera-

237 982 327 1044 tione
343 992 376 1044 et
392 985 472 1045 satis
489 985 595 1064 perito
608 985 727 1047 medici
742 984 827 1046 illius
841 986 979 1046 consilio
991 987 1233 1066 procurandum
1245 985 1320 1056 est'’;

237 1106 280 1146 ex
305 1107 372 1166 quo
397 1097 490 1168 patet
512 1089 582 1168 jam
611 1098 761 1169 tempore
790 1087 944 1168 Origenis
969 1086 1217 1151 distinctionem
1240 1086 1321 1148 luisse

237 1189 321 1251 inter
344 1193 575 1271 poenitentiam
601 1191 768 1272 publicam
793 1200 827 1254 et
855 1191 1017 1272 privatam
1041 1191 1322 1264 confessionemct

238 1302 413 1375 utramque
429 1295 460 1356 in
479 1316 539 1357 usu
557 1295 665 1358 fuisse.
678 1333 720 1342 -
734 1295 786 1356 De
802 1294 1009 1356 consessione
1022 1295 1249 1357 sacramentali
1261 1295 1323 1354 scri·

237 1396 285 1458 bit
303 1397 338 1461 S.
354 1397 536 1477 Cyprianus
548 1412 575 1461 ¹:
603 1405 618 1431 “
633 1397 864 1462 Confiteantur
880 1398 1010 1478 singuli,
1020 1418 1135 1477 quaeso
1149 1418 1215 1472 vos,
1225 1397 1324 1458 iratres

237 1496 452 1575 dilectissimi,
469 1499 627 1564 delictum
644 1520 750 1574 suum,
766 1500 846 1561 dum
869 1500 977 1562 adhuc
990 1501 1053 1581 xqui
1076 1501 1216 1581 deliquit
1232 1503 1260 1561 in
1276 1519 1324 1560 sa-

237 1604 312 1666 culo
325 1613 383 1679 est,
394 1603 472 1665 dum
487 1605 620 1667 admitti
633 1603 786 1683 confesse'o
802 1603 873 1682 ejus
889 1612 1008 1684 potest,
1020 1605 1099 1664 dum
1114 1601 1288 1664 satisfactio
1298 1615 1325 1661 et

239 1707 389 1768 remissio
416 1705 503 1770 sacta
524 1728 586 1788 per
608 1707 782 1768 sacerdotes
806 1706 894 1787 apud
922 1707 1105 1768 Dominum
1131 1718 1225 1788 grata
1248 1704 1326 1768 est''.

240 1806 396 1869 Ibidem²
413 1807 526 1870 laudat
544 1830 600 1871 eos
614 1811 680 1891 qui,
690 1810 767 1871 licet
779 1808 1001 1871 idololatriam
1015 1819 1155 1871 externe
1171 1830 1235 1872 non
1250 1828 1326 1870 com·

239 1911 409 1985 miserunt,
426 1916 440 1940 “
452 1913 608 1992 quoniam
626 1923 737 1974 tamen
755 1912 796 1974 de
813 1911 875 1972 hoc
897 1913 1137 1993 cogitaverunt,
1153 1912 1215 1974 hoc
1231 1913 1326 1992 ipsum

239 2014 327 2095 apud
353 2017 542 2077 sacerdotes
567 2017 629 2078 Dei
657 2015 808 2077 dolenter
830 2025 863 2078 et
887 2016 1081 2095 simpliciter
1097 2015 1328 2086 confitentur'';

240 2139 283 2181 ex
307 2138 374 2199 quo
398 2119 547 2200 sequitur
570 2121 669 2181 etiam
694 2127 832 2201 peccata
856 2120 985 2180 interna
1001 2120 1175 2180 materiam
1192 2139 1259 2180 esse
1273 2120 1328 2199 pri-

238 2230 324 2283 vatae
340 2222 563 2284 confessionis.

238 2335 290 2415 (d)
308 2337 378 2397 Nec
395 2338 516 2399 desunt
533 2337 723 2400 testimonia
746 2357 810 2400 scer.
826 2335 883 2408 JJ,·
908 2356 986 2398 nam
1012 2336 1047 2398 S.
1064 2337 1207 2400 Irenceres
1229 2347 1329 2398 narrat

239 2439 390 2501 mulieres
407 2441 578 2520 quasdam,
591 2463 609 2502 a
624 2442 738 2502 Marco
756 2460 855 2520 mago
870 2448 903 2501 et
919 2439 1074 2501 haeretico
1091 2437 1250 2512 sedulitas,
1262 2460 1330 2519 pec-

238 2554 313 2604 cata
336 2563 395 2603 sua
418 2545 518 2605 etiam
543 2545 672 2606 interna
695 2542 863 2605 confessas
880 2541 979 2603 fuisse
991 2553 1024 2605 3:
1047 2549 1062 2574 “
1078 2543 1143 2604 Hae
1159 2544 1329 2624 saepissime

239 2665 406 2706 conversae
423 2648 464 2708 ad
483 2647 667 2708 Ecclesiam
686 2647 749 2708 Dei
766 2645 926 2707 consessae
942 2655 1019 2707 sunt
1032 2655 1065 2708 et
1077 2647 1255 2708 secundum
1268 2665 1329 2705 cor-

239 2769 301 2830 pus
324 2751 565 2812 exterminatas
588 2771 623 2812 se
648 2749 690 2812 ab
711 2770 751 2810 eo
776 2748 866 2809 velut
890 2749 1038 2827 cupidine
1061 2759 1094 2810 et
1119 2749 1327 2811 inflammatas

239 2852 335 2916 valde
352 2853 445 2915 illum
462 2874 497 2916 se
514 2855 672 2916 dilexisse
684 2853 708 2916 ’'.
757 2853 842 2914 Item
860 2849 976 2913 auttor
991 2848 1049 2928 Ep.
1063 2868 1082 2910 2
1098 2849 1147 2910 od
1161 2849 1329 2912 Corinthios

239 2959 284 3036 (n.
302 2957 344 3033 8),
360 2957 426 3036 qui,
444 2959 470 3018 si
493 2977 558 3018 non
583 2958 625 3018 sit
649 2955 793 3019 Clemens
815 2955 914 3034 Papa,
930 2961 979 3014 est
1003 2952 1120 3014 saltem
1140 2952 1235 3014 valde
1254 2952 1328 3011 anti-

239 3081 332 3140 quuS,
357 3061 403 3121 ait
428 3083 435 3121 ι
461 3059 664 3140 “Quamdiu
687 3077 801 3120 sumus
826 3058 858 3118 in
886 3057 948 3118 hoc
973 3056 1106 3129 mundo
1129 3065 1327 3135 peccatorum

239 3183 314 3243 quae
332 3164 363 3224 in
381 3184 478 3225 carne
494 3165 665 3244 gessimus
678 3183 722 3224 ex
736 3171 808 3223 toto
821 3163 918 3223 corde
931 3159 1163 3240 poenitentiam
1178 3179 1327 3238 agamus...

239 3275 416 3347 postquam
434 3267 520 3328 enim
544 3287 562 3327 e
586 3267 712 3327 mundo
734 3265 908 3338 exivimus
924 3283 989 3324 non
1007 3262 1150 3342 amplius
1167 3281 1328 3342 possumus

240 3369 283 3432 ibi
296 3369 442 3450 confiteri
451 3378 508 3430 aut
521 3370 756 3450 poenitentiam
774 3387 871 3448 agere
883 3365 906 3428 '’.
949 3363 1173 3428 confirmatur
1184 3365 1280 3426 etiam
1292 3385 1327 3424 ex

240 3472 398 3535 Desertus
421 3473 584 3534 duodecim
608 3472 835 3552 Apostolorum
855 3473 894 3552 (c.
917 3469 976 3550 14),
992 3471 1046 3531 ubi
1064 3469 1247 3531 declaratur
1262 3483 1329 3529 ante

242 3576 459 3638 Eucharistiae
487 3575 734 3656 perceptionem
763 3585 973 3656 peccatorum
1001 3571 1241 3634 consessionem
1267 3591 1330 3631 esse

241 3681 435 3742 faciendam.

240 3797 289 3874 (e)
307 3797 472 3858 Firmatur
488 3797 588 3859 etiam
613 3806 844 3879 argumentum
872 3815 916 3856 ex
943 3791 1116 3873 disciplina
1143 3791 1282 3872 publicae
1303 3803 1330 3850 et

241 3899 397 3960 solemnis
425 3902 639 3980 poenitentiae.
694 3901 792 3962 Hanc
822 3888 964 3977 viguisse
993 3895 1062 3975 jam
1094 3915 1168 3958 saec.
1195 3895 1331 3956 secundo

383 4003 482 4062 etiam
505 4004 739 4078 l'rotestante5‚
758 4002 952 4064 concedunt.
998 4000 1154 4081 Jamvero
1177 3999 1331 4062 consessio

672 4152 681 4158 -
690 4151 798 4158 ——w-
813 4153 864 4158 .-—

437 4221 468 4287 is,
482 4239 508 4274 n.
526 4237 567 4290 ²9·
584 4253 605 4260 -
626 4223 636 4252 ²
651 4227 694 4278 De
710 4226 818 4294 Lapsis,
832 4245 858 4280 n.
874 4241 916 4290 27.

450 4307 518 4362 ‚lib.
538 4310 559 4372 l,
575 4327 597 4363 c.
616 4325 653 4381 13,
668 4329 694 4366 n.
713 4325 735 4381 ς.
