2738 4646
227 169 474 221 TRACTATUS
492 169 549 219 DE
567 168 940 220 communione,
1067 171 1131 221 283

36 349 111 410 stica
134 351 353 428 demonstrat,
376 371 490 415 verum
520 361 553 414 et
580 351 636 414 illa
664 349 762 414 leetio
785 350 858 415 Aa
884 351 1132 433 Apostolorum,

37 473 105 530 quae
118 455 233 518 asserit
248 456 382 518 Petrum
399 465 432 518 et
444 456 608 537 Joannem
625 475 697 518 esse
713 453 865 532 directos,
876 456 931 537 qui
941 455 1012 537 jam
1024 455 1132 537 bapti-

37 557 113 616 zatis
129 559 298 621 traderent
315 558 475 639 Spiritum
494 558 527 623 S.
538 557 555 584 '’

74 660 135 739 (B)
152 660 258 735 Traal,
268 681 307 722 ex
320 662 351 723 T
349 661 463 724 rriient.
475 685 487 725 .·
511 660 573 724 “Si
587 661 660 743 quis
672 661 796 724 dixerit
815 661 846 726 S.
861 660 1131 725 Confirmationis

35 763 232 827 ordinarium
247 765 434 828 ministrum
448 785 514 828 non
528 785 599 828 esse
609 766 717 828 solum
729 766 1006 847 Episcopum,sed
1017 785 1130 846 quem-

36 865 79 925 vis
95 867 280 948 simplicem
298 870 514 943 sacerdotem,
531 869 573 932 A.
592 867 642 932 S.''
660 869 760 944 (Sess
778 870 858 944 Vll,
875 890 944 932 can.
964 869 1004 950 3).

73 969 131 1050 (C)
154 971 232 1034 Rat.
251 972 443 1036 convenient.
489 973 544 1035 Ad
572 972 775 1052 superiorem
801 971 960 1035 artificem
988 972 1131 1053 pertinet

36 1071 147 1134 ultima
162 1076 272 1156 operis
288 1061 540 1150 consummatio,
558 1087 590 1138 et
615 1077 656 1138 ad
681 1075 883 1156 superiorem
907 1074 1026 1137 ducem
1042 1075 1130 1136 cives

36 1173 157 1238 militiae
181 1178 366 1255 ascribere;
393 1180 485 1260 atqui
511 1178 729 1244 Confirmatio
752 1187 803 1240 est
826 1179 943 1241 ultima
967 1177 1129 1259 Baptismi

35 1283 284 1354 consummatio,
300 1291 334 1343 et
349 1283 445 1345 simul
463 1282 626 1364 spirituali
644 1282 771 1344 militiae
788 1281 960 1362 ascriptio;
983 1299 1062 1360 ergo
1078 1301 1129 1342 su-

36 1381 148 1458 periori
164 1384 251 1458 duci,
267 1403 323 1446 seu
343 1384 519 1466 Episcopo,
535 1395 725 1447 reservatur,
750 1384 800 1462 (S.
823 1384 853 1446 T
849 1385 929 1446 leom.
947 1383 966 1446 l.
983 1382 1023 1462 c.)

74 1527 119 1594 15
165 1531 201 1580 2⁰
213 1519 373 1581 Minister
383 1519 647 1602 Confirmationis
657 1521 940 1582 extraordinarius
948 1529 1054 1600 potest
1067 1539 1131 1580 esse

36 1619 164 1700 simplex
192 1623 346 1698 sacerdos,
375 1624 557 1703 specialiter
582 1625 747 1704 delegatus
775 1646 797 1685 a
828 1623 911 1687 Sede
940 1621 1129 1704 Apostolieei.

37 1721 165 1787 Certum
195 1737 252 1788 est.
301 1724 358 1806 (A)
385 1727 440 1789 Ex
465 1729 560 1809 praxi
586 1727 745 1790 Ecclesiae
769 1728 931 1790 Romane.
978 1727 1131 1791 Citantur

38 1827 115 1889 enim
134 1828 231 1891 multi
249 1827 424 1892 Pontifices
439 1831 487 1906 R.,
500 1832 556 1912 qui
569 1830 670 1893 talem
684 1840 884 1912 potestatem
898 1839 1130 1892 concesserunt

38 1929 257 2012 Presbyteris;
279 1932 396 1994 eadem
414 1944 561 2015 potestas
578 1954 734 1996 concessa
751 1934 811 1998 fuit
821 1933 855 2017 J
873 1932 1006 2006 Corroll‚
1019 1933 1051 1994 in
1069 1931 1130 1993 hac

38 2035 171 2113 regione,
196 2045 375 2115 antequam
400 2037 441 2097 ad
468 2037 708 2118 Episcopatum
732 2036 924 2099 eveheretur
937 2057 944 2112 ;
967 2035 1131 2097 ordinarie

38 2136 128 2198 etiam
147 2157 237 2199 nunc
253 2138 352 2200 datur
369 2137 537 2202 Praefectis
556 2138 769 2220 Apostolicis‚
785 2139 842 2219 qui
866 2158 931 2199 non
956 2146 1033 2199 sunt
1051 2137 1130 2216 Epi-

38 2241 129 2320 scopi,
145 2250 180 2303 et
197 2241 374 2304 mittuntur
391 2243 422 2304 in
441 2242 591 2322 regiones
609 2241 827 2323 longinquas;
851 2241 927 2315 imo,
944 2241 1024 2302 dum
1045 2259 1130 2300 mor-

38 2338 91 2402 bus
108 2343 279 2406 Asiaticus
295 2343 384 2405 hisce
401 2344 527 2406 ultimis
543 2344 748 2424 temporibus
763 2342 905 2423 Neapoli
919 2351 1131 2422 grassaretur,

40 2445 109 2506 data
130 2446 193 2508 fuit
217 2446 480 2529 Archiepiscopo
504 2447 642 2509 facultas
666 2447 842 2526 delegandi
867 2446 1055 2508 sacerdotes
1074 2443 1130 2524 qui

41 2545 327 2612 Confirmationem
342 2550 572 2624 ministrarent,
587 2569 628 2610 ne
641 2551 776 2631 quidam
793 2549 909 2630 aegroti
926 2548 1131 2630 privarentur

40 2647 192 2734 beneficio
208 2650 295 2713 illius
312 2651 518 2714 sacramenti.

79 2747 141 2836 (B)
162 2753 219 2814 Ex
237 2754 333 2834 praxi
351 2753 509 2816 Ecclesiae
528 2752 646 2816 Graeca
658 2775 671 2826 ,·
689 2773 765 2816 nam
783 2754 882 2833 longe
898 2763 976 2814 ante
988 2753 1132 2836 schisma

44 2852 244 2930 Photianum,
283 2853 390 2917 Graeci
429 2857 617 2917 sacerdotes
656 2855 843 2936 baptizatos
881 2854 1132 2930 confirmabant,

42 2965 191 3038 tanquam
217 2957 358 3020 ministri
382 2959 646 3034 extraordinarii,
666 2967 699 3020 et
723 2957 802 3020 illud
827 2967 1071 3020 sacramentum
1096 2967 1133 3020 ut

42 3059 178 3123 validum
196 3060 389 3135 habebatur,
405 3060 449 3121 ob
469 3061 607 3123 tacitum
629 3061 847 3143 privilegium,
864 3081 883 3122 a
901 3060 932 3124 S.
951 3059 1038 3124 Sede
1054 3081 1131 3123 con-

43 3180 170 3239 cessum,
186 3183 247 3225 nec
264 3169 410 3243 unquam
428 3173 618 3224 revocatum
635 3176 653 3225 ¹.
700 3163 806 3244 Atqui
831 3164 945 3244 praxis
966 3175 1035 3226 tam
1061 3165 1131 3226 uni-

43 3266 166 3329 versalis
184 3265 344 3329 Ecclesiae
369 3264 491 3329 Graecae
511 3276 544 3328 et
568 3267 698 3328 Latinae
718 3276 768 3328 est
789 3268 936 3329 veritatis
958 3286 1132 3347 argumen-

45 3373 105 3428 tum
121 3388 222 3450 quum
237 3368 387 3430 Ecclesia
400 3370 432 3430 in
446 3370 722 3432 determinatione
736 3369 858 3449 jurium
876 3391 1010 3432 suorum
1027 3391 1133 3432 errare

46 3480 184 3550 nequeat,
231 3471 361 3533 Revera
376 3471 601 3533 Florentinum
626 3491 783 3552 expresse
807 3474 875 3535 ait:
899 3473 1065 3552 “Legitur
1084 3482 1133 3534 ta·

47 3589 111 3633 men
128 3574 309 3654 aliquando
324 3593 382 3654 per
398 3574 590 3654 apostolicae
605 3574 701 3637 Sedis
714 3575 956 3654 delegationem
974 3595 1018 3635 ex
1035 3576 1133 3637 ratio·

46 3674 136 3737 nabili
163 3686 197 3739 et
222 3685 361 3756 urgente
388 3677 569 3739 admodum
597 3681 696 3738 causa
720 3674 902 3757 simplicem
928 3676 1132 3739 sacerdotem

49 3772 221 3840 Chrismate
238 3799 296 3860 per
313 3777 517 3858 Episcopum
535 3776 686 3841 confecto
703 3779 765 3840 hoc
782 3779 1030 3839 administrasse
1047 3777 1134 3842 Con-

49 3863 230 3943 firmationis
246 3882 519 3948 sacramentumf'
536 3881 708 3960 (Deneing.
729 3881 812 3960 592).

79 4083 164 4140 ¹lllud
176 4099 271 4142 tamen
287 4087 489 4153 Italo-GraeciS,
499 4087 545 4155 qui
559 4087 664 4154 degunt
678 4086 705 4138 in
721 4085 818 4138 insulis
831 4082 920 4139 ltaliae
933 4085 1134 4154 adjacentibus

52 4181 100 4220 non
110 4174 282 4240 permittitur,
296 4189 332 4228 ne
345 4191 378 4227 ex
391 4175 445 4228 hoc
459 4174 607 4243 disciplina
621 4173 649 4226 in
664 4173 764 4227 Latina
778 4175 906 4229 Ecclesia
919 4175 1016 4243 vigens
1030 4187 1134 4243 pertur-

52 4251 123 4308 betur
