2808 4664
348 177 404 228 DE
423 179 507 228 DEO
526 178 899 230 Ruuununnronu.
1108 177 1173 229 709

66 355 205 436 quidem
236 360 446 440 potissimum
477 362 588 426 evenit
619 372 696 444 post
726 372 876 438 mortem,
901 363 1036 444 quando
1061 363 1174 424 omnia

66 461 265 540 temporalia
282 463 403 544 quibus
419 485 476 528 cor
492 475 641 528 nostrum
658 465 867 528 irretiebatur
882 475 1093 539 evanescunt,
1108 464 1173 526 cla·

66 581 171 644 reque
195 567 414 648 perspicimus
429 577 526 630 extra
543 569 652 631 Deum
673 568 798 631 nullam
822 589 895 631 esse
917 568 1173 644 beatitrrdinem;

65 674 229 741 attamen,
246 689 311 731 non
328 671 484 735 obstante
508 672 563 734 ills
587 672 802 734 inclinatione
818 674 859 735 ad
878 673 997 746 Deum,
1013 681 1172 752 tanquam

64 771 110 832 ad
130 770 229 834 linem
246 773 411 850 ultimum,
426 775 538 838 anima
561 776 690 857 reprobi
712 776 744 838 in
766 785 926 838 aeternum
944 795 964 836 a
980 774 1054 836 Deo
1070 773 1173 856 repel-

65 873 156 948 litur,
178 876 249 937 sine
276 877 342 939 ulta
369 898 429 959 spe
454 899 530 941 eurn
558 897 705 960 unquam
733 878 928 960 attingendi,
947 877 1047 958 juxta
1070 877 1173 938 illud:

64 977 268 1041 “Discedite
291 1000 311 1041 a
335 1001 397 1055 me,
420 973 640 1046 maledieti...
686 981 810 1044 Nescio
827 1001 886 1044 vos
897 981 912 1006 ’'
926 993 946 1043 ¹.
993 980 1173 1060 Compara-

63 1082 160 1144 tione
184 1101 234 1144 res
257 1083 461 1148 illustretur:
484 1095 691 1167 supponatur
713 1087 763 1148 vir
785 1106 804 1148 e
827 1085 933 1167 patriti
956 1087 1016 1148 sua
1039 1081 1172 1164 ejectus,

63 1184 224 1246 omnibus
247 1184 343 1248 bonis
366 1189 522 1269 privatus,
541 1187 584 1250 ab
608 1188 764 1250 omnibus
787 1187 980 1270 parentibus
1002 1197 1035 1248 et
1058 1185 1173 1248 amicis

63 1284 230 1348 violenter
240 1299 411 1370 separatus
427 1309 490 1352 non
508 1291 616 1354 solum
634 1312 693 1371 pro
709 1300 843 1353 centurn
861 1301 894 1354 et
910 1289 1052 1372 amplius
1065 1275 1173 1360 annis,

62 1389 125 1452 sed
143 1409 204 1471 pro
218 1395 290 1452 tota
305 1393 500 1466 aeternitate,
513 1394 639 1476 absque
655 1394 722 1456 ulla
738 1413 797 1475 spe
810 1409 957 1472 unquam
971 1389 1077 1452 ullum
1091 1389 1169 1451 arni·

63 1491 267 1566 cum‚ullum
283 1496 441 1574 gaudium
460 1495 669 1560 inveniendi!
689 1499 841 1561 eamdem
859 1505 892 1558 et
910 1493 1015 1556 multo
1027 1492 1172 1556 acerbio-

63 1615 137 1657 rem
155 1617 289 1676 poenam
307 1599 339 1660 in
356 1607 516 1662 aeternum
536 1602 678 1682 patietur
694 1600 910 1681 impoenitens
926 1604 1087 1678 peccator.

110 1699 163 1780 (b)
190 1701 312 1763 lterum
339 1704 489 1766 damnati
514 1703 733 1784 desperatione
758 1701 1022 1782 torquebuntur;
1048 1698 1174 1778 optime

62 1804 157 1865 enim
182 1804 369 1886 intelligent
392 1826 427 1868 se
451 1807 485 1868 in
508 1817 664 1869 eternum
688 1825 760 1869 esse
782 1807 969 1875 damnatos,
985 1810 1018 1862 et
1038 1799 1173 1880 quidem

58 1905 198 1988 proprii
213 1907 304 1988 culpet
317 1931 330 1980 ,·
352 1909 485 1972 unicum
503 1911 632 1973 instans
648 1910 692 1976 ad
707 1929 819 1972 veram
837 1904 1067 1990 poenitentiam
1084 1901 1172 1964 suffi-

63 2010 187 2084 ciebat,
203 2022 236 2074 et
252 2022 364 2074 tamen
382 2014 544 2094 poenitere
565 2016 763 2088 noluerunt;
787 2011 866 2092 ipsis
882 2008 988 2090 gratia
1004 2005 1173 2069 multoties

63 2114 182 2176 oblata
198 2114 269 2189 fuit,
285 2135 425 2197 eamque
447 2118 658 2198 pertinaciter
681 2118 916 2196 despexerunt.
965 2111 1049 2172 Item
1072 2108 1173 2171 felici-

62 2227 172 2282 tatem
192 2218 370 2282 Beatorum
388 2221 557 2296 videbunt,
573 2231 607 2284 et
624 2220 748 2282 invidie
769 2216 962 2281 tabescent:
986 2213 1174 2274 “Peccator

62 2323 195 2386 videbit
208 2334 241 2386 et
252 2324 426 2401 irascetur;
441 2325 598 2389 dentibus
614 2324 731 2386 fremet
744 2333 777 2385 et
792 2322 955 2395 tabescet;
972 2315 1172 2379 desiderium

61 2437 278 2508 peccatorum
307 2429 426 2511 peribit
437 2429 452 2454 ’'
463 2441 483 2492 ².
533 2429 633 2510 Apud
663 2428 766 2508 Seps
793 2422 949 2507 graphice
975 2419 1173 2484 describitur

64 2529 253 2593 horrendus
280 2531 492 2613 reproborum
520 2541 646 2594 status:
673 2531 865 2593 “Videntes
889 2522 1110 2588 turbabuntur
1133 2521 1173 2583 ti-

62 2653 160 2696 more
183 2634 366 2710 horribili...,
382 2635 531 2698 dicentes
554 2637 640 2696 intra
664 2654 707 2708 se,
725 2630 956 2713 poenitentiam
977 2636 1124 2708 agentes,
1139 2633 1173 2686 et
1229 2645 1232 2654 ·

62 2757 136 2817 prae
149 2738 303 2816 angustia
320 2737 454 2819 spiritus
470 2747 668 2818 gementes...
715 2737 786 2798 Nos
804 2733 971 2804 insensati,
983 2732 1084 2792 vitam
1102 2727 1174 2789 illo-

62 2859 139 2901 rurn
164 2838 358 2922 (justorum)
385 2841 634 2904 aestimabamus
663 2839 836 2910 insaniam,
859 2845 892 2897 et
919 2833 1017 2895 linem
1042 2831 1172 2892 illorum

62 2943 138 3004 sine
162 2942 325 3028 honore...
373 2943 463 3026 Ergo
484 2946 667 3006 erravimus
689 2963 708 3004 a
727 2943 780 3002 via
799 2937 987 3002 veritatis...
1041 2933 1172 2996 lassati

64 3064 185 3107 sumus
202 3045 234 3106 in
252 3046 305 3107 via
322 3047 506 3128 iniquitatis
522 3057 554 3109 et
571 3044 766 3128 perditionis
782 3042 861 3106 etc.”
902 3040 991 3102 Hinc
1010 3037 1044 3100 S.
1057 3037 1174 3118 Augu·
1248 3087 1251 3094 .

61 3147 199 3210 stinusr
213 3172 220 3210 z
239 3149 377 3210 “Perire
392 3169 411 3211 a
428 3169 530 3230 regno
547 3150 620 3222 Dei,
633 3148 786 3210 exsulare
799 3167 818 3208 a
831 3144 964 3206 civitate
978 3142 1052 3216 Dei,
1064 3160 1174 3202 carere

62 3261 137 3314 tam
166 3253 289 3332 magna
316 3252 529 3314 multitudine
555 3251 741 3315 dulcedinis
770 3249 844 3321 Dei,
868 3265 967 3328 quam
996 3242 1171 3306 abscondit

62 3353 265 3417 timentibus
278 3371 321 3427 se,
332 3362 401 3415 tam
415 3354 549 3435 grandis
566 3364 616 3416 est
633 3372 741 3434 poena,
754 3361 790 3414 ut
808 3351 898 3412 nulla
914 3349 943 3412 ei
961 3347 1088 3429 possint
1105 3355 1171 3407 tor-

64 3463 191 3530 menta,
203 3473 279 3535 quae
295 3456 458 3532 novimus»,
468 3458 652 3538 comparari
663 3457 678 3482 ''
695 3477 702 3532 ;
727 3454 762 3516 5.
778 3453 1043 3533 chrysostomum
1059 3449 1171 3511 addit:

63 3563 82 3590 ‘⁸
96 3556 164 3619 Hic
180 3557 268 3618 enim
285 3567 335 3619 est
351 3559 515 3619 cruciatus
532 3558 682 3620 omnium
699 3555 966 3619 acerbissimus”.

110 3669 161 3736 2⁵
216 3672 251 3721 2⁰
278 3659 329 3720 De
347 3658 444 3740 poenri
469 3681 587 3722 sensus.
642 3655 708 3746 (A)
739 3662 862 3722 Praeter
887 3676 1022 3740 poenam
1050 3654 1173 3728 damni,

64 3765 165 3827 adest
183 3761 214 3824 in
232 3761 360 3824 inferno
369 3773 466 3842 poenn
481 3763 599 3838 sensus,
616 3767 680 3844 qua
699 3782 819 3843 corpus
840 3771 874 3823 et
895 3779 1011 3822 sensus
1032 3757 1173 3819 hominis

65 3868 282 3948 aliquomodo
298 3867 510 3948 affliguntur;
533 3866 655 3928 dicitur
672 3865 760 3926 enim
781 3865 813 3925 in
836 3861 1021 3942 Evangelio
1032 3860 1065 3923 ⁶:
1088 3865 1104 3891 “
1117 3860 1173 3922 Ti-

827 3975 1171 3988 --—-—-——*

105 4035 215 4089 ¹Matt.
231 4037 323 4104 XXV,
341 4051 380 4102 12,
393 4053 435 4106 4¹·
451 4037 505 4074 -'²
518 4036 566 4090 Ps.
584 4035 662 4099 CXl,
680 4049 718 4086 10.
735 4063 769 4070 -
781 4037 791 4068 ³
804 4035 871 4102 Sap.
887 4033 921 4096 V,
940 4033 1010 4086 1-16.

104 4121 115 4156 ⁴
130 4123 274 4177 Enchirid.
289 4140 313 4178 c.
332 4138 389 4177 112.

105 4207 175 4263 ⁵Ad
193 4209 301 4264 Theod.
323 4226 367 4278 ep.
391 4209 412 4276 l,
432 4227 458 4264 n.
483 4224 522 4262 12.
564 4208 647 4260 Hanc
665 4206 762 4259 damni
782 4223 896 4274 poenam
915 4207 1028 4276 egregie
1047 4205 1173 4259 declarat

72 4297 95 4356 Ι.
113 4297 151 4350 H.
168 4297 317 4362 Newman,
332 4295 457 4362 Calliste,
471 4313 493 4349 c.
509 4295 589 4347 XlX.
603 4323 636 4332 —
648 4292 659 4324 ⁸
671 4294 756 4347 Mart.
772 4294 808 4360 X,
822 4294 864 4347 28.
