2770 4646
54 161 106 210 DE
118 162 289 213 NATURA
305 165 356 212 ΕΤ
370 163 627 213 EXISTENTIA
639 165 1043 217 sacttAMEut'onUM.
1082 167 1135 216 161

53 339 198 420 ralyticus
217 362 320 423 prope
341 339 546 424 probatieam
567 343 727 424 piscinam
750 354 891 406 curatus.
937 343 989 424 (d)
1009 343 1139 405 Eucha-

52 443 142 503 ristia
156 454 409 524 repraesentatur
424 463 482 527 per
497 466 556 508 vas
572 443 658 508 lalie
673 445 809 527 plenum
822 455 855 508 et
868 446 982 508 nimbo
998 447 1138 509 adorna·

52 555 142 607 tum:
172 547 304 610 nimbus
332 548 420 610 enim
449 558 500 611 est
528 548 711 610 divinitatis
736 549 927 632 symbolum
956 560 990 612 et
1017 549 1138 613 Christi

51 650 254 726 praesentiam
272 650 416 728 indicat;
439 663 497 715 aut
520 672 579 733 per
594 652 714 732 pr'sccnr
737 671 757 714 a
781 649 933 713 fidelibus
954 662 1139 732 receptum;

51 751 142 831 piscis
165 752 253 814 enim
272 753 441 817 Christum
465 754 628 835 designat,
645 756 723 835 quia
745 772 812 815 uox
838 772 945 834 graeca
970 751 1054 840 ἰχθὺς
1076 754 1140 834 (ρί-

51 853 123 934 scis)
138 855 260 935 primas
277 858 404 920 litteras
420 858 569 920 continet
586 858 657 938 ejus
679 859 845 921 nominis:
868 863 883 888 “
894 855 996 929 Ιησοῦς
1012 855 1139 943 Χριστός

51 953 123 1020 &nu
145 957 212 1034 υἱός,
236 959 378 1044 Σωτήρ”,
403 961 420 1022 i.
444 979 470 1024 e.
493 961 591 1042 Jesus
615 962 775 1038 Christus
800 963 864 1024 Dei
889 962 1002 1038 Filius,
1026 960 1138 1024 Salva·

23 1097 25 1104 ι
51 1071 100 1121 tor
111 1062 131 1124 ¹¹.
175 1065 224 1144 (e)
241 1063 414 1126 Ordinatio
428 1065 564 1128 tandem
578 1064 783 1147 significatur
796 1084 853 1145 per
868 1063 1071 1137 Pontificem,
1083 1062 1138 1144 qui

51 1164 82 1222 in
98 1166 249 1228 cathedra
265 1167 394 1242 sedens,
410 1167 607 1248 duobusque
632 1167 790 1230 ministris
810 1167 1042 1239 circumdatus,
1058 1167 1140 1226 dcx-

51 1277 129 1328 tram
146 1288 244 1350 super
259 1280 359 1350 caput
376 1269 551 1332 ordinandi
569 1271 732 1333 extendit.

92 1380 136 1431 n.
182 1384 217 1432 20
238 1371 335 1434 Trad.
352 1371 441 1435 orali.
489 1373 610 1454 Quoad
635 1370 786 1435 auctores
809 1370 1058 1444 ecclesiasticos
1073 1370 1141 1432 duo

51 1482 194 1553 tempora
218 1475 419 1556 distinguere
444 1475 541 1539 licet:
566 1475 625 1556 (A)
641 1477 671 1538 Α
678 1485 730 1538 nte
743 1496 809 1548 sac,
824 1474 910 1549 XII,
927 1475 1036 1537 nullus
1052 1473 1140 1534 inve-

51 1574 132 1637 nitur
146 1579 202 1658 qui
219 1573 343 1640 diredte
359 1588 393 1640 et
408 1579 567 1659 explicite
579 1579 729 1642 docuerit
741 1588 868 1659 septem
882 1587 915 1640 et
927 1587 1054 1658 septem
1069 1587 1141 1638 tan-

51 1687 117 1739 tum
129 1698 199 1741 esse
212 1691 429 1744 sacramenta.
472 1681 623 1762 Plerique
636 1681 767 1743 nonnisi
777 1680 879 1743 abitur
888 1699 928 1741 ea
940 1696 1141 1741 commemo·

52 1793 129 1857 rant,
144 1783 197 1844 alii
216 1785 323 1865 magis
343 1785 467 1848 diserte
490 1785 532 1846 de
556 1786 602 1846 eis
626 1785 808 1866 disputant,
825 1783 1007 1864 praesertim
1026 1781 1058 1842 in
1076 1781 1142 1842 suis

51 1885 250 1948 orationibus
267 1885 309 1948 ad
328 1886 617 1950 Catechumenos¹
635 1909 642 1964 ;
665 1886 723 1948 sed
741 1885 780 1946 iis
797 1885 829 1947 in
848 1885 928 1947 locis
945 1904 1011 1946 non
1032 1903 1142 1945 recen·

52 1996 120 2048 sent
135 1988 196 2050 nisi
214 1988 430 2070 Baptismum,
449 1989 609 2064 Chrisrua,
626 2008 683 2051 seu
709 1988 999 2069 Confirmationem,
1015 1986 1142 2048 Eucha-

52 2087 183 2165 ristiam,
202 2092 254 2152 cui
279 2091 459 2172 aliquando
482 2093 611 2156 addunt
637 2091 892 2165 Ordinationem,
908 2089 958 2152 vel
984 2109 1142 2151 manuum

53 2189 303 2272 impositionem,
319 2215 386 2276 quo
403 2196 537 2258 nomine
554 2196 642 2277 apud
661 2193 850 2258 Orientales
866 2193 1041 2266 ordinatio,
1054 2190 1142 2272 apud

53 2292 184 2358 Latinos
198 2307 319 2373 autem,
330 2297 448 2360 saltem
462 2297 658 2378 frequenter,
672 2296 907 2378 poenitentium
921 2293 1144 2357 reconciliatio

52 2398 288 2480 designabatur.
336 2399 496 2463 Attamen
521 2400 593 2462 aliis
613 2399 692 2462 locis
709 2398 834 2479 reliqua
849 2407 1057 2460 sacramenta
1072 2396 1140 2456 sin·

51 2502 185 2580 gillatim
203 2503 278 2585 plus
296 2505 446 2566 minusve
462 2504 548 2567 clare
565 2503 757 2566 describunt
767 2513 789 2576 2,
803 2502 849 2564 ita
861 2511 897 2564 ut
911 2512 962 2563 sat
975 2499 1145 2562 evidenter

52 2618 174 2670 constet
189 2629 229 2670 ea
246 2628 311 2670 non
328 2609 465 2670 omnino
482 2607 525 2669 ab
541 2608 621 2688 ipsis
638 2605 738 2666 fuisse
761 2604 918 2684 ignorata
965 2603 1144 2685 Quomodo

53 2708 145 2788 igitur
161 2709 285 2773 [adium
303 2721 353 2773 est
369 2721 406 2774 ut
422 2731 489 2773 non
507 2711 614 2790 magis
631 2709 753 2771 diserte
769 2708 812 2769 de
825 2709 871 2769 eis
884 2707 1145 2788 disputaverint?

53 2815 96 2890 fa,
115 2813 189 2876 Hoc
203 2815 401 2896 prohibebat
418 2813 580 2894 imprimis
596 2811 711 2874 arcani
724 2810 903 2889 disciplina,
920 2830 994 2890 quae
1011 2809 1145 2870 vetabat

53 2935 97 2988 ne,
116 2929 251 2998 propter
275 2918 433 2979 irrisionis
456 2927 489 2980 et
513 2916 752 2997 profanationis
777 2912 969 2993 periculum,
992 2911 1144 2990 quaedam

54 3020 215 3102 dogmata,
239 3032 273 3083 et
296 3021 478 3102 praesertim
504 3019 663 3100 mysteria
687 3014 831 3098 pialtica
856 3025 1146 3087 sacramentorum,

85 3205 91 3233 ¹
106 3211 148 3263 lta
160 3229 187 3264 v.
202 3229 228 3278 g.
244 3211 271 3263 S.
279 3211 426 3278 Jusllnus,
443 3207 472 3264 S.
487 3210 678 3262 Irenceus'duo
692 3215 921 3271 commemorant,
939 3203 1145 3256 Eucliaristiatn

54 3307 76 3345 et
94 3297 288 3366 Baptismum;
312 3298 516 3361 Tertullianus,
537 3295 565 3352 S.
583 3297 750 3365 Cyprianus,
770 3296 800 3347 S.
817 3293 953 3358 Basilius,
973 3292 1005 3343 S,
1023 3290 1147 3358 Cyrillus

55 3381 166 3450 Hares,
181 3387 211 3438 S.
228 3387 397 3438 Arribrosius
416 3385 477 3450 tria,
492 3383 678 3453 Baptismum,
696 3381 945 3436 Confirmationem
965 3389 992 3430 et
1012 3375 1146 3429 Euchari-

57 3469 129 3524 stiam
140 3491 148 3540 ;
174 3475 204 3525 S.
224 3474 409 3542 Augustinus
427 3483 453 3525 et
473 3470 751 3538 Pseudo-Dyonisius
769 3478 897 3537 quatuor,
916 3465 1003 3518 tribus
1023 3461 1147 3530 praelatis

58 3558 263 3613 llrdinationem
282 3559 429 3613 addentes.
472 3560 533 3610 lmo
546 3555 719 3624 Augustinus
740 3556 811 3607 inter
829 3560 1004 3606 sacramenta
1022 3557 1148 3602 recenset

59 3643 263 3700 Matrimonium
288 3659 315 3701 et
342 3647 393 3700 Ex.
419 3643 601 3706 Unclionem,
627 3644 666 3697 ita
692 3653 721 3695 ut
747 3642 853 3694 nullum
879 3639 914 3690 sit
941 3643 1148 3688 sacramentum

58 3731 125 3798 cujus
144 3733 253 3787 mentio
272 3749 329 3785 non
349 3733 396 3786 fiat
416 3733 490 3801 apud
512 3733 620 3797 Patres,
644 3742 673 3782 ut
697 3729 768 3782 inira
790 3724 1028 3779 demonstrabitur
1047 3721 1093 3774 ubi
1113 3721 1148 3773 de

60 3820 240 3874 &aeramentis
261 3820 288 3872 in
309 3821 410 3888 specle.
450 3819 505 3882 (Cf.
522 3819 685 3882 Fraraaliu,
700 3817 737 3869 tlt.
758 3831 807 3880 19:
826 3815 858 3866 de
873 3812 1053 3878 Arrgrisliuis,
1070 3809 1086 3862 l.
1104 3809 1147 3860 cit.

59 3921 81 3969 p.
98 3912 142 3963 108
156 3909 213 3978 sq.)

87 3995 95 4022 ‘·'
109 3997 150 4050 lta
162 3999 192 4050 S.
208 3998 399 4066 Augustinus,
412 3994 459 4063 qui
474 3995 501 4048 in
515 4011 571 4048 uno
585 3995 647 4046 loco
661 3993 717 4045 duo
731 4001 839 4044 tantum
855 3997 1031 4040 sacramenta
1047 3984 1149 4036 descri-

60 4077 101 4145 bit,
111 4085 284 4152 Baptismum
295 4097 322 4136 et
334 4082 542 4135 Eucharistiatu
554 4081 656 4148 (Epist.
668 4075 843 4146 54,15),alibi
855 4083 1057 4127 commemorat
1067 4069 1151 4122 Oua·-

61 4173 198 4235 rraliancm,
218 4171 448 4234 ,llulrr'mom'ruQ
471 4169 557 4220 Ealr.
585 4169 745 4220 l'iulr‘oucni
765 4165 883 4228 (Contra
902 4178 944 4229 ep.
967 4162 1095 4221 Parmen,
1113 4157 1150 4222 ll,

62 4269 81 4304 c.
99 4273 131 4324 12,
145 4276 170 4310 n.
186 4259 231 4322 233
252 4259 297 4310 De
310 4257 385 4308 bono
401 4256 518 4324 Conjug.
537 4257 602 4320 Vll,
622 4267 660 4322 153
684 4255 728 4306 De
743 4249 897 4320 Baptismo‚
915 4250 949 4311 V,
966 4264 1007 4312 20,
1021 4245 1089 4306 etc.)

167 4381 291 4424 Sittot'sls
303 4377 348 4422 lll.
364 4401 384 4408 -·
405 4391 429 4420 rr
