2794 4662
426 197 482 247 DE
500 195 790 248 nummolum.
1097 190 1156 240 661

44 378 130 440 inde
155 380 305 442 orientur
325 381 443 463 jurgia,
460 381 532 462 paci
558 382 698 444 inimica.
744 378 1020 442 Timendumest
1036 374 1159 455 pariter

44 502 92 543 nc
119 483 268 559 maritus,
291 485 322 545 in
348 482 547 566 praediledtae
571 485 684 546 uxoris
708 482 793 544 filios
816 481 982 562 praecipue
1006 478 1158 546 intentus

42 593 183 646 ceteros
214 585 371 667 negligat.
417 585 569 649 Tandem
601 587 717 649 tertius
745 582 947 647 matrimonii
979 579 1061 654 finis,
1091 577 1158 640 scil.

44 687 240 749 remedium
252 689 537 770 concupiscentiae,
548 689 636 751 haud
649 707 722 748 raro
733 685 949 758 frustrabitur,
960 702 1062 764 quum
1073 700 1158 743 unus

42 789 100 850 vir
114 807 183 850 non
201 792 306 870 possit
322 791 418 852 simul
437 791 586 872 pluribus
602 790 763 852 uxoribus
778 786 976 850 satisfacere.
1023 781 1158 846 Plurali-

43 901 103 954 tas
122 892 225 972 igitur
240 913 383 956 uxorum
401 914 467 955 non
485 893 650 974 primario,
660 893 717 954 sed
731 889 926 953 secundario
934 887 1000 968 juri
1017 883 1158 948 naturali

43 992 251 1056 adversatur
266 993 318 1076 (5.
340 995 396 1058 Tlr.
415 994 432 1057 l.
449 1016 474 1058 c.
492 1016 520 1058 a.
542 995 580 1074 1.)

298 1143 347 1201 11.
369 1145 424 1202 Do
445 1134 665 1216 polygamra
687 1131 922 1211 successlvd.

92 1271 146 1352 46.
196 1270 425 1352 Polygamiam
441 1268 673 1342 successivam,
688 1287 745 1329 seu
762 1267 924 1329 secundas
939 1275 973 1327 et
989 1265 1158 1328 ulteriores
1220 1311 1225 1322 .

43 1371 188 1452 nuptias
219 1382 379 1453 tanquam
408 1372 481 1453 jure
508 1371 622 1434 divino
649 1371 778 1432 illicitas
805 1369 1048 1431 damnaverunt
1079 1368 1181 1430 olim.

41 1469 276 1544 Montanr'rtoe,
292 1471 412 1551 quibus
431 1470 573 1532 adhaesit
596 1469 818 1534 Tertullianus
835 1471 901 1550 (De
919 1455 1159 1557 Monogamia)‚

43 1592 183 1634 necnon
209 1573 400 1637 Novatr'am'.
447 1573 608 1636 Nonnulli
635 1575 757 1649 Patres,
774 1575 957 1656 praesertim
982 1573 1100 1644 Graeci‚
1117 1574 1158 1634 de

43 1676 208 1736 secundis
231 1685 265 1737 et
288 1677 471 1756 praesertim
497 1676 603 1737 tertiis
627 1676 903 1756 ulterioribusque
920 1676 1045 1756 nuptiis
1062 1674 1159 1736 nimis

43 1779 135 1839 dure
160 1777 369 1856 locutisunt.
418 1778 491 1840 lmo
514 1777 603 1858 apud
629 1777 771 1854 Graecos,
792 1779 861 1859 jam
885 1799 905 1840 a
928 1798 1000 1840 saec.
1026 1777 1067 1851 X,
1080 1778 1161 1857 jure
1245 1789 1246 1794 ’

44 1879 267 1954 ecclesiastico,
285 1881 439 1962 trigamia
462 1880 666 1961 plerumque,
683 1881 879 1962 tetragamia
900 1899 1030 1960 semper
1046 1878 1159 1942 invali-

45 1983 95 2043 da
113 1992 275 2044 censetur.

91 2126 144 2193 47.
194 2119 292 2176 Thesr's
306 2143 317 2176 .·
339 2117 551 2196 Polygamia
564 2117 778 2190 successiva.
797 2116 879 2182 licet
901 2117 1021 2182 minus
1037 2115 1158 2180 Eccle-

44 2214 116 2278 siae
133 2213 293 2293 probata,
305 2214 386 2293 jnre
405 2216 524 2279 divino
540 2221 597 2280 est
613 2215 718 2292 licita,
731 2230 796 2277 nec
812 2232 972 2292 unquam
987 2214 1022 2276 in
1040 2213 1156 2277 Eccle·

44 2311 108 2375 sia
123 2309 236 2374 latina
250 2311 317 2376 fuit
331 2313 532 2378 universim·
543 2313 730 2391 prohibita.
775 2313 910 2378 Certum
928 2323 978 2376 est
991 2325 1011 2375 1.

99 2411 164 2498 (A)
185 2415 302 2495 Scrr‘pt.
329 2416 381 2480 ·S.
401 2418 522 2480 Paulus
545 2419 667 2481 diserte
689 2418 831 2478 affirmat
856 2417 991 2477 iteratas
1015 2415 1158 2496 nuptias

46 2525 187 2580 mortuo
210 2520 319 2600 priore
344 2519 494 2602 conjuge,
522 2521 628 2584 licitas
652 2542 746 2583 esse:
769 2527 784 2552 “
799 2519 926 2594 Mulier,
955 2521 981 2581 si
1010 2528 1159 2582 mortuus

47 2619 152 2682 fuerit
169 2620 217 2680 vir
232 2620 312 2701 ejus,
329 2621 467 2684 liberata
484 2632 533 2686 est
551 2644 570 2685 a
587 2625 659 2706 lege
675 2624 745 2697 viri,
761 2634 798 2687 ut
815 2643 881 2685 non
899 2624 941 2684 sit
957 2623 1116 2702 adultera,
1133 2623 1159 2683 si

47 2721 152 2783 luerit
168 2741 242 2783 cum
260 2723 326 2784 alio
337 2725 413 2785 ¹viro
425 2724 440 2748 '¹
454 2736 488 2800 2;
511 2727 625 2788 “Dico
642 2737 753 2791 autem
772 2748 837 2789 non
855 2728 967 2807 nuptis
983 2736 1016 2788 et
1032 2725 1160 2788 viduis:

49 2827 180 2887 bonum
204 2836 254 2887 est
278 2827 305 2888 si
329 2828 375 2888 sic
399 2830 641 2907 permanserint
664 2831 748 2892 sicut
771 2839 804 2891 et
827 2849 900 2909 ego,
949 2827 1049 2908 Quod
1074 2828 1100 2888 si
1124 2848 1160 2889 se

51 2949 120 2989 non
139 2930 321 3004 continent,
338 2929 466 2992 nubant
480 2953 487 3007 ;
512 2931 628 2994 melius
643 2943 694 2994 est
707 2931 793 2993 enim
809 2932 932 2994 nubere
944 2950 1044 3010 quam
1059 2930 1107 2992 uri
1116 2930 1130 2958 ’'
1138 2941 1159 2991 3.

51 3030 131 3092 lmo
157 3030 261 3092 alibi4
283 3030 432 3112 juniores
463 3034 579 3095 viduas
609 3034 761 3096 hortatur
791 3044 827 3095 ut
859 3034 978 3094 iterum
1010 3033 1160 3094 nubant:

49 3140 65 3164 ‘¹
83 3131 171 3194 Volo
187 3152 267 3215 crgo
281 3134 428 3214 Juniores
445 3135 576 3210 nubere,
594 3135 678 3196 filios
698 3156 878 3215 procreare,
895 3133 1160 3197 matresfamilias

50 3255 137 3309 esse,
154 3236 279 3298 nullam
296 3239 504 3300 occasionem
522 3237 601 3322 dare
616 3239 804 3300 adversario
816 3234 993 3300 maledicti
1014 3237 1122 3318 gratia
1134 3237 1158 3298 ’'.

53 3339 110 3399 Ex
129 3339 249 3417 quibus
273 3349 375 3420 patet,
388 3340 489 3420 juxta
513 3351 659 3403 mentem
686 3341 851 3422 Apostoli,
867 3340 984 3401 melius
1000 3359 1071 3401 esse
1087 3338 1158 3419 qui-

51 3441 132 3502 dem
158 3441 190 3501 in
214 3451 303 3503 statu
327 3443 525 3523 virginitatis
549 3444 599 3505 vel
625 3445 796 3506 viduitatis
812 3462 954 3516 manere,
971 3442 1027 3503 sed
1045 3451 1157 3502 tamen

54 3543 189 3624 nuptias
206 3544 389 3624 virginibus
404 3555 438 3607 et
453 3547 561 3607 viduis
587 3545 691 3618 licere,
708 3547 775 3608 imo
799 3546 978 3626 aliquando
1000 3543 1159 3625 expedire

53 3647 95 3707 ad
114 3644 356 3708 refraenandam
373 3648 686 3727 concupiscentiam.

98 3747 148 3826 48.
198 3743 265 3833 (B)
289 3749 415 3812 Tradit.
460 3751 510 3830 (a)
528 3750 704 3812 Praefatum
724 3749 879 3830 Apostoli
902 3759 1034 3830 textum
1052 3747 1160 3829 expli-

54 3871 144 3926 cam,
163 3850 195 3914 S.
213 3851 423 3932 Augustinus
439 3853 596 3914 scribtis:
620 3858 635 3884 “
649 3854 702 3914 De
725 3854 831 3914 tertiis
855 3863 888 3914 et
911 3855 953 3915 de
976 3851 1102 3932 quartis
1126 3861 1160 3914 et

93 4034 99 4056 ¹
112 4028 142 4080 S.
159 4027 186 4078 T
183 4027 255 4081 lrom.
269 4029 356 4097 Supp.
370 4045 397 4098 q.
410 4029 455 4096 633
470 4030 592 4094 Drour'rr,
606 4029 623 4081 l.
643 4029 693 4091 lX,
709 4044 735 4097 q.
749 4029 803 4094 ΙΙΙ,
817 4044 841 4081 c.
856 4043 883 4090 ²3
897 4027 1035 4091 Billunrt,
1047 4025 1113 4080 diss.
1123 4029 1157 4090 V,

55 4132 80 4167 a.
99 4131 120 4180 1,
139 4111 154 4182 ἓ
170 4129 203 4180 3;
224 4113 362 4178 Carn'lre,
378 4131 405 4166 n.
423 4129 474 4181 203
487 4131 544 4184 sq.;
563 4116 695 4177 Perrone,
712 4115 727 4168 l.
742 4115 797 4178 ΙΙΙ,
811 4111 876 4167 εεέΙ.
893 4115 915 4177 Ι,
928 4130 952 4166 c.
969 4129 996 4177 2;
1013 4112 1047 4165 de
1059 4113 1160 4181 Augu-

54 4203 148 4264 slinis,
163 4201 180 4253 Ι.
197 4201 255 4263 cit.;
274 4202 419 4266 Palmierr',
432 4201 472 4255 tlr.
492 4217 531 4257 12.
548 4225 582 4241 -ι
595 4201 605 4231 ²
618 4203 697 4255 Rom.
714 4203 782 4268 Vll,
800 4216 824 4268 3.
840 4231 873 4240 —
886 4203 897 4235 ³
909 4202 930 4254 I
940 4203 1001 4254 Cor.
1016 4201 1084 4267 Vll,
1094 4201 1118 4254 8.

91 4287 137 4341 ⁴1.
159 4287 184 4340 Τ
183 4290 231 4342 im.
248 4289 282 4354 V,
303 4305 341 4357 14.
360 4291 415 4327 —⁵
431 4291 476 4343 De
489 4289 563 4343 bono
577 4289 673 4343 viduit.
687 4305 711 4342 c.
731 4304 779 4352 12„
