<?xml version="1.0" encoding="UTF-8"?>
<!DOCTYPE html PUBLIC "-//W3C//DTD XHTML 1.0 Transitional//EN"
    "http://www.w3.org/TR/xhtml1/DTD/xhtml1-transitional.dtd">
<html xmlns="http://www.w3.org/1999/xhtml" xml:lang="en" lang="en">
 <head>
  <title>
</title>
<meta http-equiv="Content-Type" content="text/html;charset=utf-8" />
  <meta name='ocr-system' content='tesseract 3.04.00' />
  <meta name='ocr-capabilities' content='ocr_page ocr_carea ocr_par ocr_line ocrx_word'/>
</head>
<body>
  <div class='ocr_page' id='page_1' title='image "./synopsistheolog01tanqgoog_0749.png"; bbox 0 0 2808 4664; ppageno 0'>
   <div class='ocr_carea' id='block_1_1' title="bbox 342 148 1166 206">
    <p class='ocr_par' dir='ltr' id='par_1_1' title="bbox 342 148 1166 206">
     <span class='ocr_line' id='line_1_1' title="bbox 342 148 1166 206; baseline -0.01 0"><span class='ocrx_word' id='word_1_1' title='bbox 342 156 397 206; x_wconf 86' lang='lat' dir='ltr'>DE</span> <span class='ocrx_word' id='word_1_2' title='bbox 418 155 500 205; x_wconf 80' lang='lat' dir='ltr'>DEO</span> <span class='ocrx_word' id='word_1_3' title='bbox 520 152 891 205; x_wconf 64' lang='lat' dir='ltr'>nauum-:narona</span> <span class='ocrx_word' id='word_1_4' title='bbox 1103 148 1166 199; x_wconf 84' lang='lat'>7³³</span> 
     </span>
    </p>
   </div>
   <div class='ocr_carea' id='block_1_2' title="bbox 58 331 1165 2355">
    <p class='ocr_par' dir='ltr' id='par_1_2' title="bbox 58 331 1165 1648">
     <span class='ocr_line' id='line_1_2' title="bbox 58 331 1164 420; baseline -0.005 -23"><span class='ocrx_word' id='word_1_5' title='bbox 58 336 187 400; x_wconf 88' lang='lat' dir='ltr'>huntur</span> <span class='ocrx_word' id='word_1_6' title='bbox 210 347 256 414; x_wconf 87' lang='lat' dir='ltr'>ut,</span> <span class='ocrx_word' id='word_1_7' title='bbox 272 338 538 420; x_wconf 80' lang='lat' dir='ltr'>cogitationibus,</span> <span class='ocrx_word' id='word_1_8' title='bbox 560 337 645 400; x_wconf 92' lang='lat' dir='ltr'>curis</span> <span class='ocrx_word' id='word_1_9' title='bbox 668 346 701 399; x_wconf 90' lang='lat' dir='ltr'>et</span> <span class='ocrx_word' id='word_1_10' title='bbox 725 335 871 399; x_wconf 92' lang='lat' dir='ltr'>motibus</span> <span class='ocrx_word' id='word_1_11' title='bbox 895 333 1016 415; x_wconf 90' lang='lat' dir='ltr'>proprii</span> <span class='ocrx_word' id='word_1_12' title='bbox 1041 331 1164 394; x_wconf 92' lang='lat' dir='ltr'>amoris</span> 
     </span>
     <span class='ocr_line' id='line_1_3' title="bbox 58 435 1164 518; baseline -0.002 -20"><span class='ocrx_word' id='word_1_13' title='bbox 58 437 197 517; x_wconf 89' lang='lat' dir='ltr'>penitus</span> <span class='ocrx_word' id='word_1_14' title='bbox 213 435 396 515; x_wconf 69' lang='lat' dir='ltr'>exstinctis,</span> <span class='ocrx_word' id='word_1_15' title='bbox 408 438 471 500; x_wconf 91' lang='lat' dir='ltr'>sibi</span> <span class='ocrx_word' id='word_1_16' title='bbox 488 438 582 518; x_wconf 88' lang='lat' dir='ltr'>quasi</span> <span class='ocrx_word' id='word_1_17' title='bbox 601 439 720 503; x_wconf 88' lang='lat' dir='ltr'>mortui</span> <span class='ocrx_word' id='word_1_18' title='bbox 737 440 812 514; x_wconf 92' lang='lat' dir='ltr'>sint,</span> <span class='ocrx_word' id='word_1_19' title='bbox 825 448 859 501; x_wconf 90' lang='lat' dir='ltr'>et</span> <span class='ocrx_word' id='word_1_20' title='bbox 874 437 935 499; x_wconf 89' lang='lat' dir='ltr'>soli</span> <span class='ocrx_word' id='word_1_21' title='bbox 953 436 1029 498; x_wconf 91' lang='lat' dir='ltr'>Deo</span> <span class='ocrx_word' id='word_1_22' title='bbox 1041 435 1164 508; x_wconf 88' lang='lat' dir='ltr'>vivant,</span> 
     </span>
     <span class='ocr_line' id='line_1_4' title="bbox 59 537 1163 622; baseline 0 -23"><span class='ocrx_word' id='word_1_23' title='bbox 59 539 142 601; x_wconf 86' lang='lat' dir='ltr'>nihil</span> <span class='ocrx_word' id='word_1_24' title='bbox 169 550 366 622; x_wconf 86' lang='lat' dir='ltr'>appetentes</span> <span class='ocrx_word' id='word_1_25' title='bbox 391 541 453 602; x_wconf 91' lang='lat' dir='ltr'>nisi</span> <span class='ocrx_word' id='word_1_26' title='bbox 477 540 548 622; x_wconf 86' lang='lat' dir='ltr'>ejus</span> <span class='ocrx_word' id='word_1_27' title='bbox 571 541 725 622; x_wconf 84' lang='lat' dir='ltr'>gloriam,</span> <span class='ocrx_word' id='word_1_28' title='bbox 750 541 850 622; x_wconf 87' lang='lat' dir='ltr'>juxta</span> <span class='ocrx_word' id='word_1_29' title='bbox 874 540 953 603; x_wconf 93' lang='lat' dir='ltr'>illud</span> <span class='ocrx_word' id='word_1_30' title='bbox 982 537 1163 620; x_wconf 86' lang='lat' dir='ltr'>Apostoli:</span> 
     </span>
     <span class='ocr_line' id='line_1_5' title="bbox 59 640 1163 725; baseline -0.001 -21"><span class='ocrx_word' id='word_1_31' title='bbox 59 642 182 705; x_wconf 89' lang='lat' dir='ltr'>“Vivo</span> <span class='ocrx_word' id='word_1_32' title='bbox 197 652 324 718; x_wconf 90' lang='lat' dir='ltr'>autem,</span> <span class='ocrx_word' id='word_1_33' title='bbox 338 643 406 723; x_wconf 86' lang='lat' dir='ltr'>jam</span> <span class='ocrx_word' id='word_1_34' title='bbox 426 663 492 720; x_wconf 80' lang='lat' dir='ltr'>uon</span> <span class='ocrx_word' id='word_1_35' title='bbox 510 664 597 725; x_wconf 88' lang='lat' dir='ltr'>ego:</span> <span class='ocrx_word' id='word_1_36' title='bbox 625 646 707 709; x_wconf 89' lang='lat' dir='ltr'>vivit</span> <span class='ocrx_word' id='word_1_37' title='bbox 723 665 800 708; x_wconf 91' lang='lat' dir='ltr'>vero</span> <span class='ocrx_word' id='word_1_38' title='bbox 826 646 857 707; x_wconf 93' lang='lat' dir='ltr'>in</span> <span class='ocrx_word' id='word_1_39' title='bbox 883 665 935 706; x_wconf 90' lang='lat' dir='ltr'>me</span> <span class='ocrx_word' id='word_1_40' title='bbox 953 642 1105 708; x_wconf 90' lang='lat' dir='ltr'>Christus</span> <span class='ocrx_word' id='word_1_41' title='bbox 1116 640 1131 666; x_wconf 91' lang='grc'>”</span> <span class='ocrx_word' id='word_1_42' title='bbox 1143 653 1163 703; x_wconf 88' lang='lat'>1.</span> 
     </span>
     <span class='ocr_line' id='line_1_6' title="bbox 61 741 1162 822; baseline 0 -17"><span class='ocrx_word' id='word_1_43' title='bbox 61 744 241 820; x_wconf 86' lang='lat' dir='ltr'>Posterior,</span> <span class='ocrx_word' id='word_1_44' title='bbox 253 765 310 807; x_wconf 92' lang='lat' dir='ltr'>seu</span> <span class='ocrx_word' id='word_1_45' title='bbox 328 747 407 808; x_wconf 92' lang='lat' dir='ltr'>unio</span> <span class='ocrx_word' id='word_1_46' title='bbox 423 766 498 808; x_wconf 90' lang='lat' dir='ltr'>curn</span> <span class='ocrx_word' id='word_1_47' title='bbox 518 745 601 822; x_wconf 90' lang='lat' dir='ltr'>De0,</span> <span class='ocrx_word' id='word_1_48' title='bbox 615 748 647 811; x_wconf 94' lang='lat' dir='ltr'>in</span> <span class='ocrx_word' id='word_1_49' title='bbox 665 769 705 811; x_wconf 90' lang='lat' dir='ltr'>eo</span> <span class='ocrx_word' id='word_1_50' title='bbox 721 748 872 811; x_wconf 86' lang='lat' dir='ltr'>consistit</span> <span class='ocrx_word' id='word_1_51' title='bbox 889 756 925 809; x_wconf 92' lang='lat' dir='ltr'>ut</span> <span class='ocrx_word' id='word_1_52' title='bbox 939 745 1033 808; x_wconf 90' lang='lat' dir='ltr'>Beati</span> <span class='ocrx_word' id='word_1_53' title='bbox 1051 741 1162 806; x_wconf 69' lang='lat' dir='ltr'>arctis-</span> 
     </span>
     <span class='ocr_line' id='line_1_7' title="bbox 59 842 1163 931; baseline -0.005 -23"><span class='ocrx_word' id='word_1_54' title='bbox 59 847 146 909; x_wconf 90' lang='lat' dir='ltr'>sime</span> <span class='ocrx_word' id='word_1_55' title='bbox 163 867 238 912; x_wconf 91' lang='lat' dir='ltr'>cum</span> <span class='ocrx_word' id='word_1_56' title='bbox 256 867 296 910; x_wconf 90' lang='lat' dir='ltr'>eo</span> <span class='ocrx_word' id='word_1_57' title='bbox 312 848 559 930; x_wconf 88' lang='lat' dir='ltr'>conjungantur</span> <span class='ocrx_word' id='word_1_58' title='bbox 574 869 633 931; x_wconf 92' lang='lat' dir='ltr'>per</span> <span class='ocrx_word' id='word_1_59' title='bbox 644 847 820 910; x_wconf 86' lang='lat' dir='ltr'>sublimem</span> <span class='ocrx_word' id='word_1_60' title='bbox 839 853 1099 927; x_wconf 87' lang='lat' dir='ltr'>perpetuamque</span> <span class='ocrx_word' id='word_1_61' title='bbox 1115 842 1163 904; x_wconf 92' lang='lat' dir='ltr'>di-</span> 
     </span>
     <span class='ocr_line' id='line_1_8' title="bbox 59 946 1163 1032; baseline -0.005 -22"><span class='ocrx_word' id='word_1_62' title='bbox 59 949 150 1011; x_wconf 86' lang='lat' dir='ltr'>vinae</span> <span class='ocrx_word' id='word_1_63' title='bbox 163 951 315 1012; x_wconf 79' lang='lat' dir='ltr'>essentia·</span> <span class='ocrx_word' id='word_1_64' title='bbox 329 950 657 1032; x_wconf 88' lang='lat' dir='ltr'>contemplationem,</span> <span class='ocrx_word' id='word_1_65' title='bbox 670 969 772 1030; x_wconf 92' lang='lat' dir='ltr'>quum</span> <span class='ocrx_word' id='word_1_66' title='bbox 792 949 1016 1010; x_wconf 88' lang='lat' dir='ltr'>indesinenter</span> <span class='ocrx_word' id='word_1_67' title='bbox 1029 946 1163 1007; x_wconf 89' lang='lat' dir='ltr'>videant</span> 
     </span>
     <span class='ocr_line' id='line_1_9' title="bbox 61 1048 1164 1135; baseline -0.005 -22"><span class='ocrx_word' id='word_1_68' title='bbox 61 1051 181 1114; x_wconf 80' lang='lat' dir='ltr'>taciem</span> <span class='ocrx_word' id='word_1_69' title='bbox 206 1055 331 1130; x_wconf 91' lang='lat' dir='ltr'>Patris;</span> <span class='ocrx_word' id='word_1_70' title='bbox 360 1074 417 1135; x_wconf 89' lang='lat' dir='ltr'>per</span> <span class='ocrx_word' id='word_1_71' title='bbox 436 1053 550 1134; x_wconf 90' lang='lat' dir='ltr'>jugem</span> <span class='ocrx_word' id='word_1_72' title='bbox 572 1054 758 1116; x_wconf 86' lang='lat' dir='ltr'>divinorum</span> <span class='ocrx_word' id='word_1_73' title='bbox 781 1069 910 1113; x_wconf 93' lang='lat' dir='ltr'>morum</span> <span class='ocrx_word' id='word_1_74' title='bbox 934 1048 1164 1120; x_wconf 91' lang='lat' dir='ltr'>imitationem,</span> 
     </span>
     <span class='ocr_line' id='line_1_10' title="bbox 58 1151 1165 1237; baseline -0.005 -21"><span class='ocrx_word' id='word_1_75' title='bbox 58 1165 92 1217; x_wconf 90' lang='lat' dir='ltr'>et</span> <span class='ocrx_word' id='word_1_76' title='bbox 128 1155 402 1237; x_wconf 64' lang='lat' dir='ltr'>perfectissimam</span> <span class='ocrx_word' id='word_1_77' title='bbox 429 1177 504 1219; x_wconf 93' lang='lat' dir='ltr'>cum</span> <span class='ocrx_word' id='word_1_78' title='bbox 532 1157 645 1219; x_wconf 77' lang='lat' dir='ltr'>divina</span> <span class='ocrx_word' id='word_1_79' title='bbox 672 1154 843 1217; x_wconf 90' lang='lat' dir='ltr'>voluntate</span> <span class='ocrx_word' id='word_1_80' title='bbox 874 1151 1165 1223; x_wconf 63' lang='lat' dir='ltr'>conformitatem</span> 
     </span>
     <span class='ocr_line' id='line_1_11' title="bbox 60 1253 1163 1338; baseline -0.006 -18"><span class='ocrx_word' id='word_1_81' title='bbox 60 1278 122 1338; x_wconf 90' lang='lat' dir='ltr'>per</span> <span class='ocrx_word' id='word_1_82' title='bbox 139 1260 320 1338; x_wconf 86' lang='lat' dir='ltr'>quamdam</span> <span class='ocrx_word' id='word_1_83' title='bbox 345 1261 377 1322; x_wconf 93' lang='lat' dir='ltr'>in</span> <span class='ocrx_word' id='word_1_84' title='bbox 403 1260 513 1324; x_wconf 93' lang='lat' dir='ltr'>Deum</span> <span class='ocrx_word' id='word_1_85' title='bbox 539 1258 873 1331; x_wconf 82' lang='lat' dir='ltr'>transformationem,</span> <span class='ocrx_word' id='word_1_86' title='bbox 889 1265 1052 1336; x_wconf 88' lang='lat' dir='ltr'>quatenus</span> <span class='ocrx_word' id='word_1_87' title='bbox 1070 1253 1163 1314; x_wconf 87' lang='lat' dir='ltr'>Beati</span> 
     </span>
     <span class='ocr_line' id='line_1_12' title="bbox 60 1359 1165 1441; baseline -0.005 -18"><span class='ocrx_word' id='word_1_88' title='bbox 60 1363 109 1423; x_wconf 91' lang='lat' dir='ltr'>ita</span> <span class='ocrx_word' id='word_1_89' title='bbox 132 1361 166 1423; x_wconf 94' lang='lat' dir='ltr'>in</span> <span class='ocrx_word' id='word_1_90' title='bbox 183 1382 297 1425; x_wconf 92' lang='lat' dir='ltr'>amore</span> <span class='ocrx_word' id='word_1_91' title='bbox 314 1363 376 1424; x_wconf 91' lang='lat' dir='ltr'>Dei</span> <span class='ocrx_word' id='word_1_92' title='bbox 401 1361 630 1439; x_wconf 80' lang='lat' dir='ltr'>effervescunt,</span> <span class='ocrx_word' id='word_1_93' title='bbox 647 1372 683 1425; x_wconf 91' lang='lat' dir='ltr'>ut</span> <span class='ocrx_word' id='word_1_94' title='bbox 707 1362 768 1424; x_wconf 92' lang='lat' dir='ltr'>toti</span> <span class='ocrx_word' id='word_1_95' title='bbox 793 1361 974 1441; x_wconf 87' lang='lat' dir='ltr'>liquescere</span> <span class='ocrx_word' id='word_1_96' title='bbox 990 1359 1165 1421; x_wconf 90' lang='lat' dir='ltr'>videantur</span> 
     </span>
     <span class='ocr_line' id='line_1_13' title="bbox 59 1455 1163 1546; baseline -0.006 -20"><span class='ocrx_word' id='word_1_97' title='bbox 59 1474 94 1527; x_wconf 91' lang='lat' dir='ltr'>et</span> <span class='ocrx_word' id='word_1_98' title='bbox 109 1465 144 1526; x_wconf 94' lang='lat' dir='ltr'>in</span> <span class='ocrx_word' id='word_1_99' title='bbox 159 1465 315 1546; x_wconf 87' lang='lat' dir='ltr'>abyssum</span> <span class='ocrx_word' id='word_1_100' title='bbox 330 1465 514 1528; x_wconf 91' lang='lat' dir='ltr'>divinitatis</span> <span class='ocrx_word' id='word_1_101' title='bbox 526 1465 768 1546; x_wconf 88' lang='lat' dir='ltr'>demergi,licet</span> <span class='ocrx_word' id='word_1_102' title='bbox 781 1473 893 1526; x_wconf 90' lang='lat' dir='ltr'>tamen</span> <span class='ocrx_word' id='word_1_103' title='bbox 908 1461 951 1524; x_wconf 89' lang='lat' dir='ltr'>ab</span> <span class='ocrx_word' id='word_1_104' title='bbox 964 1481 1004 1524; x_wconf 90' lang='lat' dir='ltr'>eo</span> <span class='ocrx_word' id='word_1_105' title='bbox 1016 1455 1163 1523; x_wconf 72' lang='lat' dir='ltr'>distincti</span> 
     </span>
     <span class='ocr_line' id='line_1_14' title="bbox 60 1579 378 1648; baseline 0.006 -20"><span class='ocrx_word' id='word_1_106' title='bbox 60 1587 197 1648; x_wconf 90' lang='lat' dir='ltr'>semper</span> <span class='ocrx_word' id='word_1_107' title='bbox 214 1579 378 1630; x_wconf 89' lang='lat' dir='ltr'>maneant.</span> 
     </span>
    </p>

    <p class='ocr_par' dir='ltr' id='par_1_3' title="bbox 60 1667 1164 2355">
     <span class='ocr_line' id='line_1_15' title="bbox 108 1667 1163 1753; baseline -0.006 -21"><span class='ocrx_word' id='word_1_108' title='bbox 108 1671 205 1734; x_wconf 88' lang='lat' dir='ltr'>Beati</span> <span class='ocrx_word' id='word_1_109' title='bbox 230 1671 261 1733; x_wconf 91' lang='lat' dir='ltr'>in</span> <span class='ocrx_word' id='word_1_110' title='bbox 280 1672 354 1734; x_wconf 92' lang='lat' dir='ltr'>Deo</span> <span class='ocrx_word' id='word_1_111' title='bbox 376 1682 410 1734; x_wconf 91' lang='lat' dir='ltr'>et</span> <span class='ocrx_word' id='word_1_112' title='bbox 433 1681 567 1753; x_wconf 90' lang='lat' dir='ltr'>propter</span> <span class='ocrx_word' id='word_1_113' title='bbox 584 1671 694 1734; x_wconf 81' lang='lat' dir='ltr'>Derm</span> <span class='ocrx_word' id='word_1_114' title='bbox 712 1670 853 1751; x_wconf 83' lang='lat' dir='ltr'>diligent</span> <span class='ocrx_word' id='word_1_115' title='bbox 877 1689 993 1731; x_wconf 90' lang='lat' dir='ltr'>omnes</span> <span class='ocrx_word' id='word_1_116' title='bbox 1010 1667 1163 1729; x_wconf 89' lang='lat' dir='ltr'>concives</span> 
     </span>
     <span class='ocr_line' id='line_1_16' title="bbox 60 1769 1163 1856; baseline -0.007 -20"><span class='ocrx_word' id='word_1_117' title='bbox 60 1774 182 1854; x_wconf 86' lang='lat' dir='ltr'>patriae</span> <span class='ocrx_word' id='word_1_118' title='bbox 200 1774 352 1850; x_wconf 89' lang='lat' dir='ltr'>coelestis,</span> <span class='ocrx_word' id='word_1_119' title='bbox 369 1785 402 1838; x_wconf 88' lang='lat' dir='ltr'>et</span> <span class='ocrx_word' id='word_1_120' title='bbox 424 1795 464 1837; x_wconf 90' lang='lat' dir='ltr'>eo</span> <span class='ocrx_word' id='word_1_121' title='bbox 481 1776 587 1856; x_wconf 90' lang='lat' dir='ltr'>magis</span> <span class='ocrx_word' id='word_1_122' title='bbox 605 1775 739 1856; x_wconf 90' lang='lat' dir='ltr'>quidem</span> <span class='ocrx_word' id='word_1_123' title='bbox 757 1792 823 1853; x_wconf 91' lang='lat' dir='ltr'>quo</span> <span class='ocrx_word' id='word_1_124' title='bbox 840 1782 918 1834; x_wconf 92' lang='lat' dir='ltr'>sunt</span> <span class='ocrx_word' id='word_1_125' title='bbox 936 1772 1009 1833; x_wconf 89' lang='lat' dir='ltr'>Deo</span> <span class='ocrx_word' id='word_1_126' title='bbox 1033 1769 1163 1851; x_wconf 91' lang='lat' dir='ltr'>propin-</span> 
     </span>
     <span class='ocr_line' id='line_1_17' title="bbox 61 1869 1162 1958; baseline -0.006 -20"><span class='ocrx_word' id='word_1_127' title='bbox 61 1876 221 1957; x_wconf 91' lang='lat' dir='ltr'>quiores;</span> <span class='ocrx_word' id='word_1_128' title='bbox 248 1877 340 1957; x_wconf 91' lang='lat' dir='ltr'>quia,</span> <span class='ocrx_word' id='word_1_129' title='bbox 355 1897 458 1958; x_wconf 88' lang='lat' dir='ltr'>quum</span> <span class='ocrx_word' id='word_1_130' title='bbox 477 1879 544 1940; x_wconf 90' lang='lat' dir='ltr'>vita</span> <span class='ocrx_word' id='word_1_131' title='bbox 569 1879 666 1939; x_wconf 91' lang='lat' dir='ltr'>beata</span> <span class='ocrx_word' id='word_1_132' title='bbox 690 1877 721 1937; x_wconf 91' lang='lat' dir='ltr'>in</span> <span class='ocrx_word' id='word_1_133' title='bbox 746 1875 954 1937; x_wconf 88' lang='lat' dir='ltr'>ordinatione</span> <span class='ocrx_word' id='word_1_134' title='bbox 978 1873 1098 1935; x_wconf 89' lang='lat' dir='ltr'>mentis</span> <span class='ocrx_word' id='word_1_135' title='bbox 1121 1869 1162 1932; x_wconf 88' lang='lat' dir='ltr'>ad</span> 
     </span>
     <span class='ocr_line' id='line_1_18' title="bbox 63 1977 1163 2059; baseline -0.005 -19"><span class='ocrx_word' id='word_1_136' title='bbox 63 1979 178 2041; x_wconf 91' lang='lat' dir='ltr'>Deum</span> <span class='ocrx_word' id='word_1_137' title='bbox 195 1981 364 2056; x_wconf 88' lang='lat' dir='ltr'>consistat,</span> <span class='ocrx_word' id='word_1_138' title='bbox 377 1982 460 2043; x_wconf 92' lang='lat' dir='ltr'>ordo</span> <span class='ocrx_word' id='word_1_139' title='bbox 475 1977 662 2043; x_wconf 68' lang='lat' dir='ltr'>dilectionis</span> <span class='ocrx_word' id='word_1_140' title='bbox 678 1977 906 2042; x_wconf 90' lang='lat' dir='ltr'>observabitur</span> <span class='ocrx_word' id='word_1_141' title='bbox 921 1997 979 2059; x_wconf 91' lang='lat' dir='ltr'>per</span> <span class='ocrx_word' id='word_1_142' title='bbox 994 1995 1163 2057; x_wconf 87' lang='lat' dir='ltr'>compara·</span> 
     </span>
     <span class='ocr_line' id='line_1_19' title="bbox 61 2081 1164 2167; baseline -0.004 -21"><span class='ocrx_word' id='word_1_143' title='bbox 61 2084 192 2146; x_wconf 91' lang='lat' dir='ltr'>tionem</span> <span class='ocrx_word' id='word_1_144' title='bbox 210 2085 251 2146; x_wconf 90' lang='lat' dir='ltr'>ad</span> <span class='ocrx_word' id='word_1_145' title='bbox 271 2086 388 2148; x_wconf 90' lang='lat' dir='ltr'>Deum.</span> <span class='ocrx_word' id='word_1_146' title='bbox 435 2083 578 2167; x_wconf 87' lang='lat' dir='ltr'>Speciali</span> <span class='ocrx_word' id='word_1_147' title='bbox 596 2093 708 2146; x_wconf 90' lang='lat' dir='ltr'>tamen</span> <span class='ocrx_word' id='word_1_148' title='bbox 726 2085 827 2145; x_wconf 94' lang='lat' dir='ltr'>modo</span> <span class='ocrx_word' id='word_1_149' title='bbox 844 2083 916 2144; x_wconf 90' lang='lat' dir='ltr'>illos</span> <span class='ocrx_word' id='word_1_150' title='bbox 932 2082 1092 2144; x_wconf 87' lang='lat' dir='ltr'>amabunt</span> <span class='ocrx_word' id='word_1_151' title='bbox 1108 2081 1164 2162; x_wconf 92' lang='lat' dir='ltr'>qui</span> 
     </span>
     <span class='ocr_line' id='line_1_20' title="bbox 61 2184 1164 2269; baseline -0.002 -23"><span class='ocrx_word' id='word_1_152' title='bbox 61 2187 129 2248; x_wconf 93' lang='lat' dir='ltr'>sibi</span> <span class='ocrx_word' id='word_1_153' title='bbox 157 2187 428 2269; x_wconf 89' lang='lat' dir='ltr'>conjunguntur:</span> <span class='ocrx_word' id='word_1_154' title='bbox 464 2210 530 2252; x_wconf 93' lang='lat' dir='ltr'>non</span> <span class='ocrx_word' id='word_1_155' title='bbox 557 2190 644 2252; x_wconf 90' lang='lat' dir='ltr'>enim</span> <span class='ocrx_word' id='word_1_156' title='bbox 671 2187 847 2251; x_wconf 89' lang='lat' dir='ltr'>cessabunt</span> <span class='ocrx_word' id='word_1_157' title='bbox 872 2185 915 2248; x_wconf 91' lang='lat' dir='ltr'>ab</span> <span class='ocrx_word' id='word_1_158' title='bbox 939 2187 1052 2247; x_wconf 91' lang='lat' dir='ltr'>animo</span> <span class='ocrx_word' id='word_1_159' title='bbox 1076 2184 1164 2247; x_wconf 89' lang='lat' dir='ltr'>beati</span> 
     </span>
     <span class='ocr_line' id='line_1_21' title="bbox 61 2289 576 2355; baseline 0.004 -3"><span class='ocrx_word' id='word_1_160' title='bbox 61 2291 216 2352; x_wconf 82' lang='lat' dir='ltr'>honestae</span> <span class='ocrx_word' id='word_1_161' title='bbox 232 2289 419 2355; x_wconf 69' lang='lat' dir='ltr'>dilectionis</span> <span class='ocrx_word' id='word_1_162' title='bbox 436 2313 545 2355; x_wconf 89' lang='lat' dir='ltr'>causae</span> <span class='ocrx_word' id='word_1_163' title='bbox 556 2305 576 2354; x_wconf 79' lang='lat'>2.</span> 
     </span>
    </p>
   </div>
   <div class='ocr_carea' id='block_1_3' title="bbox 60 2396 1165 2643">
    <p class='ocr_par' dir='ltr' id='par_1_4' title="bbox 60 2396 1165 2643">
     <span class='ocr_line' id='line_1_22' title="bbox 99 2396 1163 2472; baseline -0.002 -18"><span class='ocrx_word' id='word_1_164' title='bbox 99 2400 141 2467; x_wconf 84' lang='lat'>67.</span> <span class='ocrx_word' id='word_1_165' title='bbox 185 2396 384 2455; x_wconf 71' lang='lat' dir='ltr'>Controversia</span> <span class='ocrx_word' id='word_1_166' title='bbox 397 2399 430 2456; x_wconf 80' lang='lat' dir='ltr'>de</span> <span class='ocrx_word' id='word_1_167' title='bbox 441 2401 559 2457; x_wconf 75' lang='lat' dir='ltr'>essentia</span> <span class='ocrx_word' id='word_1_168' title='bbox 567 2399 705 2472; x_wconf 78' lang='lat' dir='ltr'>forrrralr&#39;s</span> <span class='ocrx_word' id='word_1_169' title='bbox 716 2397 909 2455; x_wconf 73' lang='lat' dir='ltr'>beatitudinis.</span> <span class='ocrx_word' id='word_1_170' title='bbox 952 2398 1028 2456; x_wconf 84' lang='lat' dir='ltr'>Haec</span> <span class='ocrx_word' id='word_1_171' title='bbox 1041 2396 1163 2469; x_wconf 89' lang='lat' dir='ltr'>quidem</span> 
     </span>
     <span class='ocr_line' id='line_1_23' title="bbox 60 2484 1165 2558; baseline -0.002 -16"><span class='ocrx_word' id='word_1_172' title='bbox 60 2485 104 2542; x_wconf 92' lang='lat' dir='ltr'>ab</span> <span class='ocrx_word' id='word_1_173' title='bbox 123 2484 263 2542; x_wconf 90' lang='lat' dir='ltr'>omnibus</span> <span class='ocrx_word' id='word_1_174' title='bbox 281 2485 496 2554; x_wconf 88' lang='lat' dir='ltr'>admittuntur;</span> <span class='ocrx_word' id='word_1_175' title='bbox 523 2487 576 2545; x_wconf 89' lang='lat' dir='ltr'>sed</span> <span class='ocrx_word' id='word_1_176' title='bbox 596 2487 716 2544; x_wconf 90' lang='lat' dir='ltr'>ulterius</span> <span class='ocrx_word' id='word_1_177' title='bbox 736 2486 887 2558; x_wconf 87' lang='lat' dir='ltr'>inquirunt</span> <span class='ocrx_word' id='word_1_178' title='bbox 907 2484 1036 2556; x_wconf 79' lang='lat' dir='ltr'>theologi</span> <span class='ocrx_word' id='word_1_179' title='bbox 1056 2485 1085 2541; x_wconf 91' lang='lat' dir='ltr'>in</span> <span class='ocrx_word' id='word_1_180' title='bbox 1104 2501 1165 2554; x_wconf 91' lang='lat' dir='ltr'>quo</span> 
     </span>
     <span class='ocr_line' id='line_1_24' title="bbox 61 2570 1164 2643; baseline -0.001 -15"><span class='ocrx_word' id='word_1_181' title='bbox 61 2570 208 2628; x_wconf 86' lang='lat' dir='ltr'>consistat</span> <span class='ocrx_word' id='word_1_182' title='bbox 222 2571 416 2630; x_wconf 88' lang='lat' dir='ltr'>essentialiter</span> <span class='ocrx_word' id='word_1_183' title='bbox 427 2572 581 2632; x_wconf 87' lang='lat' dir='ltr'>beatitudo</span> <span class='ocrx_word' id='word_1_184' title='bbox 594 2572 732 2632; x_wconf 89' lang='lat' dir='ltr'>hominis.</span> <span class='ocrx_word' id='word_1_185' title='bbox 774 2571 896 2630; x_wconf 74' lang='lat' dir='ltr'>Relictis</span> <span class='ocrx_word' id='word_1_186' title='bbox 907 2572 1100 2643; x_wconf 88' lang='lat' dir='ltr'>opinionibus</span> <span class='ocrx_word' id='word_1_187' title='bbox 1113 2570 1164 2627; x_wconf 84' lang='lat' dir='ltr'>uti-</span> 
     </span>
    </p>
   </div>
   <div class='ocr_carea' id='block_1_4' title="bbox 63 2656 1165 2812">
    <p class='ocr_par' dir='ltr' id='par_1_5' title="bbox 63 2656 1165 2812">
     <span class='ocr_line' id='line_1_25' title="bbox 63 2656 1165 2732; baseline 0.002 -19"><span class='ocrx_word' id='word_1_188' title='bbox 63 2675 123 2714; x_wconf 92' lang='lat' dir='ltr'>nus</span> <span class='ocrx_word' id='word_1_189' title='bbox 137 2656 351 2728; x_wconf 86' lang='lat' dir='ltr'>probabilibus,</span> <span class='ocrx_word' id='word_1_190' title='bbox 362 2669 420 2717; x_wconf 89' lang='lat' dir='ltr'>tres</span> <span class='ocrx_word' id='word_1_191' title='bbox 430 2671 588 2732; x_wconf 87' lang='lat' dir='ltr'>supersunt</span> <span class='ocrx_word' id='word_1_192' title='bbox 600 2661 762 2718; x_wconf 82' lang='lat' dir='ltr'>sententiae.</span> <span class='ocrx_word' id='word_1_193' title='bbox 797 2662 836 2728; x_wconf 84' lang='lat' dir='ltr'>(a)</span> <span class='ocrx_word' id='word_1_194' title='bbox 847 2659 971 2716; x_wconf 79' lang='lat' dir='ltr'>Scotr&#39;stoe</span> <span class='ocrx_word' id='word_1_195' title='bbox 980 2657 1165 2717; x_wconf 88' lang='lat' dir='ltr'>contendunt</span> 
     </span>
     <span class='ocr_line' id='line_1_26' title="bbox 63 2739 1163 2812; baseline -0.002 -14"><span class='ocrx_word' id='word_1_196' title='bbox 63 2740 220 2798; x_wconf 82' lang='lat' dir='ltr'>formalem</span> <span class='ocrx_word' id='word_1_197' title='bbox 241 2739 455 2800; x_wconf 89' lang='lat' dir='ltr'>beatitudinem</span> <span class='ocrx_word' id='word_1_198' title='bbox 477 2744 671 2802; x_wconf 87' lang='lat' dir='ltr'>essentialiter</span> <span class='ocrx_word' id='word_1_199' title='bbox 690 2743 849 2800; x_wconf 89' lang='lat' dir='ltr'>consistere</span> <span class='ocrx_word' id='word_1_200' title='bbox 870 2743 897 2798; x_wconf 90' lang='lat' dir='ltr'>in</span> <span class='ocrx_word' id='word_1_201' title='bbox 917 2759 1013 2798; x_wconf 87' lang='lat' dir='ltr'>amore</span> <span class='ocrx_word' id='word_1_202' title='bbox 1030 2741 1163 2812; x_wconf 80' lang='lat' dir='ltr'>beatifico,</span> 
     </span>
    </p>
   </div>
   <div class='ocr_carea' id='block_1_5' title="bbox 62 2827 1167 3765">
    <p class='ocr_par' dir='ltr' id='par_1_6' title="bbox 62 2827 1167 3765">
     <span class='ocr_line' id='line_1_27' title="bbox 63 2827 1165 2904; baseline 0 -20"><span class='ocrx_word' id='word_1_203' title='bbox 63 2844 129 2900; x_wconf 92' lang='lat' dir='ltr'>qno</span> <span class='ocrx_word' id='word_1_204' title='bbox 143 2828 226 2884; x_wconf 91' lang='lat' dir='ltr'>Deus</span> <span class='ocrx_word' id='word_1_205' title='bbox 239 2839 272 2885; x_wconf 90' lang='lat' dir='ltr'>ut</span> <span class='ocrx_word' id='word_1_206' title='bbox 284 2847 432 2886; x_wconf 92' lang='lat' dir='ltr'>summum</span> <span class='ocrx_word' id='word_1_207' title='bbox 453 2831 565 2890; x_wconf 89' lang='lat' dir='ltr'>bonum</span> <span class='ocrx_word' id='word_1_208' title='bbox 581 2841 701 2904; x_wconf 87' lang='lat' dir='ltr'>propter</span> <span class='ocrx_word' id='word_1_209' title='bbox 713 2848 744 2887; x_wconf 92' lang='lat' dir='ltr'>se</span> <span class='ocrx_word' id='word_1_210' title='bbox 758 2829 889 2900; x_wconf 84' lang='lat' dir='ltr'>diligitur</span> <span class='ocrx_word' id='word_1_211' title='bbox 903 2848 909 2899; x_wconf 71' lang='grc' dir='ltr'><strong><em>ς</em></strong></span> <span class='ocrx_word' id='word_1_212' title='bbox 930 2845 997 2884; x_wconf 88' lang='lat' dir='ltr'>narn</span> <span class='ocrx_word' id='word_1_213' title='bbox 1012 2827 1165 2885; x_wconf 88' lang='lat' dir='ltr'>beatitudo</span> 
     </span>
     <span class='ocr_line' id='line_1_28' title="bbox 64 2913 1165 2988; baseline -0.001 -17"><span class='ocrx_word' id='word_1_214' title='bbox 64 2913 140 2971; x_wconf 86' lang='lat' dir='ltr'>nihil</span> <span class='ocrx_word' id='word_1_215' title='bbox 154 2913 234 2971; x_wconf 90' lang='lat' dir='ltr'>aliud</span> <span class='ocrx_word' id='word_1_216' title='bbox 248 2932 312 2973; x_wconf 88' lang='lat' dir='ltr'>esse</span> <span class='ocrx_word' id='word_1_217' title='bbox 331 2927 429 2988; x_wconf 88' lang='lat' dir='ltr'>potest</span> <span class='ocrx_word' id='word_1_218' title='bbox 448 2916 502 2972; x_wconf 90' lang='lat' dir='ltr'>nisi</span> <span class='ocrx_word' id='word_1_219' title='bbox 524 2915 736 2987; x_wconf 68' lang='lat' dir='ltr'>perfectissima</span> <span class='ocrx_word' id='word_1_220' title='bbox 749 2915 922 2974; x_wconf 87' lang='lat' dir='ltr'>consecutio</span> <span class='ocrx_word' id='word_1_221' title='bbox 937 2916 1003 2986; x_wconf 90' lang='lat' dir='ltr'>Dei,</span> <span class='ocrx_word' id='word_1_222' title='bbox 1019 2926 1165 2986; x_wconf 90' lang='lat' dir='ltr'>quatenus</span> 
     </span>
     <span class='ocr_line' id='line_1_29' title="bbox 64 3001 1162 3076; baseline -0.004 -14"><span class='ocrx_word' id='word_1_223' title='bbox 64 3013 110 3062; x_wconf 86' lang='lat' dir='ltr'>est</span> <span class='ocrx_word' id='word_1_224' title='bbox 131 3002 251 3060; x_wconf 90' lang='lat' dir='ltr'>ultimus</span> <span class='ocrx_word' id='word_1_225' title='bbox 271 3003 357 3074; x_wconf 83' lang='lat' dir='ltr'>linis;</span> <span class='ocrx_word' id='word_1_226' title='bbox 383 3004 474 3076; x_wconf 83' lang='lat' dir='ltr'>atqui,</span> <span class='ocrx_word' id='word_1_227' title='bbox 498 3021 550 3076; x_wconf 87' lang='lat' dir='ltr'>per</span> <span class='ocrx_word' id='word_1_228' title='bbox 568 3020 713 3071; x_wconf 88' lang='lat' dir='ltr'>amorem,</span> <span class='ocrx_word' id='word_1_229' title='bbox 731 3003 839 3070; x_wconf 85' lang='lat' dir='ltr'>Deum,</span> <span class='ocrx_word' id='word_1_230' title='bbox 856 3011 887 3059; x_wconf 90' lang='lat' dir='ltr'>ut</span> <span class='ocrx_word' id='word_1_231' title='bbox 907 3001 1044 3058; x_wconf 89' lang='lat' dir='ltr'>ultimum</span> <span class='ocrx_word' id='word_1_232' title='bbox 1063 3001 1162 3070; x_wconf 88' lang='lat' dir='ltr'>linem,</span> 
     </span>
     <span class='ocr_line' id='line_1_30' title="bbox 63 3089 1167 3163; baseline -0.001 -16"><span class='ocrx_word' id='word_1_233' title='bbox 63 3089 252 3161; x_wconf 89' lang='lat' dir='ltr'>assequimur</span> <span class='ocrx_word' id='word_1_234' title='bbox 262 3091 357 3148; x_wconf 93' lang='lat' dir='ltr'>multo</span> <span class='ocrx_word' id='word_1_235' title='bbox 370 3091 529 3163; x_wconf 74' lang='lat' dir='ltr'>perfectius</span> <span class='ocrx_word' id='word_1_236' title='bbox 542 3108 632 3162; x_wconf 89' lang='lat' dir='ltr'>quam</span> <span class='ocrx_word' id='word_1_237' title='bbox 647 3107 698 3161; x_wconf 90' lang='lat' dir='ltr'>per</span> <span class='ocrx_word' id='word_1_238' title='bbox 708 3089 900 3159; x_wconf 72' lang='lat' dir='ltr'>intellectum,</span> <span class='ocrx_word' id='word_1_239' title='bbox 912 3107 1005 3161; x_wconf 90' lang='lat' dir='ltr'>quum</span> <span class='ocrx_word' id='word_1_240' title='bbox 1016 3089 1090 3146; x_wconf 89' lang='lat' dir='ltr'>visio</span> <span class='ocrx_word' id='word_1_241' title='bbox 1103 3089 1167 3161; x_wconf 88' lang='lat' dir='ltr'>ipsa</span> 
     </span>
     <span class='ocr_line' id='line_1_31' title="bbox 63 3176 1166 3248; baseline -0.002 -13"><span class='ocrx_word' id='word_1_242' title='bbox 63 3177 103 3235; x_wconf 92' lang='lat' dir='ltr'>ad</span> <span class='ocrx_word' id='word_1_243' title='bbox 117 3193 249 3233; x_wconf 90' lang='lat' dir='ltr'>amorem</span> <span class='ocrx_word' id='word_1_244' title='bbox 261 3176 421 3245; x_wconf 89' lang='lat' dir='ltr'>ordinetur,</span> <span class='ocrx_word' id='word_1_245' title='bbox 431 3196 486 3235; x_wconf 91' lang='lat' dir='ltr'>nec</span> <span class='ocrx_word' id='word_1_246' title='bbox 500 3177 592 3233; x_wconf 88' lang='lat' dir='ltr'>homo</span> <span class='ocrx_word' id='word_1_247' title='bbox 602 3195 669 3234; x_wconf 91' lang='lat' dir='ltr'>vere</span> <span class='ocrx_word' id='word_1_248' title='bbox 681 3176 784 3233; x_wconf 89' lang='lat' dir='ltr'>beatus</span> <span class='ocrx_word' id='word_1_249' title='bbox 795 3194 859 3234; x_wconf 89' lang='lat' dir='ltr'>esse</span> <span class='ocrx_word' id='word_1_250' title='bbox 873 3177 966 3248; x_wconf 89' lang='lat' dir='ltr'>possit</span> <span class='ocrx_word' id='word_1_251' title='bbox 977 3176 1030 3233; x_wconf 90' lang='lat' dir='ltr'>nisi</span> <span class='ocrx_word' id='word_1_252' title='bbox 1043 3179 1166 3247; x_wconf 82' lang='lat' dir='ltr'>corejus</span> 
     </span>
     <span class='ocr_line' id='line_1_32' title="bbox 64 3263 1167 3337; baseline -0.001 -16"><span class='ocrx_word' id='word_1_253' title='bbox 64 3263 197 3337; x_wconf 73' lang='lat' dir='ltr'>perfecte</span> <span class='ocrx_word' id='word_1_254' title='bbox 218 3263 247 3320; x_wconf 91' lang='lat' dir='ltr'>in</span> <span class='ocrx_word' id='word_1_255' title='bbox 267 3282 367 3322; x_wconf 87' lang='lat' dir='ltr'>atnore</span> <span class='ocrx_word' id='word_1_256' title='bbox 388 3265 444 3322; x_wconf 93' lang='lat' dir='ltr'>Dei</span> <span class='ocrx_word' id='word_1_257' title='bbox 463 3265 597 3337; x_wconf 87' lang='lat' dir='ltr'>quiescat</span> <span class='ocrx_word' id='word_1_258' title='bbox 608 3283 616 3335; x_wconf 83' lang='lat'>3</span> <span class='ocrx_word' id='word_1_259' title='bbox 642 3282 720 3335; x_wconf 90' lang='lat' dir='ltr'>ergo.</span> <span class='ocrx_word' id='word_1_260' title='bbox 762 3265 802 3332; x_wconf 83' lang='lat' dir='ltr'>(b)</span> <span class='ocrx_word' id='word_1_261' title='bbox 819 3263 971 3320; x_wconf 76' lang='lat' dir='ltr'>Themista</span> <span class='ocrx_word' id='word_1_262' title='bbox 989 3281 1024 3320; x_wconf 85' lang='lat' dir='ltr'>ex</span> <span class='ocrx_word' id='word_1_263' title='bbox 1043 3263 1167 3321; x_wconf 89' lang='lat' dir='ltr'>adverso</span> 
     </span>
     <span class='ocr_line' id='line_1_33' title="bbox 64 3349 1167 3421; baseline -0.003 -11"><span class='ocrx_word' id='word_1_264' title='bbox 64 3361 169 3410; x_wconf 91' lang='lat' dir='ltr'>tenent</span> <span class='ocrx_word' id='word_1_265' title='bbox 184 3350 398 3409; x_wconf 85' lang='lat' dir='ltr'>beatitudinem</span> <span class='ocrx_word' id='word_1_266' title='bbox 413 3351 606 3411; x_wconf 88' lang='lat' dir='ltr'>essentialiter</span> <span class='ocrx_word' id='word_1_267' title='bbox 619 3351 779 3408; x_wconf 84' lang='lat' dir='ltr'>consistere</span> <span class='ocrx_word' id='word_1_268' title='bbox 798 3351 826 3406; x_wconf 92' lang='lat' dir='ltr'>in</span> <span class='ocrx_word' id='word_1_269' title='bbox 845 3351 907 3408; x_wconf 75' lang='lat' dir='ltr'>sola</span> <span class='ocrx_word' id='word_1_270' title='bbox 925 3349 1031 3407; x_wconf 83' lang='lat' dir='ltr'>visione</span> <span class='ocrx_word' id='word_1_271' title='bbox 1044 3349 1111 3421; x_wconf 82' lang='lat' dir='ltr'>Dei,</span> <span class='ocrx_word' id='word_1_272' title='bbox 1128 3351 1167 3407; x_wconf 88' lang='lat' dir='ltr'>ita</span> 
     </span>
     <span class='ocr_line' id='line_1_34' title="bbox 65 3437 1166 3510; baseline -0.002 -14"><span class='ocrx_word' id='word_1_273' title='bbox 65 3449 97 3496; x_wconf 91' lang='lat' dir='ltr'>ut</span> <span class='ocrx_word' id='word_1_274' title='bbox 110 3455 195 3494; x_wconf 88' lang='lat' dir='ltr'>amor</span> <span class='ocrx_word' id='word_1_275' title='bbox 209 3438 350 3508; x_wconf 85' lang='lat' dir='ltr'>procedat</span> <span class='ocrx_word' id='word_1_276' title='bbox 365 3438 487 3510; x_wconf 90' lang='lat' dir='ltr'>quidem</span> <span class='ocrx_word' id='word_1_277' title='bbox 500 3457 517 3495; x_wconf 91' lang='lat' dir='ltr'>a</span> <span class='ocrx_word' id='word_1_278' title='bbox 531 3438 643 3495; x_wconf 90' lang='lat' dir='ltr'>visione</span> <span class='ocrx_word' id='word_1_279' title='bbox 657 3448 686 3495; x_wconf 90' lang='lat' dir='ltr'>et</span> <span class='ocrx_word' id='word_1_280' title='bbox 699 3438 737 3495; x_wconf 86' lang='lat' dir='ltr'>ad</span> <span class='ocrx_word' id='word_1_281' title='bbox 750 3445 858 3495; x_wconf 78' lang='lat' dir='ltr'>starum</span> <span class='ocrx_word' id='word_1_282' title='bbox 878 3437 1067 3496; x_wconf 89' lang='lat' dir='ltr'>beatitudinis</span> <span class='ocrx_word' id='word_1_283' title='bbox 1081 3438 1166 3509; x_wconf 87' lang='lat' dir='ltr'>perti-</span> 
     </span>
     <span class='ocr_line' id='line_1_35' title="bbox 63 3521 1167 3596; baseline 0 -14"><span class='ocrx_word' id='word_1_284' title='bbox 63 3534 144 3594; x_wconf 87' lang='lat' dir='ltr'>neat,</span> <span class='ocrx_word' id='word_1_285' title='bbox 159 3541 220 3580; x_wconf 93' lang='lat' dir='ltr'>non</span> <span class='ocrx_word' id='word_1_286' title='bbox 233 3534 332 3582; x_wconf 90' lang='lat' dir='ltr'>autem</span> <span class='ocrx_word' id='word_1_287' title='bbox 343 3525 381 3583; x_wconf 87' lang='lat' dir='ltr'>ad</span> <span class='ocrx_word' id='word_1_288' title='bbox 396 3527 460 3596; x_wconf 86' lang='lat' dir='ltr'>ejus</span> <span class='ocrx_word' id='word_1_289' title='bbox 473 3525 640 3583; x_wconf 84' lang='lat' dir='ltr'>essentiam.</span> <span class='ocrx_word' id='word_1_290' title='bbox 684 3527 801 3584; x_wconf 87' lang='lat' dir='ltr'>Etenim</span> <span class='ocrx_word' id='word_1_291' title='bbox 816 3525 969 3583; x_wconf 86' lang='lat' dir='ltr'>beatitudo</span> <span class='ocrx_word' id='word_1_292' title='bbox 984 3524 1113 3582; x_wconf 82' lang='lat' dir='ltr'>formalis</span> <span class='ocrx_word' id='word_1_293' title='bbox 1123 3521 1167 3582; x_wconf 83' lang='lat' dir='ltr'>est</span> 
     </span>
     <span class='ocr_line' id='line_1_36' title="bbox 62 3609 1165 3685; baseline 0.001 -16"><span class='ocrx_word' id='word_1_294' title='bbox 62 3609 261 3669; x_wconf 87' lang='lat' dir='ltr'>essentialiter</span> <span class='ocrx_word' id='word_1_295' title='bbox 275 3610 368 3682; x_wconf 86' lang='lat' dir='ltr'>prima</span> <span class='ocrx_word' id='word_1_296' title='bbox 381 3612 528 3670; x_wconf 89' lang='lat' dir='ltr'>assecutio</span> <span class='ocrx_word' id='word_1_297' title='bbox 542 3613 654 3669; x_wconf 88' lang='lat' dir='ltr'>Summi</span> <span class='ocrx_word' id='word_1_298' title='bbox 670 3615 763 3684; x_wconf 91' lang='lat' dir='ltr'>Boni;</span> <span class='ocrx_word' id='word_1_299' title='bbox 782 3614 863 3685; x_wconf 89' lang='lat' dir='ltr'>atqui</span> <span class='ocrx_word' id='word_1_300' title='bbox 881 3613 943 3670; x_wconf 85' lang='lat' dir='ltr'>haec</span> <span class='ocrx_word' id='word_1_301' title='bbox 957 3614 989 3670; x_wconf 90' lang='lat' dir='ltr'>fit</span> <span class='ocrx_word' id='word_1_302' title='bbox 1004 3614 1165 3685; x_wconf 72' lang='lat' dir='ltr'>peractum</span> 
     </span>
     <span class='ocr_line' id='line_1_37' title="bbox 62 3695 1165 3765; baseline 0.002 -11"><span class='ocrx_word' id='word_1_303' title='bbox 62 3695 244 3762; x_wconf 78' lang='lat' dir='ltr'>intellectus,</span> <span class='ocrx_word' id='word_1_304' title='bbox 260 3707 289 3754; x_wconf 91' lang='lat' dir='ltr'>et</span> <span class='ocrx_word' id='word_1_305' title='bbox 309 3715 369 3754; x_wconf 89' lang='lat' dir='ltr'>non</span> <span class='ocrx_word' id='word_1_306' title='bbox 389 3699 569 3765; x_wconf 89' lang='lat' dir='ltr'>voluntatis;</span> <span class='ocrx_word' id='word_1_307' title='bbox 595 3717 665 3756; x_wconf 88' lang='lat' dir='ltr'>nam</span> <span class='ocrx_word' id='word_1_308' title='bbox 680 3700 836 3758; x_wconf 87' lang='lat' dir='ltr'>Summum</span> <span class='ocrx_word' id='word_1_309' title='bbox 851 3701 969 3758; x_wconf 91' lang='lat' dir='ltr'>Bonum</span> <span class='ocrx_word' id='word_1_310' title='bbox 989 3710 1033 3757; x_wconf 89' lang='lat' dir='ltr'>est</span> <span class='ocrx_word' id='word_1_311' title='bbox 1053 3697 1165 3756; x_wconf 93' lang='lat' dir='ltr'>bonum</span> 
     </span>
    </p>
   </div>
   <div class='ocr_carea' id='block_1_6' title="bbox 59 3783 1167 4199">
    <p class='ocr_par' dir='ltr' id='par_1_7' title="bbox 59 3783 1167 4199">
     <span class='ocr_line' id='line_1_38' title="bbox 62 3783 1167 3860; baseline 0.004 -18"><span class='ocrx_word' id='word_1_312' title='bbox 62 3783 260 3855; x_wconf 83' lang='lat' dir='ltr'>intelligibile,</span> <span class='ocrx_word' id='word_1_313' title='bbox 272 3784 353 3855; x_wconf 92' lang='lat' dir='ltr'>quod</span> <span class='ocrx_word' id='word_1_314' title='bbox 367 3785 529 3856; x_wconf 86' lang='lat' dir='ltr'>acquiritur</span> <span class='ocrx_word' id='word_1_315' title='bbox 538 3804 598 3843; x_wconf 91' lang='lat' dir='ltr'>non</span> <span class='ocrx_word' id='word_1_316' title='bbox 609 3789 781 3860; x_wconf 87' lang='lat' dir='ltr'>appetendo</span> <span class='ocrx_word' id='word_1_317' title='bbox 792 3789 845 3848; x_wconf 89' lang='lat' dir='ltr'>sed</span> <span class='ocrx_word' id='word_1_318' title='bbox 860 3787 1066 3859; x_wconf 72' lang='lat' dir='ltr'>intelligendo,</span> <span class='ocrx_word' id='word_1_319' title='bbox 1085 3789 1167 3859; x_wconf 92' lang='lat' dir='ltr'>quod</span> 
     </span>
     <span class='ocr_line' id='line_1_39' title="bbox 62 3864 1166 3939; baseline 0.005 -17"><span class='ocrx_word' id='word_1_320' title='bbox 62 3875 147 3939; x_wconf 89' lang='lat' dir='ltr'>patet</span> <span class='ocrx_word' id='word_1_321' title='bbox 166 3884 202 3923; x_wconf 91' lang='lat' dir='ltr'>ex</span> <span class='ocrx_word' id='word_1_322' title='bbox 220 3864 390 3924; x_wconf 89' lang='lat' dir='ltr'>discrimine</span> <span class='ocrx_word' id='word_1_323' title='bbox 404 3867 486 3938; x_wconf 90' lang='lat' dir='ltr'>quod</span> <span class='ocrx_word' id='word_1_324' title='bbox 506 3877 549 3924; x_wconf 89' lang='lat' dir='ltr'>est</span> <span class='ocrx_word' id='word_1_325' title='bbox 569 3868 644 3926; x_wconf 87' lang='lat' dir='ltr'>inter</span> <span class='ocrx_word' id='word_1_326' title='bbox 657 3869 841 3929; x_wconf 73' lang='lat' dir='ltr'>intellectum</span> <span class='ocrx_word' id='word_1_327' title='bbox 856 3881 884 3928; x_wconf 94' lang='lat' dir='ltr'>et</span> <span class='ocrx_word' id='word_1_328' title='bbox 898 3871 1080 3928; x_wconf 89' lang='lat' dir='ltr'>voluntatem</span> <span class='ocrx_word' id='word_1_329' title='bbox 1099 3892 1104 3928; x_wconf 96' lang='lat'><strong>:</strong></span> <span class='ocrx_word' id='word_1_330' title='bbox 1125 3870 1166 3927; x_wconf 89' lang='lat' dir='ltr'>in-</span> 
     </span>
     <span class='ocr_line' id='line_1_40' title="bbox 61 3951 1166 4024; baseline 0 -14"><span class='ocrx_word' id='word_1_331' title='bbox 61 3951 198 4010; x_wconf 76' lang='lat' dir='ltr'>telledius</span> <span class='ocrx_word' id='word_1_332' title='bbox 212 3952 292 4009; x_wconf 91' lang='lat' dir='ltr'>enim</span> <span class='ocrx_word' id='word_1_333' title='bbox 312 3969 398 4010; x_wconf 86' lang='lat' dir='ltr'>suum</span> <span class='ocrx_word' id='word_1_334' title='bbox 418 3954 571 4024; x_wconf 75' lang='lat' dir='ltr'>objectum</span> <span class='ocrx_word' id='word_1_335' title='bbox 589 3954 627 4013; x_wconf 91' lang='lat' dir='ltr'>ad</span> <span class='ocrx_word' id='word_1_336' title='bbox 647 3971 678 4010; x_wconf 93' lang='lat' dir='ltr'>se</span> <span class='ocrx_word' id='word_1_337' title='bbox 698 3954 794 4020; x_wconf 84' lang='lat' dir='ltr'>trahit,</span> <span class='ocrx_word' id='word_1_338' title='bbox 810 3953 943 4024; x_wconf 91' lang='lat' dir='ltr'>illudque</span> <span class='ocrx_word' id='word_1_339' title='bbox 962 3953 1016 4010; x_wconf 90' lang='lat' dir='ltr'>sibi</span> <span class='ocrx_word' id='word_1_340' title='bbox 1039 3969 1166 4024; x_wconf 85' lang='lat' dir='ltr'>praesens</span> 
     </span>
     <span class='ocr_line' id='line_1_41' title="bbox 61 4037 1164 4112; baseline 0 -16"><span class='ocrx_word' id='word_1_341' title='bbox 61 4037 142 4108; x_wconf 85' lang='lat' dir='ltr'>lacit,</span> <span class='ocrx_word' id='word_1_342' title='bbox 160 4038 346 4110; x_wconf 91' lang='lat' dir='ltr'>proindeque</span> <span class='ocrx_word' id='word_1_343' title='bbox 364 4057 431 4096; x_wconf 88' lang='lat' dir='ltr'>vere</span> <span class='ocrx_word' id='word_1_344' title='bbox 452 4041 605 4112; x_wconf 86' lang='lat' dir='ltr'>possidet;</span> <span class='ocrx_word' id='word_1_345' title='bbox 624 4040 697 4097; x_wconf 85' lang='lat' dir='ltr'>dum</span> <span class='ocrx_word' id='word_1_346' title='bbox 711 4041 846 4097; x_wconf 84' lang='lat' dir='ltr'>voluntas</span> <span class='ocrx_word' id='word_1_347' title='bbox 867 4040 957 4108; x_wconf 81' lang='lat' dir='ltr'>fertur</span> <span class='ocrx_word' id='word_1_348' title='bbox 971 4039 999 4096; x_wconf 90' lang='lat' dir='ltr'>in</span> <span class='ocrx_word' id='word_1_349' title='bbox 1014 4039 1164 4112; x_wconf 72' lang='lat' dir='ltr'>objectum</span> 
     </span>
     <span class='ocr_line' id='line_1_42' title="bbox 59 4126 1166 4199; baseline -0.001 -15"><span class='ocrx_word' id='word_1_350' title='bbox 59 4135 144 4184; x_wconf 89' lang='lat' dir='ltr'>extra</span> <span class='ocrx_word' id='word_1_351' title='bbox 163 4141 202 4194; x_wconf 87' lang='lat' dir='ltr'>se,</span> <span class='ocrx_word' id='word_1_352' title='bbox 226 4142 281 4183; x_wconf 89' lang='lat' dir='ltr'>nec</span> <span class='ocrx_word' id='word_1_353' title='bbox 303 4126 469 4184; x_wconf 89' lang='lat' dir='ltr'>necessario</span> <span class='ocrx_word' id='word_1_354' title='bbox 488 4127 552 4197; x_wconf 88' lang='lat' dir='ltr'>ejus</span> <span class='ocrx_word' id='word_1_355' title='bbox 572 4127 792 4198; x_wconf 89' lang='lat' dir='ltr'>possessionem</span> <span class='ocrx_word' id='word_1_356' title='bbox 812 4127 964 4199; x_wconf 89' lang='lat' dir='ltr'>supponit.</span> <span class='ocrx_word' id='word_1_357' title='bbox 1013 4127 1105 4199; x_wconf 90' lang='lat' dir='ltr'>Quod</span> <span class='ocrx_word' id='word_1_358' title='bbox 1125 4127 1166 4184; x_wconf 91' lang='lat' dir='ltr'>sic</span> 
     </span>
    </p>
   </div>
   <div class='ocr_carea' id='block_1_7' title="bbox 62 4227 825 4336">
    <p class='ocr_par' dir='ltr' id='par_1_8' title="bbox 62 4227 825 4336">
     <span class='ocr_line' id='line_1_43' title="bbox 62 4227 825 4336; baseline 0.012 -20"><span class='ocrx_word' id='word_1_359' title='bbox 62 4227 217 4319; x_wconf 43' lang='grc' dir='ltr'>Ἶ-Θῖιίαῐ.</span> <span class='ocrx_word' id='word_1_360' title='bbox 235 4266 273 4331; x_wconf 93' lang='lat' dir='ltr'>ll,</span> <span class='ocrx_word' id='word_1_361' title='bbox 287 4281 328 4318; x_wconf 86' lang='lat'>20.</span> <span class='ocrx_word' id='word_1_362' title='bbox 343 4295 376 4303; x_wconf 90' lang='lat'>—-</span> <span class='ocrx_word' id='word_1_363' title='bbox 389 4267 399 4296; x_wconf 73' lang='lat'>²</span> <span class='ocrx_word' id='word_1_364' title='bbox 412 4268 442 4320; x_wconf 87' lang='lat' dir='ltr'>S.</span> <span class='ocrx_word' id='word_1_365' title='bbox 461 4268 555 4320; x_wconf 72' lang='lat' dir='ltr'>&#39;l&#39;hona</span> <span class='ocrx_word' id='word_1_366' title='bbox 569 4282 594 4321; x_wconf 89' lang='lat'>2.</span> <span class='ocrx_word' id='word_1_367' title='bbox 607 4283 632 4321; x_wconf 88' lang='lat'>2.</span> <span class='ocrx_word' id='word_1_368' title='bbox 645 4284 672 4336; x_wconf 92' lang='lat' dir='ltr'>q.</span> <span class='ocrx_word' id='word_1_369' title='bbox 687 4267 730 4332; x_wconf 81' lang='lat'>26,</span> <span class='ocrx_word' id='word_1_370' title='bbox 743 4284 769 4320; x_wconf 90' lang='lat' dir='ltr'>a.</span> <span class='ocrx_word' id='word_1_371' title='bbox 786 4281 825 4334; x_wconf 86' lang='lat'>13.</span> 
     </span>
    </p>
   </div>
   <div class='ocr_carea' id='block_1_8' title="bbox 0 0 1412 4664">
    <p class='ocr_par' dir='ltr' id='par_1_9' title="bbox 0 0 1412 4664">
     <span class='ocr_line' id='line_1_44' title="bbox 0 0 1412 4664; baseline 0 0"><span class='ocrx_word' id='word_1_372' title='bbox 0 0 1412 4664; x_wconf 95' lang='lat' dir='ltr'> </span> 
     </span>
    </p>
   </div>
  </div>
 </body>
</html>
