2776 4644
369 165 426 214 m:
444 164 604 214 onam
622 163 818 216 acrum.
1099 157 1144 207 49

41 343 156 420 grani:
181 344 304 426 priores
331 345 432 408 modo
459 344 621 419 absolut0,
649 343 848 424 posteriores
872 349 996 416 autem,
1022 339 1142 420 quibus

46 447 179 508 accessit
191 458 302 510 nostro
314 447 436 510 saeculo
449 446 596 522 Herrrres,
607 465 785 524 germanus
797 444 983 525 theologus,
995 462 1142 506 asseren-

45 547 85 608 do
90 549 231 629 gratiam
243 549 363 612 saltem
373 551 415 613 ad
426 551 556 612 initium
565 547 642 613 fidei
653 570 719 611 non
729 569 801 612 esse
811 546 1039 610 necessariam.
1050 544 1141 606 Pela·

45 651 214 729 gianorum
230 672 355 715 errores
369 652 541 718 Saciniani
550 637 587 714 ¹et
606 651 756 716 Um‘tarii
769 653 978 724 renovarunt,
990 645 1142 710 docendo

43 752 309 831 justificationem
326 755 406 817 nihil
423 755 512 818 aliud
529 775 601 819 esse
618 756 679 818 nisi
696 755 945 816 conversionem
962 753 1003 814 ad
1022 752 1142 826 Deum,

46 867 74 916 et
89 857 273 936 quemlibet
286 878 383 939 posse
400 859 541 940 propriis
553 859 677 921 viribus
690 859 731 920 ad
747 857 856 920 Deum
870 877 906 918 se
918 864 1110 919 convertere
1121 865 1140 916 ¹.

80 999 126 1065 50.
175 993 328 1050 1⁰Ttrests:
351 991 470 1054 Homo
487 991 611 1070 lapsus
633 1006 704 1053 non
726 993 847 1069 potest
862 987 972 1053 etiam
988 985 1140 1066 physice,

45 1085 115 1149 sine
128 1088 251 1168 gratia
264 1105 348 1151 vere
362 1087 627 1166 supernaturali
643 1084 914 1150 illuminationis
935 1087 972 1147 et
994 1082 1140 1161 inspira.

44 1182 146 1248 nonis
170 1191 252 1249 tum
278 1179 518 1263 preveniente
542 1191 620 1247 tum
646 1183 855 1260 comitante,
880 1179 1032 1259 positive
1059 1195 1142 1243 sese

45 1297 250 1359 preparare,
267 1287 447 1360 peractus
461 1281 767 1358 supernaturales,
782 1279 829 1342 ad
845 1275 1141 1357 justificationem

45 1378 343 1456 consequendam.
385 1379 515 1461 Dafida
530 1389 634 1442 estex
655 1378 796 1440 Yrr'dent.
812 1376 897 1439 infra
912 1375 1048 1438 citando
1063 1394 1140 1437 con-

45 1489 89 1540 tra
113 1482 313 1562 Pelagianos
335 1493 368 1544 et
386 1482 565 1545 Unitarios.
613 1483 744 1545 Dicitur
753 1481 889 1562 physica,
905 1480 983 1560 quia
1006 1479 1139 1560 quando

45 1581 145 1660 agitur
160 1583 204 1644 de
220 1583 376 1664 operibus
392 1583 697 1666 supernaturalibus
712 1583 814 1646 homo
829 1591 978 1646 versatur
989 1581 1021 1642 in
1036 1581 1140 1661 impo-

45 1685 142 1746 tentia
158 1705 228 1748 non
245 1685 352 1748 solum
369 1687 485 1748 morali
501 1688 559 1749 sed
576 1687 677 1750 etiam
695 1685 842 1766 physica,
854 1684 916 1746 nisi
928 1684 1035 1766 gratia
1048 1683 1140 1763 juve-

46 1794 100 1860 tur,
114 1807 220 1867 quum
240 1798 358 1868 agatur
380 1790 423 1850 de
446 1785 575 1852 aeribus
598 1789 654 1869 qui
677 1797 755 1851 sunt
777 1785 930 1850 absolute
948 1805 1047 1866 supra
1070 1785 1141 1865 ejus

45 1888 129 1951 vires.
180 1890 322 1972 Insuper
337 1892 444 1971 gratia
459 1911 535 1972 quae
551 1892 727 1972 requiritur
741 1900 793 1953 est
809 1890 915 1972 gratia
931 1909 1004 1952 vere
1017 1897 1048 1950 at
1061 1888 1142 1950 enti-

46 1994 139 2054 tative
151 1993 423 2074 supernaturalis,
439 2014 504 2056 non
521 2005 633 2058 autem
650 1993 795 2074 simplex
811 1990 973 2054 auxilium
991 1991 1140 2053 naturale

46 2094 238 2174 indebitum,
253 2097 333 2178 quia
349 2097 519 2162 facultates
536 2106 658 2159 nostrae
675 2097 827 2176 indigent
842 2095 965 2157 elevari
982 2095 1024 2157 ad
1046 2093 1140 2156 altio·

47 2216 106 2258 rem
137 2199 293 2262 ordinem
320 2209 357 2263 ut
381 2200 677 2282 supernaturaliter
703 2217 801 2278 agere
829 2197 964 2276 possint.
1012 2195 1141 2258 Dicitur

40 2299 179 2377 positive,
191 2302 271 2382 quia
285 2301 388 2364 homo
403 2311 515 2384 potest
530 2302 671 2384 propriis
685 2299 809 2362 viribus
825 2299 972 2379 negative
983 2316 1018 2358 se
1029 2298 1140 2378 dispo·

47 2419 115 2462 nere
144 2404 188 2466 ad
216 2404 370 2485 gratiam,
396 2404 600 2468 removendo
626 2402 752 2465 scilicet
778 2402 933 2481 quaedam
960 2399 1140 2476 obstacula,

46 2521 70 2563 v.
84 2524 111 2584 g.
127 2507 268 2569 vitando
286 2508 441 2587 quaedam
461 2515 606 2590 peccata,
622 2515 680 2568 aut
703 2504 914 2568 excludendo
930 2503 1067 2564 vitiosos
1083 2503 1140 2565 ha-

47 2605 126 2668 bitus
141 2621 217 2688 etc.;
244 2611 301 2672 sed
319 2609 426 2674 iacere
441 2611 556 2690 nequit
580 2609 635 2671 illa
658 2628 760 2690 opera
776 2606 1039 2688 supernaturalia
1054 2605 1139 2680 fidei,

46 2710 336 2787 spei,contrition'is
352 2731 427 2793 quae
443 2713 584 2794 positive
599 2713 641 2774 ad
656 2709 927 2791 justificationem
942 2718 1139 2790 praeparant.

48 2809 158 2876 Gratia
186 2825 312 2891 autem,
335 2835 410 2896 quae
435 2818 609 2897 requiritur
631 2837 692 2896 pro
713 2816 777 2878 illis
799 2815 856 2896 qui
879 2816 997 2895 quovis
1024 2813 1139 2876 habitu

46 2919 281 2994 supernaturali
301 2929 423 2996 carent,
438 2931 489 2983 est
512 2921 619 3002 gratia
643 2921 773 2982 interna
795 2929 828 2982 et
852 2919 986 2999 quidem
1003 2918 1140 2999 duplex,
1245 2919 1250 2929 '

46 3018 161 3082 scilicet
185 3020 365 3084 illustratio
388 3023 509 3086 mentis
532 3032 566 3084 et
589 3023 760 3102 inspiratio
777 3021 958 3082 voluntatis
970 3041 978 3096 ;
1001 3030 1140 3101 utraque

46 3122 126 3183 enim
150 3123 292 3186 facultas
315 3124 435 3186 elevari
463 3126 591 3206 indiget
615 3137 651 3187 ut
671 3123 965 3204 supernaturaliter
987 3133 1080 3202 agat;
1107 3132 1140 3184 et

46 3221 94 3282 illa
108 3227 216 3304 gratia
232 3246 294 3288 nos
310 3229 479 3308 praevenit,
495 3229 566 3308 pios
591 3237 699 3291 motus
724 3226 958 3289 indeliberatos
978 3225 1010 3287 in
1028 3237 1139 3288 mente

46 3330 216 3404 causand0,
232 3337 264 3390 et
287 3340 403 3409 postea
426 3348 486 3392 nos
509 3329 646 3408 adjuvat
662 3331 742 3390 dum
759 3326 852 3390 adius
868 3327 1068 3390 deliberatos
1083 3328 1139 3390 eli·

47 3425 149 3491 cimus.
165 3467 210 3477 -
227 3430 265 3492 In
283 3431 368 3494 thesi
390 3431 499 3512 agitur
515 3430 638 3494 direite
655 3432 697 3493 de
713 3431 943 3511 peccatoribus
960 3432 1002 3492 ad
1018 3429 1137 3510 justifi-

48 3531 203 3596 cationem
231 3553 267 3596 se
293 3534 574 3616 praeparantibus;
610 3535 667 3596 sed
696 3542 852 3595 notamus
880 3534 1013 3614 insuper
1036 3533 1138 3596 etiam

47 3628 154 3717 justos
166 3636 268 3698 etiam
286 3636 454 3698 habitibus
470 3637 775 3717 supernaturalibus
792 3633 978 3710 instruCioS,
991 3637 1138 3718 indigere

49 3737 143 3810 gratia
162 3736 283 3802 astuali
307 3741 349 3802 ad
374 3737 468 3802 ailus
491 3740 661 3815 salutares,
678 3749 714 3801 ut
730 3760 773 3800 ex
791 3739 940 3801 textibus
958 3739 1137 3820 Scripturae

51 3833 122 3898 inira
136 3841 280 3904 citandis
295 3841 382 3904 clare
398 3843 507 3923 colligi
525 3851 679 3923 potesre:
696 3843 785 3922 quod
803 3851 914 3904 tamen
931 3843 973 3904 de
990 3842 1054 3906 fide
1072 3865 1136 3906 non

52 3951 100 4012 est,
114 3945 169 4006 sed
186 3946 373 4007 communis
389 3954 423 4006 et
439 3966 516 4006 vcra
532 3942 690 4006 doiirina.

80 4141 122 4210 1Ι.
139 4148 245 4216 Clarke,
260 4114 380 4204 Orthod.
396 4166 422 4218 p.
443 4148 498 4216 185.

79 4225 223 4304 ’Plerique
240 4235 317 4290 enim
337 4245 428 4290 textus
447 4236 559 4304 allegati
577 4234 683 4292 directe
702 4234 832 4306 speiiant
847 4238 947 4306 justos,
965 4238 1012 4308 qui
1028 4239 1088 4308 jam
1108 4239 1135 4292 in

128 4349 248 4398 srrrorsrs
260 4351 305 4397 lll.
318 4366 371 4403 -a
