2752 4648
240 167 307 219 ³76
665 177 666 180 ’
689 169 829 220 CAPUT
846 169 888 218 11.

239 347 400 410 rotundus
421 348 531 429 quoad
552 346 692 411 formam
717 347 749 412 in
772 349 921 413 Ecclesia
944 349 1055 422 latina.
1075 357 1109 412 et
1131 348 1263 431 insuper
1276 368 1328 430 pro

238 447 425 512 celebrante
446 449 560 530 major,
582 450 614 512 in
636 460 800 532 quantum
822 450 892 514 lieri
914 461 1039 534 potest,
1059 453 1091 513 in
1117 472 1184 532 quo
1207 451 1326 532 signum
1363 505 1364 522 ,

237 553 342 615 crucis
357 553 401 616 sit
416 573 624 634 expressum,
641 573 707 616 non
727 551 849 618 fractus
866 575 927 619 nec
944 553 1139 618 maculatus.

625 713 661 764 2⁰
676 701 727 763 Dc
734 713 823 782 pane
837 723 956 782 azymo,
1363 703 1364 768 l

280 836 329 901 86.
374 833 434 915 (A)
450 835 480 896 Α
484 834 512 895 d
522 817 727 896 validitatem
740 859 752 899 :
773 833 900 898 Valide
912 832 1100 897 conficitur
1112 829 1326 896 Eucharistia
1363 825 1364 900 l

237 939 314 998 tum
330 933 366 997 in
380 951 507 1014 azymo
522 952 624 1013 pane,
639 940 718 999 tum
733 936 768 998 in
784 936 1009 1000 fermentato.
1055 936 1185 1018 Defide
1198 944 1249 1010 est,
1262 933 1324 995 Flo·
1363 931 1364 1020 ξ

238 1037 364 1100 rentino
386 1038 543 1101 dicente:
566 1038 769 1120 “definimus
792 1039 824 1101 in
849 1059 969 1120 azymo
992 1039 1061 1102 sive
1085 1039 1117 1101 in
1143 1038 1325 1100 fermentato
1363 1033 1364 1040 ’

237 1159 324 1219 pane
341 1139 470 1202 triticeo
487 1160 606 1220 corpus
623 1139 745 1204 Christi
763 1139 1056 1204 veraciter‘confici
1069 1141 1093 1204 ''.
1363 1213 1364 1216 Ἴ

237 1242 287 1320 (a)
303 1241 356 1304 Ex
364 1243 469 1323 praxi
482 1242 654 1306 Ecclesiae:
677 1264 696 1305 a
713 1244 827 1324 primis
843 1243 932 1306 e'nim
953 1243 1090 1318 saeculis
1110 1242 1256 1305 Ecclesia
1272 1239 1325 1301 La·
1363 1223 1364 1262 l

237 1345 307 1405 tina
323 1364 563 1425 nonnunquam
581 1344 699 1406 saltem
717 1365 803 1428 pane
820 1365 948 1427 azymo,
961 1345 1111 1407 Ecclesia
1125 1343 1240 1407 Graeca
1252 1361 1326 1423 pane

237 1446 437 1510 fermentato
452 1448 636 1528 generatim
654 1467 713 1510 usa
729 1459 788 1520 est.
806 1459 838 1511 et
861 1448 952 1511 nulla
968 1447 1030 1510 suit
1046 1447 1109 1509 hac
1124 1447 1167 1509 de
1184 1467 1217 1508 re
1232 1463 1325 1525 repre·

237 1548 354 1611 hensio
370 1560 447 1612 ante
464 1557 613 1630 tempora
634 1551 762 1626 Photii;
786 1551 854 1613 imo
876 1550 1032 1632 quaedam
1049 1549 1224 1612 orientales
1240 1543 1326 1608 setta

238 1671 358 1732 azymo
381 1651 557 1714 utebantur
579 1651 658 1714 feria
682 1653 712 1716 V
736 1652 871 1733 majoris
893 1652 1141 1731 hebdomadae;
1165 1649 1326 1714 Maronitae

238 1763 348 1816 autem
367 1764 400 1815 ct
417 1753 557 1816 Armeni
581 1756 802 1818 communiter
826 1756 943 1817 eodem
968 1764 1108 1817 utuntur
1131 1773 1225 1835 pane,
1240 1752 1326 1830 idque
1363 1773 1364 1806 l

237 1875 281 1918 ex
309 1856 447 1937 antiqua
475 1875 543 1917 suae
571 1856 717 1918 ccclesiae
745 1859 968 1932 traditione¹;
1003 1857 1095 1938 atqui
1125 1847 1199 1918 talis
1227 1851 1325 1936 praxis
1363 1823 1364 1916 l

174 2031 177 2038 ⁴
237 1960 446 2022 demonstrat
471 1958 615 2021 validam
644 1980 716 2022 esse
741 1973 916 2044 utramque
944 1960 1088 2042 speciem
1113 1959 1215 2040 panis,
1237 1972 1325 2037 quum

240 2062 391 2125 Ecclesia
407 2081 515 2124 errare
530 2082 597 2124 non
614 2065 760 2143 potuerit
776 2065 862 2127 circa
875 2085 944 2126 rem
958 2063 1043 2127 tanti
1057 2062 1216 2125 momenti
1230 2081 1237 2135 ;
1251 2076 1324 2137 ergo.
1363 2091 1364 2162 q

237 2164 288 2246 (b)
312 2163 368 2226 Ad
393 2163 539 2227 validam
566 2163 784 2228 Eucharistiae
807 2165 1092 2228 consecrationem
1116 2161 1281 2245 requiritur
1297 2165 1324 2217 et
1363 2203 1364 2212 a

238 2265 358 2329 sufficit
382 2267 478 2348 panis
500 2287 619 2343 verus;
654 2269 745 2349 atqui
770 2280 916 2350 uterquc,
941 2268 1010 2329 sive
1034 2267 1246 2329 fermentatus
1267 2261 1323 2322 sive

237 2389 385 2450 azymus,
401 2379 452 2432 est
469 2389 563 2431 verus
581 2371 697 2450 panis;
721 2391 807 2452 ergo.
1363 2397 1364 2480 q

283 2471 394 2533 Latini
411 2472 594 2552 generatim
612 2493 732 2552 azymo
748 2494 834 2554 pane
852 2473 901 2535 usi
919 2481 997 2534 sunt
1013 2481 1085 2534 tum
1098 2471 1141 2533 ad
1155 2467 1323 2550 exprimen·
1363 2487 1364 2551 l

238 2574 316 2636 dam
335 2572 513 2654 puritatem
538 2572 570 2634 in
595 2574 775 2653 recipiente
792 2575 993 2656 requisitam,
1009 2583 1081 2635 tum
1098 2572 1177 2653 quia
1193 2569 1322 2634 Christus

240 2674 391 2737 adhibuit
408 2693 545 2754 azymos
561 2694 673 2754 panes,
686 2677 742 2758 qui
759 2677 820 2739 soli
838 2675 1116 2758 permittebantur
1128 2694 1189 2755 pro
1200 2669 1324 2734 celebra·

240 2780 330 2842 tione
349 2777 493 2853 Paschae,
508 2786 542 2840 et
559 2778 693 2860 insuper
716 2788 753 2841 ut
777 2778 904 2840 lacilius
921 2779 1121 2858 incorruptae
1138 2783 1324 2838 servarentur

241 2902 343 2944 sacra¹
359 2881 496 2962 species.
1123 2931 1126 2938 r

282 2983 332 3061 87.
382 2979 448 3068 (B)
467 2981 529 3045 Ad
546 2981 725 3044 lr'ceitatem.
770 2980 821 3061 (a)
839 2979 946 3044 Graeci
972 2980 1114 3060 inpane
1139 2977 1325 3042 sermentato

242 3085 353 3147 Latini
379 3087 410 3147 in
435 3104 522 3165 pane
541 3104 661 3165 azymo
683 3082 745 3145 sub
764 3084 854 3162 gravi
877 3099 1069 3144 consecrare
1089 3079 1221 3142 debent.
1264 3075 1324 3136 lloc

241 3197 355 3269 aperte
378 3197 510 3250 constat
537 3209 580 3250 ex
607 3186 640 3252 C.
663 3186 750 3248 Flor.
773 3186 928 3247 dicente:
951 3181 1180 3246 “Sacerdotes
1207 3176 1324 3242 Domini
1363 3203 1364 3252 i

241 3311 361 3372 corpus
377 3290 539 3354 conficere
555 3290 685 3362 debere,
698 3307 969 3369 unumquemque
983 3285 1083 3366 juxta
1099 3303 1168 3347 suae
1186 3279 1323 3346 Ecclesiae

242 3486 358 3539 damnat
372 3493 507 3554 tanquam
520 3484 640 3536 abusum
653 3481 887 3537 consuetudinem
905 3483 1091 3537 consecrandi
1105 3482 1212 3538 hostias
1224 3498 1240 3534 a
1252 3479 1323 3532 tribus

242 3583 396 3643 quatuorve
409 3571 554 3625 mensibus
567 3569 722 3624 coniectas.

277 3661 285 3684 ¹
299 3659 341 3712 ef.
356 3659 494 3722 illartene,
508 3673 553 3726 op.
569 3655 614 3710 cit.
629 3657 646 3709 l.
662 3657 684 3722 l,
698 3673 721 3710 c.
736 3669 791 3722 μ
805 3669 830 3720 7,
844 3671 872 3708 n.
889 3656 918 3707 18
932 3671 972 3724 sq.
978 3673 986 3724 3
1001 3655 1142 3720 Charcha,
1160 3653 1275 3709 Histoire
1285 3649 1324 3703 des

242 3747 431 3811 Sacremenrs,
448 3744 494 3800 ed.
511 3745 619 3815 Mr'gne,
637 3760 664 3812 p.
681 3749 740 3808 246.
779 3744 888 3797 Revera
907 3742 934 3798 in
953 3741 1034 3797 Attis
1052 3744 1161 3812 Synodi
1182 3741 1279 3797 Montis
1291 3735 1324 3789 Li·

242 3833 318 3897 bani,
337 3849 362 3884 a.
382 3833 458 3901 1736,
479 3832 598 3899 legitur:
620 3829 701 3897 “Qui
723 3843 784 3881 mos
804 3827 882 3894 (usus
901 3827 984 3895 panis
1003 3827 1105 3896 azymi)
1123 3839 1152 3883 et
1171 3829 1198 3881 in
1218 3819 1323 3879 Ecclesil

243 3919 340 3974 nostra
353 3929 381 3972 et
394 3918 470 3987 apud
483 3920 623 3973 Armenos
642 3933 753 3986 quoque
767 3915 795 3967 in
811 3914 928 3968 Oriente
941 3915 978 3968 ab
993 3912 1207 3969 immemorabili
1220 3921 1323 3976 tempore

243 4001 382 4068 obtinuit;
401 4013 429 4057 et
442 4003 604 4057 authentica
617 4003 702 4056 etiam
724 4002 805 4070 hujus
823 3999 861 4053 rei
879 4001 1051 4056 documenta
1064 4000 1187 4068 prolerre
1200 4005 1322 4068 possumus
1363 4027 1364 4066 3

244 4089 281 4142 ad
295 4089 511 4154 ostendendum,
522 4090 550 4141 in
564 4089 680 4157 Syriaca
693 4088 790 4142 nostra
800 4086 939 4152 Ecclesia
948 4101 1107 4156 arianorum
1120 4101 1201 4140 usum
1211 4084 1262 4153 jam
1274 4075 1322 4130 inde
1363 4107 1364 4169 q

245 4175 282 4227 ab
305 4174 419 4226 ineunte
442 4183 520 4227 sexto
542 4173 644 4226 Christi
668 4173 771 4226 saeculo
793 4171 916 4240 viguisse
926 4173 948 4226 ”.
992 4163 1319 4239 (collau.Lacem.r.11.

247 4277 272 4327 r·
291 4261 360 4326 190·)
1363 4249 1364 4342 l
