2738 4646
207 171 262 220 DE
281 171 496 222 MYS'I‘ERIO
516 171 789 221 PRAESENTIAE
809 172 971 222 nunus.
1075 171 1140 225 ³3³

54 349 235 413 cumbarum
263 351 444 432 parietibus
472 349 644 431 pingitur:
685 350 866 431 aliquando
893 351 1054 433 liguratur
1082 372 1140 434 per

53 471 104 512 rus
116 451 193 513 iam
200 453 344 533 plenum,
360 452 467 515 nimbo
481 462 667 514 coronatum
679 477 693 526 ,·
714 452 865 534 jamvero
877 454 1011 518 nimbus
1023 465 1073 518 est
1089 453 1138 518 di·

52 540 187 616 vinitatis
204 556 394 636 symbolum
412 565 446 618 et
463 555 584 617 realem
603 554 725 619 Christi
748 557 959 637 praesentiam
978 557 1139 636 denotat3

51 657 119 719 alibi
135 668 390 739 repraesentatur
402 660 465 722 sub
482 659 587 721 forma
604 659 703 740 piscis
716 659 780 721 vivi
798 659 981 723 innatantis
998 663 1090 742 aquis
1105 672 1140 724 et

51 781 138 840 super
151 762 287 824 dorsum
313 762 448 825 serentis
463 761 645 825 canistrum
670 762 702 824 in
726 782 793 844 quo
814 763 1028 827 continentur
1043 764 1139 845 panis

51 875 80 925 et
94 865 225 941 vinum;
252 869 341 948 pisce
359 867 527 931 Christum
544 865 711 948 designari
736 885 836 928 nemo
856 875 907 929 est
929 866 986 946 qui
1011 865 1140 948 ignoret

50 967 108 1044 (De
123 969 268 1031 Sacram.
285 969 374 1050 21)¹,
389 969 596 1052 proindeque
620 969 694 1032 idea
718 969 763 1031 ibi
787 988 947 1049 expressa
970 979 1021 1032 est
1045 967 1138 1032 Chri-

50 1080 128 1134 stum
144 1093 219 1135 vere
234 1074 396 1136 contineri
414 1074 476 1136 sub
492 1073 665 1154 speciebus
681 1073 777 1154 panis
793 1081 826 1134 et
842 1071 909 1133 vini
920 1081 941 1133 2.

241 1213 303 1269 iv.
329 1213 567 1282 argumento
594 1209 934 1283 praescriptionis„

86 1349 131 1413 33
185 1337 313 1401 Eadem
346 1338 506 1401 methodo
537 1348 670 1402 utemur
694 1343 761 1419 qua
792 1337 841 1400 usi
873 1358 987 1400 sumus
1014 1338 1070 1400 ubi
1100 1338 1139 1402 de

52 1439 186 1502 Sacram.
203 1442 280 1520 (23).

87 1542 216 1608 Certum
233 1554 284 1605 est
300 1564 373 1607 saec.
387 1544 448 1616 XI,
461 1545 598 1624 quando
613 1564 654 1605 sc.
667 1542 886 1624 Berengarius
901 1563 1022 1624 negare
1038 1544 1138 1624 coepit

50 1647 210 1709 ceritatem
228 1647 324 1708 realis
348 1647 543 1727 praesentiae,
559 1647 684 1728 dogma
707 1646 788 1709 illud
810 1644 880 1727 jam
906 1645 938 1707 in
963 1645 1137 1710 universali

51 1747 187 1810 Ecclesia
205 1749 305 1811 luisse
321 1750 491 1812 creditum.
547 1750 632 1813 Illud
657 1759 789 1813 constat
804 1769 848 1811 ex
865 1749 1013 1812 unanimi
1038 1750 1138 1812 recla-

6 1833 7 1914 ἶ
50 1852 184 1914 matiohe
200 1873 275 1933 quae
293 1862 371 1914 tunc
388 1862 507 1915 exorta
526 1864 576 1914 est
598 1853 744 1934 undique
760 1861 876 1914 contra
893 1852 1139 1933 Berengarium,

49 1971 85 2012 ex
101 1955 210 2018 multis
227 1952 416 2018 auctoribus
433 1937 620 2036 quistatim
638 1953 709 2035 ejus
726 1975 868 2016 errorem
891 1955 1137 2036 impugnarunt,

50 2065 76 2117 ct
92 2058 261 2120 manifeste
277 2057 487 2122 declararunt
502 2079 560 2140 per
577 2058 638 2120 hoc
655 2055 848 2120 universalis
862 2056 1021 2118 Ecclesiae
1038 2056 1136 2144 fidem

50 2157 163 2222 destrui
173 2174 195 2236 i,
211 2181 256 2224 ex
278 2161 426 2223 conciliis
449 2181 524 2241 quae
546 2161 616 2241 ejus
638 2179 781 2223 errorem
804 2151 1079 2233 condemnarunt,
1093 2179 1138 2221 ex

51 2259 112 2341 ipsa
128 2263 334 2326 confessione
351 2285 531 2345 paucorum
550 2263 741 2345 Berengarii
758 2261 997 2343 discipulorum
1013 2261 1069 2341 qui
1092 2261 1138 2325 fa·

50 2365 194 2429 tebantur
210 2367 394 2429 Ecclesiam
418 2367 479 2430 hac
495 2370 537 2430 de
559 2388 593 2429 re
612 2367 798 2448 usquedum
816 2365 984 2440 erravisse,
1001 2365 1137 2428 tandem

80 2544 142 2597 ¹Ait
162 2543 235 2597 enim
249 2544 432 2612 Anauslinus
448 2542 506 2610 (De
521 2543 604 2597 Civit.
622 2543 685 2606 Dei,
702 2544 719 2595 i.
737 2543 849 2609 XVIII,
864 2559 887 2596 c.
905 2541 950 2611 23)
968 2559 974 2594 ε
996 2543 1139 2596 “Horum

51 2641 132 2684 autem
151 2631 273 2702 quinque
296 2631 444 2684 verborum
465 2648 527 2700 quae
553 2644 618 2684 sunt
638 2632 732 2692 Ιησοῦς
751 2625 861 2696 Χριστός
879 2631 948 2680 θεου
967 2624 1025 2688 Υἱὸς
1043 2627 1138 2698 Σωτήρ

50 2715 125 2784 (quod
138 2728 180 2771 esi
193 2718 279 2772 latine
287 2719 374 2784 lesus
388 2717 519 2771 Clrrr'slus
531 2719 589 2770 Dei
599 2717 696 2770 Filius
709 2716 866 2782 Salvator),
877 2715 901 2768 si
915 2716 1019 2784 primas
1032 2717 1138 2772 litteras

48 2801 147 2870 jungas,
168 2805 218 2858 erit
240 2798 321 2867 lauit,
344 2804 372 2856 iri
398 2813 440 2857 est
466 2804 560 2871 piscis,
582 2802 611 2856 in
631 2819 687 2872 quo
706 2801 820 2855 nomine
839 2801 957 2870 mystice
977 2801 1139 2870 intelligitur

53 2887 196 2944 Christus”.

79 2973 173 3030 2Αἰὶαε
187 2977 374 3030 Eucharistiae
394 2975 516 3046 pitiuras
536 2985 666 3030 accurate
686 2973 819 3029 describit
825 2975 858 3042 J.
876 2975 1004 3044 Wr'lperl,
1021 2973 1132 3030 Fradlio

52 3065 127 3129 panis,
146 3065 219 3132 1895.

79 3147 259 3220 ³Petpe'ruitl
272 3151 306 3202 de
324 3150 354 3202 la
372 3150 434 3218 Foi,
457 3151 500 3204 ed.
519 3149 624 3218 MIgne,
647 3159 664 3203 t.
686 3150 708 3212 1,
729 3165 756 3217 p.
776 3162 806 3217 15
827 3165 885 3217 sq,;
911 3149 1087 3212 Lieberman‚
1103 3151 1139 3204 de

54 3234 94 3287 SS.
110 3237 227 3290 Euchar.
243 3237 435 3302 sacramente,
450 3253 471 3289 c.
490 3237 511 3300 i,
522 3254 547 3288 a.
568 3251 591 3300 ¹3
613 3235 721 3300 Fredei,
732 3251 777 3302 op.
792 3234 837 3288 cit.
851 3252 878 3303 p.
892 3246 937 3304 35;
956 3235 989 3288 rie
1000 3236 1138 3305 Angusti-

54 3321 97 3380 m‘s,
108 3337 149 3390 op.
164 3321 210 3374 cit.
227 3337 254 3388 p.
272 3332 312 3384 77.

81 3404 88 3433 ⁴
101 3407 243 3460 Scribebat
257 3405 332 3459 enim
346 3407 499 3475 Lunsrmrc,
514 3406 647 3474 Archiep.
666 3405 868 3459 Cantuarensis
882 3404 929 3472 (de
943 3421 1018 3474 corp.
1035 3417 1063 3458 et
1076 3423 1138 3458 san·

54 3491 123 3555 guina
137 3490 263 3558 Domini,
271 3509 295 3545 c.
307 3493 362 3559 22),
377 3492 577 3560 BerengarIum
590 3493 736 3560 alloquens
754 3510 759 3544 :
780 3492 835 3543 “Si
852 3507 946 3543 rerum
960 3501 1001 3544 est
1015 3491 1089 3559 quod
1104 3491 1138 3544 de

55 3591 154 3645 corpore
164 3578 267 3633 Christi
282 3589 311 3632 tu
324 3577 416 3632 credis
429 3589 456 3631 et
471 3578 582 3645 astruis,
591 3578 692 3630 salsum
703 3587 746 3631 est
760 3577 834 3646 quod
849 3576 885 3628 ab
895 3575 1024 3630 Ecclesia
1036 3576 1139 3646 ubique

54 3663 163 3727 gentium
177 3664 326 3719 decadem
341 3681 370 3719 re
383 3665 506 3719 creditur
518 3675 546 3718 et
559 3665 701 3718 astruitur.
742 3664 849 3716 Omnes
863 3663 938 3716 enim
952 3661 998 3732 qui
1013 3663 1139 3717 christia·

6 3753 8 3812 i
55 3762 135 3804 nosse
147 3764 173 3806 et
187 3769 250 3805 esse
264 3761 291 3804 et
305 3750 359 3804 dici
380 3753 519 3814 laetantur,
535 3768 630 3804 verarn
646 3751 749 3804 Christi
770 3766 893 3810 carnem,
909 3764 1061 3817 verumque
1080 3749 1140 3818 ejus

56 3838 212 3906 sanguinem,
222 3849 341 3907 utraque
354 3849 466 3906 sumpta
476 3839 512 3891 de
521 3839 646 3906 Virgine,
656 3837 683 3890 in
698 3837 751 3890 hoc
762 3836 947 3888 Sacramento
957 3851 986 3889 se
996 3836 1139 3905 percipere

6 3935 7 3946 ¹
55 3919 200 3984 gloriantur.
233 3925 378 3992 Interroga
392 3925 537 3978 universos
548 3925 594 3994 qui
609 3926 704 3978 latinae
717 3923 821 3990 linguae
831 3932 1024 3976 nostrarumve
1037 3923 1139 3977 littera·

56 4023 105 4060 rum
118 4013 241 4066 notitiam
256 4022 448 4080 perceperunt.
485 4013 630 4079 interroga
642 4012 766 4076 Graecos,
776 4013 924 4076 Armenos,
933 4027 981 4064 seu
993 4011 1139 4079 cujuslibet

56 4095 160 4152 nationis
178 4098 347 4153 christianos
366 4115 560 4168 quoscumque
580 4098 717 4151 homines.
760 4097 826 4150 Uno
846 4112 894 4151 ore
913 4098 986 4150 lianc
1006 4097 1089 4151 fidem
1110 4115 1140 4152 se

57 4186 177 4238 testantur
190 4185 302 4239 habere.
342 4187 428 4238 Porro
442 4184 465 4238 si
478 4183 645 4238 universalis
660 4183 797 4238 Ecclesiae
811 4183 880 4238 fides
894 4184 965 4238 salsa
977 4183 1079 4247 existit,
1093 4193 1140 4236 aut

57 4279 183 4337 nunquam
196 4272 247 4327 suit
261 4272 408 4326 Catholica
422 4271 560 4334 Ecclesia,
576 4281 623 4324 aut
636 4271 746 4340 periit'’.
