2780 4646
249 139 293 189 94
704 139 844 192 CAPUT
861 140 905 190 11.

247 320 386 400 praefata
397 321 498 383 verba
514 320 656 395 referret,
669 322 712 384 de
727 322 844 384 eadem
860 321 1064 402 Magdalena
1075 322 1230 385 dixerat:
1253 329 1268 354 “
1279 324 1334 385 Re·

248 421 425 485 mittuntur
447 423 476 484 ei
503 431 641 504 peccata
665 424 779 498 multa,
803 425 961 505 quoniam
988 423 1104 487 dilexit
1131 426 1271 488 multum
1285 426 1297 449 '’
1311 437 1334 496 Ι;

247 523 347 606 igitur
366 523 559 605 justificatio
583 545 648 587 non
677 527 787 589 minus
810 523 992 600 dilefitioni,
1008 547 1064 588 seu
1088 528 1229 601 caritati,
1244 547 1333 607 quam

246 623 322 688 fidei
342 627 523 691 ascribitur.
571 628 672 691 Ratio
696 639 809 692 autem
828 649 885 691 cur
902 629 1074 711 Scriptura
1089 639 1159 692 tam
1177 650 1266 711 saepe
1287 650 1334 690 ne-

245 729 432 792 cessitatem
451 728 527 792 fidei
545 730 689 793 inculcat
704 741 763 805 est,
774 732 852 812 quia
869 730 951 794 fides
967 741 1018 794 cst
1034 751 1147 794 revera
1162 737 1178 763 “
1191 732 1333 795 humanae

245 829 361 892 salutis
371 831 771 906 initium,fundamentum
783 842 817 895 et
830 834 926 896 radix
937 835 1047 895 omnis
1056 833 1332 915 justificationis”².

245 931 311 1012 Qui
328 931 428 995 fidem
450 933 560 1008 habet,
575 955 616 996 eo
633 936 705 1016 ipso
721 945 850 998 ceteras
867 937 1077 998 conditiones
1093 946 1333 1016 cognoscereet

244 1037 374 1117 assequi
392 1047 512 1118 potest,
521 1040 601 1101 dum
619 1040 674 1119 qui
692 1044 730 1101 ca
747 1049 845 1112 caret,
859 1039 941 1100 alias
957 1059 1018 1101 nec
1035 1041 1128 1101 novit
1144 1060 1205 1101 nec
1221 1040 1331 1100 habere

244 1149 355 1218 potcst
365 1165 373 1218 ;
399 1161 465 1203 non
482 1151 532 1204 est
549 1142 649 1222 igitur
665 1144 785 1204 mirum
802 1143 828 1204 si
846 1141 936 1216 fides
952 1163 1027 1222 quae
1051 1143 1137 1204 inter
1152 1143 1331 1223 dispositio-

244 1261 301 1305 nes
317 1244 359 1305 ad
374 1242 647 1322 justificationem
664 1254 715 1307 est
726 1245 842 1306 ordine
853 1245 1021 1326 prima-cx
1034 1249 1100 1324 qua
1112 1255 1230 1306 ceterae
1245 1263 1330 1306 suam

243 1342 423 1407 efficaciam
440 1347 601 1420 derivant,
617 1358 650 1408 et
666 1349 737 1409 sine
752 1351 818 1428 qut
834 1347 908 1408 aliae
925 1348 1086 1408 exsistere
1109 1367 1176 1409 non
1193 1355 1331 1428 possunt.

243 1454 311 1507 tam
337 1467 427 1529 saepe
451 1459 661 1522 memoretur,
677 1450 853 1529 eidemque
876 1449 1067 1511 tribuantur
1082 1469 1200 1511 omnes
1221 1449 1330 1529 justifi-

242 1549 382 1611 cationis
403 1549 550 1626 efiettus,
571 1553 755 1632 praesertim
781 1572 883 1632 quum
907 1571 997 1633 saepe
1020 1552 1081 1614 sub
1106 1553 1240 1614 nomine
1262 1551 1330 1614 fidei

242 1647 435 1731 designetur
451 1673 516 1714 non
533 1653 641 1715 solum
658 1655 762 1716 virtus
779 1655 851 1734 ipsa
868 1653 954 1727 fidei,
970 1654 1028 1715 sed
1045 1663 1110 1715 tota
1130 1653 1243 1734 relegio
1256 1654 1330 1714 cleri·

240 1753 351 1815 str'czna
363 1767 384 1815 3.

287 1904 353 1954 121.
401 1892 461 1974 (B)
478 1893 586 1955 Totus
601 1905 653 1955 est
669 1893 701 1958 S.
720 1893 851 1966 Paulus,
868 1893 1051 1973 praescrtim
1077 1892 1109 1952 in
1132 1891 1278 1972 epistolis
1294 1891 1329 1952 ad

241 1991 335 2055 Rom.
356 2004 390 2056 et
416 1997 458 2057 ad
479 1995 624 2069 Galatas,
641 1998 673 2057 in
701 1996 904 2058 declarando
926 1994 1031 2055 solam
1056 1991 1156 2054 fidem
1183 1993 1329 2064 sufficere,

241 2094 366 2176 absque
382 2098 547 2177 operibus,
563 2121 591 2162 v.
609 2119 638 2180 g.
655 2105 671 2130 ‘⁴
685 2098 899 2161 Arbitramur
924 2098 1012 2159 enim
1035 2095 1208 2176 justificari
1233 2096 1330 2156 horni-

241 2216 316 2258 nem
335 2218 393 2279 per
408 2199 508 2262 fidem
521 2201 592 2262 sine
608 2200 763 2281 operibus
774 2199 816 2260 ’¹4.
862 2200 954 2278 Resp.
974 2195 1026 2283 (a)
1038 2198 1165 2260 Nullibi
1182 2199 1329 2260 asseritur

241 2299 272 2359 in
291 2300 322 2364 S.
343 2302 446 2364 Paulo
457 2303 560 2382 fiderit
585 2303 686 2364 solam
708 2302 750 2364 ad
772 2302 1045 2383 justificationem
1071 2299 1236 2377 sufficere;
1268 2321 1327 2361 vox

239 2401 306 2462 sola
322 2423 342 2463 a
357 2404 499 2465 Lutleero
517 2406 631 2466 addita
653 2404 722 2478 suit,
739 2405 771 2465 in
790 2403 957 2468 Germana
979 2403 1207 2480 translatione,
1223 2404 1278 2465 sed
1301 2405 1327 2463 in

241 2512 336 2566 textu
355 2526 420 2567 non
438 2507 613 2580 invenitur,
629 2516 666 2567 ut
682 2507 782 2568 hodie
797 2508 1025 2567 Protestantes
1042 2504 1220 2566 latenturs.
1267 2504 1327 2565 Nec

240 2615 351 2685 potest
366 2607 431 2669 dici
449 2607 538 2669 illam
555 2628 671 2670 vocem
689 2609 828 2669 inveniri
845 2608 954 2688 quoad
978 2626 1123 2681 sensum,
1140 2617 1177 2669 ut
1200 2617 1327 2668 conten·

239 2707 324 2770 dunt
339 2710 534 2790 adversarii;
561 2731 638 2772 nam
655 2712 772 2772 asserit
788 2712 923 2792 quidem
942 2709 972 2772 S.
992 2709 1114 2771 Paulus
1131 2707 1232 2771 fidem
1248 2707 1327 2770 suffi-

239 2830 311 2872 ccre
327 2812 369 2874 ad
386 2813 537 2886 salutem,
550 2814 607 2874 sed
626 2812 724 2875 fidem
743 2833 762 2873 a
777 2814 915 2875 caritate
931 2811 1109 2874 formatam
1124 2811 1226 2891 juxta
1236 2811 1326 2873 illud:

239 2917 254 2944 ‘¹
266 2913 354 2976 Nam
368 2916 401 2976 in
413 2915 546 2978 Christo
557 2916 635 2995 Jesu
648 2935 755 2995 neque
766 2915 971 2977 circumcisio
984 2913 1107 2994 aliquid
1122 2914 1219 2990 valet,
1231 2931 1327 2993 neque

238 3019 448 3097 praeputium,
460 3018 517 3079 sed
532 3015 613 3079 fides
626 3038 701 3097 quae
708 3019 945 3097 percarirarem
959 3029 1112 3098 operatur
1123 3018 1166 3081 ’'⁶.
1199 3019 1325 3100 Duplex

238 3115 338 3196 igitur
352 3120 511 3199 distingui
534 3120 634 3182 debet
651 3118 758 3182 fides:
794 3119 875 3182 fides
899 3123 990 3184 nuda
1013 3133 1045 3185 et
1067 3123 1261 3202 imperfecta,
1276 3139 1324 3182 seu

272 3315 359 3374 ¹Luc.
376 3319 445 3384 Vll,
457 3333 499 3385 47.
516 3317 570 3358 -Ι
584 3321 610 3372 T
607 3321 721 3386 rident,
732 3337 799 3373 sess.
810 3321 834 3372 V
839 3323 849 3372 l
854 3362 860 3387 ,
871 3338 931 3390 cap.
946 3323 969 3374 8.

272 3403 370 3460 ³Rom.
390 3408 411 3471 l,
425 3409 449 3460 8.
491 3407 574 3474 Quod
597 3407 697 3460 eruditi
720 3409 912 3462 Protestantes
933 3409 1018 3462 etiarn
1039 3407 1201 3476 admittunt,
1215 3419 1244 3462 ut
1263 3427 1286 3460 v.
1300 3426 1322 3474 i,-

237 3493 360 3560 Srmday‚
378 3493 536 3546 Comment.
553 3509 588 3544 on
605 3493 740 3558 Romans
755 3511 781 3562 p.
798 3492 887 3548 2sz.

270 3579 365 3632 iRom.
383 3579 437 3646 ΙΙΙ,
452 3581 493 3632 28.

270 3665 371 3730 ⁵Quod
389 3666 449 3734 jam
465 3666 603 3718 Lutherus
624 3664 705 3719 lateri
726 3666 841 3720 coactus
860 3679 925 3721 est:
956 3669 1061 3720 “Bene
1074 3667 1142 3719 mihi
1157 3677 1254 3720 notum
1273 3673 1323 3720 erat
1375 3693 1376 3756 q

234 3767 332 3803 vocem
344 3753 404 3803 sula
418 3752 444 3803 in
458 3762 534 3805 textu
548 3752 634 3805 latino
646 3765 674 3804 et
687 3769 779 3820 graeco
792 3753 962 3821 desiderari;
983 3771 1034 3807 nec
1048 3755 1169 3822 Papistae
1183 3755 1251 3808 mihi
1263 3768 1323 3823 opus

235 3847 313 3890 erant
327 3849 355 3889 ut
373 3839 426 3890 hoc
439 3839 548 3891 scirem.
588 3839 693 3891 Verum
707 3851 749 3892 est
763 3841 847 3893 hasce
859 3851 979 3908 quatuor
991 3841 1086 3894 literas
1098 3843 1158 3893 solo
1171 3841 1209 3894 ibi
1223 3859 1277 3895 non
1291 3841 1324 3892 in·

233 3922 362 3976 veniri
377 3933 406 3976 at
425 3923 452 3975 hi
473 3940 528 3976 non
543 3923 638 3977 rident
658 3925 808 3994 quomodo,
826 3926 956 3979 omnibus
978 3926 1080 3992 invitis,
1093 3927 1154 3981 haec
1168 3945 1222 3981 vox
1242 3910 1322 3982 textus

234 4027 347 4064 sensum
366 4011 471 4078 optimc
492 4011 628 4078 exprimat
639 4009 662 4064 ''.
703 4013 829 4080 (Lullter,
847 4014 923 4082 apud
944 4013 1101 4080 O’Comror,
1121 4013 1250 4070 Luther’s
1271 4028 1323 4068 oun

234 4099 414 4164 Statements,
429 4115 452 4166 p.
468 4099 520 4162 26.)

268 4185 383 4238 ‘Galim
402 4186 473 4252 ’ν”νίκ
