2752 4648
212 175 269 223 DE
287 175 577 226 SACRAMENTO
601 176 919 228 EUCHARISTIAE.
1050 180 1115 232 ³8³

21 347 61 424 (b)
77 349 157 425 Alii,
181 373 260 416 cum
286 355 386 430 Scala,
409 366 524 418 tenent
547 356 647 418 verba
671 360 929 421 consecrationis
954 378 1020 420 non
1044 378 1116 420 esse

20 451 119 514 talida
135 455 202 516 nisi
220 458 452 537 praecedantur
467 458 531 521 illis
549 480 555 521 :
583 459 676 540 “Qui
699 460 805 540 pridie
825 480 926 542 quam
949 469 1116 542 pateretur

19 556 97 630 etc.”,
113 559 198 638 quia
215 579 327 639 perca
343 562 549 624 sacerdotem
567 562 599 623 in
618 564 753 624 nomine
766 562 888 626 Christi
906 563 994 644 loqui
1012 564 1114 626 mani-

20 655 160 721 lestatur.

19 757 59 838 lc)
90 760 239 844 Insuper
268 764 403 844 quidam
435 765 541 828 Graeci
579 768 823 830 contenderunt
856 769 899 831 ad
936 769 1114 830 essentiam

19 865 274 928 consecrationis
300 869 464 948 pertinere
490 868 589 930 verba
616 868 730 949 “quod
741 882 803 950 pro
824 871 912 932 aabt's
932 871 1115 936 tradetur&

20 983 86 1043 quae
114 966 147 1028 in
178 969 379 1050 quibusdam
408 970 567 1052 Liturgiis
593 983 776 1051 sequuntur
801 972 891 1035 “hoc
919 983 970 1036 est
996 994 1116 1054 corpus

21 1087 123 1131 meum
135 1070 162 1134 ''.
198 1071 350 1135 Tandem
368 1092 432 1135 non
451 1074 547 1154 pauci
564 1073 711 1156 theologi
728 1085 880 1138 asserunt
896 1075 1004 1150 verba,
1019 1077 1119 1138 “navi

21 1181 46 1230 et
57 1173 182 1234 eterni
193 1176 378 1237 testamenti
390 1185 450 1238 etc.
462 1177 486 1248 ’',
502 1195 576 1257 quae
594 1177 625 1238 in
643 1179 891 1241 consecratione
910 1179 1021 1241 calicis
1042 1199 1115 1260 pro·

22 1276 223 1352 nuntiantur,
238 1297 310 1339 esse
325 1279 446 1359 pariter
461 1279 503 1342 de
519 1280 663 1342 essentia
680 1283 887 1344 sacramenti.

160 1441 190 1499 1.
215 1441 351 1499 Forma
374 1455 492 1513 super
513 1455 654 1516 panem
678 1444 976 1516 pronuntianda.

59 1581 106 1648 97.
161 1581 194 1630 1⁰
226 1567 328 1632 Verba
350 1570 562 1633 essentialia:
597 1571 658 1633 Ad
680 1572 828 1634 validam
853 1574 1115 1637 consecrationem

25 1671 157 1750 eorporis
176 1671 309 1748 Christi,
325 1672 423 1737 verba
438 1679 453 1706 “
464 1674 537 1737 Hoc
549 1683 596 1736 est
609 1685 721 1755 carpus
735 1695 841 1738 meum
851 1675 867 1700 ''
888 1684 966 1737 sunt
980 1696 1116 1738 necessa·

27 1773 78 1833 ria.
133 1772 267 1837 Certum
282 1784 336 1838 est.

27 1875 69 1954 ia)
80 1876 197 1958 Scrr'pt.
227 1878 288 1941 Illa
300 1878 397 1942 verba
409 1889 486 1942 sunt
499 1879 683 1943 necessaria
693 1880 734 1941 ad
746 1881 1030 1943 consecrationem
1041 1901 1116 1962 quae

29 1977 188 2043 Dominus
212 1979 365 2044 adhibuit
389 1991 423 2044 et
447 1981 597 2044 adhiberi
622 1982 800 2064 praecepit3
832 1983 924 2063 atqui
951 1983 1117 2046 Dominus

28 2081 173 2145 adhibuit
193 2084 334 2165 praelata
349 2086 459 2162 verba,
475 2095 511 2148 ut
527 2094 659 2147 constat
675 2104 718 2146 ex
737 2084 931 2166 Evangelio,
947 2094 979 2147 et
999 2085 1116 2148 eadem

30 2183 170 2246 adhiberi
187 2186 354 2267 praecepit,
364 2187 444 2249 dum
458 2187 565 2249 dixit:
587 2185 729 2249 “Facite
746 2187 778 2247 in
793 2205 902 2248 meam
915 2205 1117 2248 commemo-

31 2287 182 2350 rationem
193 2289 231 2366 ”;
255 2309 342 2370 ergo.

33 2383 81 2471 (b)
97 2389 130 2450 T
127 2389 195 2452 rad.
206 2411 245 2453 ex
258 2390 395 2454 Floreat.
409 2415 420 2455 :
442 2393 592 2454 “Forma
607 2391 706 2472 hujus
718 2393 916 2455 sacramenti
932 2401 1010 2454 sunt
1022 2392 1118 2454 verba

32 2489 212 2568 salvatoris,
227 2495 343 2574 quibus
363 2493 419 2557 leae
436 2495 570 2574 confecit
588 2504 824 2557 sacramentum
834 2495 850 2518 ''
863 2517 877 2567 ,·
904 2515 1002 2576 porro
1018 2498 1118 2560 verba

32 2593 141 2669 quibus
163 2594 316 2659 Salvator
340 2596 583 2659 Eucharistiam
597 2597 760 2672 coniecit,
775 2608 864 2660 certe
884 2618 923 2659 ea
944 2608 1022 2661 sunt
1043 2619 1117 2680 quae

33 2695 200 2760 retulimus.
218 2698 412 2779 Rejicienda
421 2708 472 2760 est
481 2699 620 2779 proinde
630 2700 803 2779 antiquata
813 2699 927 2779 opinio
937 2699 1116 2762 dicentium

34 2795 190 2863 Christum
207 2821 273 2864 non
290 2801 406 2877 verbis
421 2801 479 2864 sed
501 2801 571 2864 sola
593 2800 821 2865 benedietione
839 2807 1056 2865 consecrasse.

33 2899 73 2978 lc)
88 2903 148 2967 llla
163 2906 253 2967 enim
269 2908 369 2970 verba
389 2907 568 2969 essentiam
593 2905 708 2967 lormae
731 2905 939 2967 constituunt
961 2925 1036 2985 quae
1058 2925 1116 2967 ex-

35 3003 168 3078 primunt
195 3008 228 3069 id
255 3008 344 3088 quod
369 3009 402 3071 in
429 3018 639 3071 sacramento
663 3007 825 3084 efficitur;
858 3008 951 3088 atqui
979 3007 1117 3089 praefata

35 3109 128 3184 verba,
143 3121 177 3174 et
198 3111 333 3192 quidem
355 3112 477 3186 omnia,
494 3112 678 3174 necessaria
699 3120 776 3172 sunt
797 3111 839 3172 ad
862 3111 1116 3192 exprimendam

36 3214 269 3276 conversionem
286 3215 381 3296 panis
398 3216 430 3276 in
447 3235 565 3296 corpus
583 3213 727 3288 Christi;
753 3232 840 3293 ergo.

72 3313 252 3380 Corollaria.
301 3317 349 3398 (a)
364 3318 501 3382 Certum
517 3326 576 3389 cst,
592 3325 706 3378 contra
724 3314 868 3389 Graecos,
884 3314 984 3376 verba
999 3316 1116 3396 “quod

37 3433 84 3492 pro
92 3420 184 3482 vobis
196 3420 367 3484 tradetur”
383 3441 449 3483 non
463 3440 534 3482 esse
547 3417 730 3480 necessaria
740 3418 783 3478 ad
794 3417 1018 3496 validitatem;
1039 3437 1115 3480 nam

38 3521 185 3586 aduobus
202 3523 426 3605 Evangelistis
441 3523 648 3595 omittuntur,
664 3530 697 3582 et
713 3521 847 3601 insuper
862 3520 894 3581 in
909 3519 1036 3582 Missali
1050 3519 1117 3582 Ro·
1138 3543 1140 3548 ·

39 3640 121 3687 mano
136 3647 202 3689 non
219 3627 439 3690 inveniuntur.

38 3723 77 3804 lb)
91 3729 222 3793 Certum
244 3740 296 3793 est
318 3732 440 3811 pariter
460 3729 735 3807 orationemque
757 3726 944 3808 postulatur
965 3733 1000 3788 ut
1021 3725 1117 3805 panis

38 3843 232 3897 convertatur
253 3835 286 3895 in
307 3852 427 3915 corpus
448 3831 580 3906 Christi,
596 3830 638 3892 ad
661 3830 865 3894 validitatem
889 3848 954 3890 non
978 3829 1117 3909 requiri;

4 3957 5 3970 .
39 3951 101 3996 nam
116 3938 250 4018 quando
267 3937 416 3998 iteranda
433 3944 483 3997 est
499 3934 712 4006 consecratio,
730 3952 795 3994 non
819 3932 1043 4014 praescribitur
1061 3933 1117 3995 illa

38 4041 135 4103 oratio.
177 4038 325 4103 Aliunde
341 4040 374 4101 in
392 4037 584 4100 Missalibus
601 4036 724 4098 Graecis
746 4034 802 4097 illa
821 4035 927 4097 oratio
945 4034 1117 4116 subsequi-

39 4147 82 4200 tur
94 4143 379 4216 consecrationem,
394 4151 428 4207 et
447 4151 627 4223 antequam
649 4138 812 4213 recitetur,
828 4138 981 4200 sacerdos
997 4146 1031 4199 et
1046 4139 1117 4200 dia-

39 4259 125 4306 conus
146 4246 289 4308 hostiam
314 4245 475 4323 adorant;
510 4263 590 4324 ergo
616 4241 672 4303 illa
698 4242 807 4304 hostia
832 4250 882 4303 est
906 4240 976 4321 jam
1005 4240 1113 4302 valide
