2686 4950
114 158 182 211 356
289 169 292 174 “
385 168 388 173 “
572 159 816 210 ΟᾸΡῸΤῘ.·

116 339 209 418 atqui
232 338 307 401 talis
323 336 496 402 contaetus
515 341 623 421 exigit
645 341 878 404 extensionem
903 341 1028 405 realem
1050 362 1120 425 quae
1139 358 1186 403 non

115 441 232 504 existit
248 442 280 502 in
296 462 433 523 corpore
450 441 597 506 Domini.
649 443 796 525 Quidam
819 453 934 506 autem
958 443 1115 525 theologi,
1127 461 1187 524 pre·

114 545 228 607 sertim
254 545 413 620 moderni,
429 555 465 608 ut
489 545 585 609 Card.
605 546 792 627 Cienfuegos
814 555 848 609 et
869 544 1049 610 Franzelr'n
1061 559 1081 623 ¹,
1095 551 1188 629 putant

115 645 285 710 Christum
303 656 410 728 pos'se,
421 649 448 708 si
465 668 531 710 non
549 651 699 723 naturali,
712 650 831 713 saltem
847 650 1094 730 supernaturali
1106 650 1188 722 modo,

115 770 271 812 exercere
293 763 409 812 sensus
432 770 518 825 suos,
541 753 643 814 etiam
670 753 702 814 in
727 761 817 815 statu
836 753 1086 828 sacramentali,
1106 754 1145 815 ita
1162 758 1188 812 ut
1215 770 1218 777 ·

116 854 221 933 possit
241 873 316 918 vere
342 873 403 915 nos
428 855 542 916 audire
562 865 595 916 et
615 855 752 918 videre:
784 854 878 917 Deus
897 854 988 918 enim
1010 865 1117 938 potest
1131 871 1187 933 sup

116 954 206 1036 plere
223 955 323 1018 modo
340 955 435 1017 nobis
451 956 567 1035 ignoto
583 956 746 1020 influxum
764 957 936 1040 agentium
949 962 1187 1030 externorum,et

116 1058 298 1120 extendere
315 1059 380 1119 vim
397 1055 538 1121 adiivam
553 1064 713 1122 'sensuum
731 1059 862 1124 Christi.

115 1204 118 1209 -
161 1157 332 1241 Quidquid
350 1161 401 1234 sit,
417 1169 542 1222 certum
566 1171 616 1223 est
641 1162 749 1243 ipsum
766 1182 968 1244 cognoscere
991 1163 1025 1225 in
1049 1163 1104 1225 illo
1123 1167 1187 1222 statu
1247 1177 1249 1181 ⁴

117 1281 183 1324 non
200 1262 307 1325 solum
324 1263 462 1324 scientia
477 1263 599 1337 divine,
616 1265 673 1325 sed
695 1265 797 1327 etiam
820 1264 957 1327 scientia
977 1264 1121 1328 humani
1136 1264 1189 1343 (per
1246 1295 1249 1301 ·

117 1367 276 1428 visionem
294 1364 481 1428 beatificam
494 1376 527 1429 et
540 1367 713 1429 scientiam
730 1367 887 1448 infusam)
900 1387 967 1430 non
980 1368 1088 1430 solum
1099 1379 1188 1429 omnes
1243 1378 1248 1414 ῑ

118 1469 254 1544 iabores,
264 1488 415 1549 angores,
425 1470 671 1548 persecutiones
683 1481 717 1533 et
733 1470 920 1553 triumphos
932 1471 1037 1534 totius
1051 1466 1188 1535 Ecclesia

117 1571 174 1632 sed
191 1572 291 1634 etiam
309 1571 529 1651 cogitationes
544 1582 578 1634 et
595 1570 733 1639 assertus
748 1573 957 1654 singulorum
974 1571 1137 1636 fidelium:
1156 1568 1189 1628 itt

117 1683 154 1734 ut
176 1673 247 1734 sine
273 1671 340 1733 ullo
365 1671 470 1733 dubio
497 1692 610 1753 preces
636 1684 776 1750 nostras,
798 1676 901 1738 etiam
924 1675 1082 1751 internas,
1102 1671 1189 1737 audire
1243 1698 1249 1717 ¹

116 1777 247 1857 possit:
288 1776 377 1857 quod
409 1795 488 1838 sane
519 1777 561 1838 ad
594 1781 782 1860 augendam
820 1776 1037 1840 devotionem
1075 1776 1188 1840 muitum

117 1880 251 1944 confert.

262 2018 331 2075 ΙΙΙ.
350 2017 405 2077 De
426 2019 670 2091 permanenti
691 2007 903 2090 praesentia
925 2014 1075 2077 Christi

497 2116 535 2172 in
558 2105 838 2174 Eucharistid².

163 2242 299 2304 Errores
315 2265 327 2304 .·
355 2241 450 2305 Circa
466 2249 718 2322 permanentem
733 2237 854 2300 Christi
872 2238 1086 2317 praesentiam
1103 2238 1133 2300 in
1144 2229 1199 2297 Eu·

117 2345 271 2407 charistia
284 2354 473 2406 erraverunt
486 2341 673 2404 Lutlreram'
684 2365 695 2404 :
715 2339 770 2401 alii
787 2359 862 2401 cum
876 2338 999 2402 Bucero
1010 2350 1126 2403 tenent
1141 2338 1206 2401 eum

116 2469 188 2509 esse
205 2459 401 2527 praesentem
419 2447 525 2509 solum
544 2452 559 2478 “
570 2447 604 2507 in
622 2466 681 2506 usu
692 2445 717 2518 ’',
733 2444 751 2506 i.
768 2463 794 2506 e.
811 2441 947 2523 quando
970 2443 1134 2526 recipitur,
1149 2440 1209 2529 110¹?

117 2570 194 2609 vero
210 2560 306 2610 extra
323 2550 546 2629 sumptionem
562 2569 569 2623 ;
595 2546 650 2609 alii
674 2566 749 2607 cum
770 2543 949 2608 Clremm'tr'o
964 2544 1084 2609 volunt
1109 2541 1213 2628 ipsum

118 2654 233 2714 adesse
249 2656 264 2682 ‘¹
275 2651 309 2711 in
326 2651 391 2712 toni
406 2651 528 2711 atiionr
542 2648 668 2722 coenoe''‚
681 2669 725 2709 sc.
741 2667 760 2708 a
776 2647 1026 2710 consecratione
1049 2668 1154 2729 usque
1171 2626 1211 2705 ad

117 2754 398 2826 communionem,
411 2773 476 2814 non
494 2763 608 2816 autem
625 2752 761 2834 quando
779 2752 810 2813 in
828 2751 944 2833 pixide
959 2764 1121 2816 servatur.

157 2900 206 2966 55.
254 2889 373 2947 Tresr's:
395 2887 562 2951 Christus
583 2890 834 2965 permanenter
849 2884 975 2949 existit
997 2884 1032 2948 in
1049 2874 1214 2950 Euchari-

118 2986 198 3062 stia,
215 2984 499 3062 independenter
520 2983 565 3047 ab
588 3001 667 3060 usu,
685 2981 856 3061 quamdiu
879 2985 983 3060 panis
999 2984 1124 3048 etvini
1146 2997 1213 3064 spe·

118 3081 193 3144 cies
215 3086 402 3143 remanent
425 3081 649 3158 incorruptae.
697 3078 843 3160 Quando
866 3089 979 3143 autem
1003 3083 1134 3162 species
1155 3100 1216 3145 cor·

120 3193 326 3263 rumpuntur,
342 3203 383 3244 sc.
398 3183 533 3263 quando
550 3183 626 3245 talis
642 3184 785 3245 mutatio
801 3184 952 3269 occurrit,
964 3203 1039 3264 quae
1056 3185 1218 3248 sufficiens

118 3287 234 3349 suisset
251 3287 292 3348 ad
309 3288 554 3367 corruptionem
574 3287 668 3367 panis
684 3295 717 3348 et
734 3287 811 3362 vini,
823 3306 862 3348 eo
879 3287 952 3367 ipso
970 3286 1123 3351 Christus
1140 3288 1220 3352 desi-

121 3392 169 3453 nit
189 3411 260 3452 csse
276 3390 338 3451 sub
355 3390 527 3469 speciebus
543 3388 778 3452 eucharisticis
824 3388 943 3450 Thesis
964 3388 1006 3451 de
1018 3388 1091 3470 fide
1110 3403 1166 3465 cst,
1182 3414 1222 3456 ex

126 3495 269 3556 Trr'drnt.
285 3493 380 3573 (Can.
398 3492 433 3572 4)
451 3516 458 3554 ε
486 3493 549 3556 “Si
572 3493 645 3574 quis
666 3491 798 3568 dixerit,
815 3489 948 3572 peraeta
964 3496 1224 3574 consecratione,

121 3598 152 3659 in
178 3596 364 3659 admirabili
383 3595 601 3657 Eucharistiae
625 3605 836 3658 sacramento
860 3616 925 3657 non
950 3616 1023 3658 esse
1046 3616 1170 3679 corpus
1194 3611 1225 3664 et

120 3701 313 3779 sanguinem
333 3699 470 3760 Domini
493 3699 595 3759 nostri
611 3698 690 3778 Jesu
709 3699 840 3774 Christi,
857 3700 915 3761 sed
939 3709 1070 3763 tantum
1097 3703 1131 3764 in
1156 3725 1226 3779 usu,

121 3805 200 3863 dum
218 3806 367 3879 sumitur,
378 3824 444 3865 non
461 3813 573 3865 autem
588 3812 666 3864 ante
678 3803 729 3865 vel
746 3813 832 3884 post,
843 3812 875 3865 et
893 3803 925 3864 in
942 3802 1061 3867 hostiis
1078 3826 1135 3869 seu
1153 3829 1227 3888 par-

155 3981 162 4011 ¹
174 3986 345 4056 Cr'ensucgos,
356 3989 418 4044 Vita
430 3989 607 4053 abscondita,
618 3987 690 4058 disp.
705 3989 747 4052 11;
766 3989 930 4054 Fransrlirr,
939 3990 978 4043 th.
991 4004 1032 4055 113
1052 3991 1223 4063 Diriguere

121 4089 164 4140 op.
180 4073 225 4125 cit.
242 4088 268 4140 p.
291 4088 339 4139 129
353 4092 394 4143 sq.

155 4159 295 4225 ²Srmres,
316 4160 387 4228 disp.
409 4164 454 4226 46,
476 4161 544 4215 seit.
567 4163 601 4226 8;
628 4160 765 4215 Bellarm.
787 4163 805 4214 1.
828 4163 875 4228 lv,
897 4179 920 4216 c.
942 4177 1031 4232 asq.;
1062 4163 1174 4234 Romi,
1192 4167 1227 4220 de

126 4246 174 4300 SS.
191 4245 278 4297 Euch.
295 4248 419 4300 Sacram.
434 4264 460 4301 n.
476 4261 526 4314 273
539 4264 593 4316 sq.;
612 4248 644 4300 de
657 4249 839 4316 Augustino,
854 4249 893 4302 th.
910 4261 933 4313 7.
