2794 4662
409 210 465 260 DE
483 210 780 261 Marmuomo.
1078 212 1146 262 65?

25 390 149 470 plures
167 390 265 453 simul
282 411 405 454 uxores
421 391 599 466 habebant,
616 391 768 455 adulterii
786 411 858 454 reos
874 391 982 454 luisse.
1034 390 1147 472 Quam

24 502 64 554 ut
83 493 304 556 confutarent
320 494 532 568 calumniam,
549 493 699 558 nonnulli
715 494 862 576 theologi
878 494 1037 556 dixerunt
1053 492 1146 576 poly-

24 595 189 674 gamiam
207 595 271 676 juri
290 597 431 660 naturali
455 616 521 659 non
547 616 618 658 esse
641 597 841 679 oppositam,
857 615 917 658 nec
938 604 1017 662 ante
1039 595 1146 676 legem

24 698 267 780 euangelicam
281 698 382 763 fuisse
391 700 465 781 jure
477 701 591 763 divino
603 699 813 781 prohibitam.
861 697 950 780 Quid
964 697 1147 760 sentiamus

24 820 183 880 sequens
198 801 380 864 declarabit
396 802 588 883 propositio.

67 958 127 1022 42.
177 946 275 1004 Thesis
291 971 302 1005 .·
334 944 545 1024 Polygamia
573 945 801 1024 simultauea,
832 944 1049 1010 institutioni
1079 945 1145 1022 pri·

26 1059 167 1107 maevae
194 1043 384 1122 contraria,
413 1044 479 1108 sed
509 1042 730 1108 Patriarchis
759 1048 844 1121 post
871 1041 1042 1107 diluvium
1071 1059 1146 1119 per·

24 1139 162 1212 missa,
179 1156 201 1202 a
215 1138 360 1204 Christo
375 1139 554 1218 prohibita
568 1145 635 1218 est,
651 1143 688 1204 et
708 1138 801 1217 legis
820 1140 958 1200 naturae
972 1134 1147 1200 secunda·

24 1236 95 1299 riis
113 1235 306 1314 praeceptis
320 1237 543 1302 adversatur.

77 1341 152 1429 (A)
171 1345 365 1424 Polygarm'a
385 1347 583 1410 simultarren
599 1347 769 1427 primoevoe
792 1344 999 1406 matrimonii
1015 1343 1146 1405 institu-

25 1448 122 1508 tioni
143 1450 309 1510 contraria
331 1460 384 1511 est.
433 1451 485 1512 lta
509 1450 726 1513 communius.
778 1447 913 1510 Etenim
938 1446 989 1527 (a)
1012 1446 1148 1527 quando

26 1551 131 1611 Deus
156 1549 326 1614 hominem
351 1552 481 1626 creavit,
498 1572 600 1614 unum
624 1551 701 1615 fecit
722 1551 827 1612 virum
852 1559 885 1611 et
909 1567 1009 1611 unam
1030 1549 1147 1612 mulie·

26 1664 131 1714 rem1
151 1676 158 1730 ;
178 1652 338 1732 jamvero,
355 1663 391 1716 ut
415 1651 502 1716 redte
521 1655 675 1717 observat
695 1653 968 1733 chrysostomum,
986 1652 1013 1712 si
1030 1651 1146 1712 Domi-

27 1775 97 1817 nus
112 1754 275 1818 voluisset
288 1763 324 1818 ut
336 1757 386 1818 vir
398 1776 482 1818 unus
495 1756 644 1837 pluribus
657 1756 818 1818 uxoribus
828 1755 1030 1836 jungeretur,
1043 1774 1146 1836 quum

28 1876 145 1918 unum
164 1855 333 1918 hominem
350 1857 436 1932 lecit,
446 1859 569 1920 multas
582 1859 712 1921 lecisset
725 1857 886 1920 mulieres.
935 1858 1053 1919 Postea
1069 1876 1147 1919 vero

32 1961 208 2035 Adamus,
232 1962 347 2023 videns
372 1960 488 2036 Evam,
513 1962 737 2023 exclamavit:
765 1959 1022 2040 “Quamobrem
1052 1959 1147 2020 relin-

31 2071 122 2142 quet
139 2060 242 2124 homo
254 2071 383 2144 patrem
396 2084 492 2126 suum
506 2075 539 2127 et
553 2074 701 2140 matrem,
715 2073 748 2124 et
760 2063 944 2125 adhaerebit
957 2062 1147 2135 urorisum

28 2175 66 2227 et
94 2175 196 2227 erunt
218 2165 281 2227 duo
304 2167 336 2228 in
361 2186 460 2228 carne
483 2167 578 2228 urui”
595 2167 689 2248 (24);
713 2166 757 2227 ibi
782 2175 904 2240 autem,
921 2175 957 2227 ut
980 2165 1027 2226 ait
1050 2164 1147 2226 luriu-

28 2277 112 2329 crat.
139 2265 232 2341 1113,
257 2273 350 2330 “non
374 2268 462 2330 dixit
487 2278 552 2330 tres
576 2269 627 2332 vel
652 2268 770 2349 plures,
788 2267 846 2328 sed
870 2268 958 2343 duo;
982 2287 1041 2329 nec
1061 2267 1148 2329 dixit

29 2371 226 2434 adhaerebit
242 2373 412 2447 uxoribus,
428 2373 485 2435 sed
504 2374 601 2436 uxori
615 2372 630 2398 ’'
647 2393 654 2448 ;
677 2391 752 2451 quae
768 2372 902 2451 quidem
920 2370 1146 2451 polygamiam

30 2473 235 2534 excludunt.
282 2474 332 2553 (b)
355 2475 454 2549 Hinc,
470 2483 549 2536 ante
571 2473 742 2547 dilnvium,
759 2473 848 2534 solus
866 2472 1012 2535 Lamech
1028 2473 1148 2536 dicitur

29 2577 123 2636 duas
141 2594 264 2636 uxores
280 2575 443 2650 habuisse,
459 2586 493 2638 et
515 2586 690 2657 propterea
706 2597 725 2637 a
743 2576 895 2638 Patribus
912 2596 1024 2640 severe
1041 2596 1148 2658 repre-

29 2677 218 2752 henditur;
241 2678 287 2738 sic
306 2677 463 2741 Nicolans
478 2678 501 2739 1
519 2679 676 2742 scribier:
700 2685 717 2710 ‘⁶
729 2679 900 2740 Adulterii
920 2689 1031 2741 autem
1056 2679 1148 2760 flagi-

30 2781 135 2850 tium,
158 2781 247 2859 quod
277 2779 424 2842 Lamech
448 2783 596 2844 omnium
622 2783 756 2863 primus
779 2784 810 2842 in
836 2782 964 2844 duabus
989 2783 1149 2844 uxoribus

31 2881 253 2962 perpetravit,
270 2883 400 2943 nonnisi
417 2885 579 2964 sanguine
598 2884 719 2948 Christi
738 2885 898 2946 abolitum
916 2887 1082 2948 exstiterit
1095 2887 1148 2948 ''...

33 2983 88 3059 (c)
107 2983 288 3062 Propterea
310 2984 469 3047 innocent.
486 2985 550 3046 111
562 2984 596 3066 (l.
616 2987 684 3066 cit.)
707 2986 773 3048 ait:
797 2987 897 3049 “Nec
921 2987 977 3049 ulli
1002 3008 1147 3068 unquam

34 3085 136 3148 licuit
153 3085 285 3147 insimul
302 3086 412 3166 plures
429 3107 551 3149 uxores
563 3087 692 3161 habere,
706 3089 767 3149 nisi
784 3090 835 3150 cui
853 3088 915 3151 luit
930 3090 1042 3151 divini
1059 3111 1147 3152 reve-

36 3189 168 3250 latione
185 3209 377 3250 concessum
390 3191 428 3266 ”3
451 3209 526 3272 quae
550 3191 684 3271 quidem
708 3192 809 3254 verba
832 3192 1007 3255 manifeste
1024 3215 1146 3275 suppo·

37 3303 129 3353 nunt
146 3291 220 3370 lege
236 3293 403 3372 primitiva
420 3292 620 3373 prohibitam
638 3294 738 3356 fuisse
756 3294 989 3376 polygamiam

85 3433 136 3497 43
184 3417 243 3497 (B)
267 3419 462 3499 Poirgamia
485 3430 602 3494 tamen,
612 3431 687 3500 post
708 3421 881 3496 diluvium,
894 3423 1097 3501 patriarchis
1120 3432 1150 3484 et

30 3519 168 3603 Judoeis
183 3520 242 3580 sub
257 3521 322 3600 lege
339 3521 477 3583 moscini
486 3523 649 3601 permissa
655 3523 738 3602 fuit,
755 3525 820 3585 imo
836 3525 929 3585 valde
938 3524 1151 3603 probabiliter

37 3621 123 3702 ipsis
139 3621 327 3684 Gentilibus.
374 3623 424 3704 (a)
438 3623 635 3686 Patriarchae
648 3626 746 3701 enim,
759 3627 815 3706 qui
830 3625 893 3686 Dei
907 3627 1051 3687 amicitia
1065 3626 1148 3688 srue-

38 3727 175 3798 bantur,
185 3734 222 3786 ut
236 3725 417 3800 Abraham,
429 3727 542 3808 Jacob,
556 3727 686 3808 aliique,
700 3728 854 3807 leguntur
869 3726 979 3808 plures
995 3727 1149 3790 habuisse

39 3847 176 3900 uxores
200 3846 260 3889 nec
285 3839 459 3910 propterea
483 3828 778 3911 reprehenduntur,
801 3831 858 3891 sed
887 3829 998 3911 potius
1027 3841 1062 3892 ut
1090 3831 1147 3893 viri

40 3932 170 4012 pietate
197 3930 343 4011 insignes
368 3932 577 3994 exhibentur.
623 3930 673 4011 (b)
708 3931 782 3994 Lex
815 3933 959 3992 mosaica
990 3935 1148 4014 supponit

80 4141 87 4164 ¹
104 4143 172 4194 Gen.
190 4142 229 4206 ΙΙ,
243 4155 268 4207 7,
281 4155 323 4194 22.
338 4169 371 4178 -
384 4141 394 4172 ²
409 4142 492 4194 Hom.
508 4143 551 4204 62,
567 4141 603 4192 al.
619 4142 653 4208 63
666 4140 695 4192 in
711 4141 803 4207 Mart,
819 4157 846 4193 n.
866 4157 888 4193 r.

78 4230 88 4260 ³
103 4227 172 4297 Cap.
192 4228 353 4280 Gaudemus
365 4227 401 4281 de
417 4226 523 4280 Divon.

78 4321 87 4350 ⁴
101 4313 148 4367 Ad
162 4315 299 4368 Consulta
312 4314 435 4382 Bulgar„
450 4331 475 4368 n.
490 4325 522 4384 51
538 4330 580 4382 ap.
597 4313 742 4381 Hurdm'n,
759 4312 823 4369 Art.
842 4315 946 4370 Concil.
961 4326 979 4370 t
994 4317 1029 4380 V,
1045 4332 1071 4384 p.
1085 4331 1147 4386 371·

134 4435 259 4480 Sruoesrs
272 4433 317 4478 111.
330 4457 358 4466 —
369 4447 398 4490 42
