2758 4652
278 198 334 248 DE
352 198 561 250 EXTREMA
579 199 809 251 UNCTIONE.
1026 198 1092 249 573

17 377 40 438 is
63 379 185 458 quibus
207 391 344 462 peccata
367 383 489 445 remitti
514 393 664 464 possunt,
688 381 866 464 septimum
891 381 1025 454 indicat,
1049 401 1091 442 sc.

13 481 235 557 (senitentiam,
257 485 319 547 sub
342 485 399 547 illa
422 482 647 566 compledtens
674 495 745 548 turn
768 506 849 548 sacr.
875 483 1093 556 Poenitentiae,

13 605 60 645 um
81 605 162 648 sacr.
181 587 218 649 E.
236 587 424 666 Uudtionis,
441 610 544 671 quum
565 591 606 652 ad
628 591 727 652 verba
744 589 776 654 S.
792 589 907 670 Jacobi
928 597 1094 670 provocet,

17 690 41 748 si
66 690 141 769 quis
170 689 355 754 infirmatur
365 692 388 755 ’'.
436 693 567 756 Saeculo
592 694 648 768 lV,
666 693 700 756 S.
721 693 876 772 chrysost.
892 692 935 754 de
958 692 1094 773 presby-

13 792 66 850 eris
93 793 195 854 dicit:
220 797 356 874 “neque
379 796 467 856 enim
491 795 597 857 solum
625 816 700 858 curn
725 816 783 857 nos
810 803 1014 877 regenerant,
1035 793 1093 856 sed

13 902 105 954 ostea
122 896 224 956 etiam
242 897 538 959 condonandorum
556 898 651 959 nobis
668 905 880 980 peccatorum
902 896 1093 960 facultatem

14 997 169 1062 btinent:
195 999 380 1064 infirmatur
401 1003 486 1064 inter
507 1021 565 1063 vos
587 1000 770 1081 aliquis...”;
797 1020 840 1062 ex
866 1018 933 1079 quo
955 1008 1094 1080 apparet

13 1102 189 1163 acerdotes
214 1113 351 1183 peccata
374 1106 540 1166 remittere
564 1106 644 1166 dum
669 1101 859 1166 unttionem
880 1123 900 1164 a
917 1102 948 1166 S.
965 1103 1094 1182 Jacobo

14 1205 192 1284 ascriptam
218 1205 399 1286 perficiunt.
446 1206 578 1271 Saeculo
600 1208 641 1284 V,
657 1207 785 1269 celebre
808 1217 858 1269 est
882 1205 1062 1268 Innocentii
1075 1206 1094 1267 I

13 1306 230 1383 stimonium,
243 1309 276 1369 in
293 1328 368 1388 qu0,
382 1321 457 1390 post
475 1311 578 1373 relata
595 1311 754 1393 S.Jacobi
771 1310 878 1384 verba,
895 1310 960 1372 ait:
978 1308 1093 1390 “quod

15 1427 54 1469 on
72 1419 124 1471 est
140 1410 280 1474 dubium
295 1414 338 1474 de
354 1393 507 1476 fidelibus
519 1411 760 1496 aegrotantibus
772 1411 877 1491 accipi
891 1410 942 1471 vel
955 1408 1094 1488 intelligi

13 1512 121 1587 ebere,
139 1513 196 1592 qui
216 1513 333 1576 sancto
355 1516 429 1578 oleo
452 1516 639 1579 chrismatis
662 1515 742 1595 ungi
766 1513 952 1596 possunt’';
978 1521 1095 1594 postea

13 1617 105 1678 ddit:
133 1624 150 1647 “
162 1617 402 1698 poenitentibus
419 1619 507 1682 istud
532 1617 660 1680 infundi
677 1637 743 1678 non
762 1625 881 1698 potest,
896 1615 975 1697 quia
990 1634 1095 1696 genus

13 1730 39 1780 st
56 1722 257 1783 sacramenti
270 1721 285 1745 '³
299 1733 317 1782 ¹.
1150 1803 1156 1810 ι

13 1824 40 1900 a]
58 1825 113 1886 Ex
130 1843 293 1886 consensu
311 1825 480 1908 utriusque
498 1825 666 1900 Ecclesiae,
678 1825 790 1887 latinae
806 1835 840 1887 et
856 1825 1093 1905 graecae,etiam

13 1925 212 1990 chismaticae
233 1938 266 1990 et
286 1925 448 1991 sellarum
469 1929 707 2002 orientalium2,
723 1947 822 2008 quern
844 1927 1021 1989 admittere
1040 1945 1093 1986 co·

13 2039 114 2091 untur
129 2030 280 2092 hodierni
298 2031 543 2094 Protestantes:
565 2051 608 2092 ex
626 2049 692 2110 quo
707 2029 776 2090 erui
794 2037 903 2110 potest
919 2046 1094 2107 argumen-

13 2151 61 2192 um
79 2131 340 2214 praescriptionis
356 2135 408 2214 (de
425 2135 570 2197 Sacram.
587 2134 622 2195 in
633 2154 755 2214 genere,
772 2153 801 2194 n.
820 2147 836 2192 2
842 2132 881 2212 3).

28 2249 50 2310 6,.
93 2243 240 2316 Objt'citur
251 2245 372 2316 quidem
387 2255 499 2304 veteres
517 2265 567 2304 sex
585 2245 715 2319 priorum
734 2243 908 2302 saeculorum
928 2243 1092 2314 scriptores,

13 2348 62 2386 ,um
78 2332 195 2402 piorum
211 2343 319 2388 mortes
332 2345 468 2390 accurate
482 2333 662 2402 describunt,
671 2331 782 2388 nullam
795 2331 829 2388 E.
843 2329 1001 2389 Undtionis
1015 2347 1096 2386 men·

16 2433 102 2474 onem
118 2419 222 2475 lacere,
262 2418 322 2475 Sed
335 2419 408 2476 illud
422 2431 630 2490 argumentum
646 2436 705 2475 uon
720 2417 815 2483 valet;
836 2435 903 2473 nam
919 2416 947 2472 in
962 2416 1007 2472 his
1021 2433 1094 2487 opu·

13 2502 79 2560 culis
93 2504 186 2560 multa
200 2513 334 2562 tacentur
348 2523 415 2576 quae
429 2517 528 2563 tamen
544 2505 662 2578 peracta
675 2514 760 2576 sunt,
773 2505 814 2560 sic
825 2520 904 2575 saepe
917 2503 1025 2574 saepius
1038 2501 1096 2558 via·

17 2590 40 2644 ci
61 2591 278 2649 administratio
301 2610 361 2649 non
385 2604 643 2664 commemoratur,
666 2593 734 2649 licet
754 2591 810 2648 sub
828 2590 907 2662 gravi
929 2588 1096 2661 praescribe·

13 2687 87 2748 etur3
114 2679 234 2751 insuper
258 2678 360 2736 undlio
387 2679 580 2751 intirmorum,
608 2698 625 2736 a
650 2679 770 2738 Christo
797 2678 930 2735 instituta
955 2687 1096 2747 tanquam

13 2767 212 2822 onsummatio
229 2764 396 2823 christiana
417 2767 608 2837 poenitentiae,
624 2783 684 2823 non
702 2775 801 2822 autem
823 2775 853 2821 ut
872 2763 944 2834 quid
961 2761 1096 2819 absolute

14 2853 201 2922 ecessarium,
217 2870 279 2910 non
296 2853 412 2911 videtur
428 2854 458 2910 in
475 2871 528 2912 usu
548 2854 636 2911 fuisse
654 2851 734 2924 apud
755 2850 912 2922 quoslibet,
929 2848 983 2906 sed
1000 2848 1096 2905 solum

13 2937 70 3007 pud
87 2956 138 2995 eos
151 2939 201 3010 qui
217 2952 407 3012 peccatorum
422 2941 533 2998 conscii
548 2951 640 3004 eraut,
657 2951 687 2997 ut
707 2937 818 2995 eruitur
837 2955 872 2994 ex
891 2935 950 2992 vital
963 2933 991 2991 S.
1008 2933 1097 2991 Adel·

14 3025 72 3081 ardi
90 3043 107 3080 a
122 3025 282 3084 Paschasio
297 3027 452 3086 Radberto
470 3029 577 3099 scripta
586 3047 594 3097 3
618 3026 739 3083 tandem
759 3023 877 3096 plurimi
891 3041 926 3079 ex
940 3022 996 3078 illis
1009 3039 1025 3079 e
1038 3021 1098 3078 vita

13 3109 93 3168 ubito
112 3123 141 3170 et
160 3113 273 3184 absque
293 3114 467 3185 :egritudine
487 3124 684 3182 excesserunt,
707 3111 777 3182 quin
799 3109 897 3180 inungi
919 3108 1095 3181 potuissent,

13 3197 39 3253 lii
52 3211 154 3256 autem
169 3201 276 3257 mortui
290 3211 358 3258 sunt
371 3201 402 3256 in
410 3201 591 3270 penitentia,
603 3209 634 3255 ut
645 3209 785 3266 narratur,
795 3208 824 3254 et
834 3197 890 3254 sub
904 3196 962 3253 hoc
975 3195 1097 3252 nomine

14 3285 132 3343 enerico
145 3287 409 3358 comprehenditur
422 3289 510 3346 etiam
526 3288 559 3344 E.
578 3287 698 3355 Untlio,
712 3295 818 3357 utpote
831 3283 1014 3356 poenitentiae
1032 3300 1095 3355 per·

13 3371 92 3429 ectio
132 3374 264 3431 Aliunde
278 3374 318 3430 nil
333 3375 470 3446 prohibet
489 3375 618 3445 aliquem
640 3390 826 3445 progressum
845 3373 875 3428 in
894 3371 951 3428 hrlc
969 3387 1007 3438 re,
1021 3371 1096 3425 sicut

13 3460 137 3516 inmitis
150 3461 224 3530 aliis,
243 3460 359 3518 admitti
373 3479 468 3534 posse.
540 3488 542 3492 ·
784 3473 786 3476 ’

36 3573 64 3640 7.
114 3560 178 3648 (C)
198 3564 274 3625 Rat.
292 3564 378 3626 tlzeol.
414 3563 564 3627 Christus
581 3563 724 3625 instituit
739 3568 947 3622 sacramenta
963 3568 999 3620 ut
1016 3555 1096 3618 fide·

12 3670 81 3732 ibus
107 3673 296 3734 subveniret
324 3674 356 3734 in
384 3673 558 3753 praecipuis
584 3673 661 3733 vitae
692 3669 957 3744 circumstantiis,
983 3667 1098 3748 praeci·

13 3777 134 3856 >uisque
157 3776 430 3852 difficultatibus;
461 3777 552 3856 atqui
579 3777 610 3837 in
638 3777 752 3838 mortis
776 3771 916 3836 articulo
939 3770 1098 3852 speciales

13 3880 117 3943 tdsunt
133 3879 354 3955 difficultates,
371 3902 397 3942 v.
415 3901 444 3960 g.
462 3881 650 3942 anxietates
672 3889 808 3960 propter
828 3885 965 3957 peccata
982 3884 1097 3956 praete·

34 4055 41 4083 ¹
58 4061 107 4129 Ep.
123 4061 160 4114 ad
181 4035 357 4114 Decentium.
400 4061 470 4114 Haec
489 4071 517 4114 et
536 4059 591 4112 alia
610 4057 748 4126 permulta
766 4054 926 4110 testimonia
944 4054 1004 4121 lege
1023 4052 1099 4121 apud

13 4145 30 4198 i.
47 4147 136 4200 Beuve
150 4164 194 4216 op.
209 4147 264 4212 cit,
279 4146 350 4216 disp.
367 4148 388 4212 l,
402 4159 453 4201 art.
472 4147 527 4200 111.

36 4229 239 4284 ‘Probationes
257 4231 339 4300 hujus
361 4246 517 4284 consensus
536 4229 600 4282 vide
623 4229 651 4282 in
672 4244 755 4297 opere
774 4228 937 4296 Perpetuitd
952 4226 985 4278 de
1002 4224 1031 4276 la
1044 4224 1099 4293 soi,

13 4315 47 4366 ed.
62 4318 169 4388 alligate,
186 4330 205 4371 t.
224 4318 279 4382 111,
294 4331 344 4386 915
361 4334 416 4385 sq.;
436 4318 574 4380 Martem,
588 4332 632 4384 op.
650 4315 694 4368 cit.
