2794 4662
420 217 475 266 DE
494 216 786 267 namucum.
1085 216 1151 267 669

29 391 281 460 fornicationis
294 399 390 462 liceat
402 401 464 463 tori
476 402 718 482 separationem
732 401 847 478 iacere,
858 421 922 463 non
937 411 1048 464 tamen
1062 401 1152 462 aliud

30 500 304 565 matrimonium
321 504 514 566 contrahere
530 504 579 567 las
595 514 654 578 est,
670 524 745 567 cum
763 505 966 568 matrimonii
983 503 1151 566 vinculum

30 599 203 681 legitime
216 602 375 668 contracti
388 617 584 688 perpetuum
598 608 641 670 sit
652 607 676 669 ''.
722 607 829 670 Graecl
842 628 902 689 pro
914 616 1064 689 tempore
1077 606 1152 668 huic

31 704 270 770 declarationi
294 729 464 772 assensum
489 710 708 791 praebuerunt,
726 729 794 784 nec,
811 711 947 791 quando
967 709 1009 771 de
1030 710 1153 772 unione

32 807 224 887 agebatur,
238 811 323 874 inter
334 831 450 874 causas
466 812 680 875 dissensionis
696 813 781 874 hanc
797 820 1153 887 commemoraverunt,

33 910 112 986 sed,
127 912 237 990 paulo
252 924 337 994 post,
349 917 391 976 ad
405 935 498 976 suam
513 915 643 996 praxim
657 917 775 977 reversi
793 926 877 977 sunt.
927 915 1039 977 Hodie
1050 915 1152 976 etiam

35 1013 207 1075 nonnulli
235 1015 431 1092 Orientales,
456 1019 512 1099 qui
540 1017 737 1080 catholicam
764 1017 862 1080 fidem
891 1019 1039 1099 amplexi
1067 1027 1153 1093 sunt,

34 1117 208 1193 quamvis
221 1117 421 1197 speculative
433 1118 618 1183 doctrinam
636 1129 782 1182 nostram
800 1122 996 1194 admittunt,
1008 1120 1040 1182 in
1059 1121 1153 1202 praxi

36 1216 235 1281 divortium
251 1231 386 1303 propter
401 1223 598 1286 adulterium
616 1225 766 1288 tolerant.

89 1321 137 1382 In
158 1322 308 1385 Ecclesia
324 1334 434 1388 autem
454 1327 580 1402 Latina,
597 1347 672 1408 quae
690 1329 954 1410 imperatoribus,
971 1331 1153 1412 praesertim

39 1421 75 1483 in
102 1423 209 1486 rebus
231 1424 307 1488 fidei
329 1447 367 1489 ac
389 1449 527 1503 morum,
544 1429 671 1495 sortiter
687 1434 814 1508 restitit,
830 1432 968 1496 firmitas
986 1437 1153 1498 matrimo-

39 1526 153 1588 nialis
169 1528 289 1590 vinculi
307 1529 444 1592 feliciter
459 1544 588 1595 servata
604 1543 661 1597 est.
708 1534 871 1616 Quamvis
887 1538 975 1599 enirn
989 1537 1043 1617 jus
1059 1539 1154 1601 civile

40 1629 236 1694 divortium
261 1635 475 1714 permitteret,
492 1635 605 1698 Patres
621 1636 692 1717 ejus
708 1639 774 1700 vim
791 1649 824 1700 et
841 1636 1071 1703 auctoritatem
1096 1642 1153 1703 ad·

42 1734 191 1796 mittere
207 1735 391 1809 noluerunt,
409 1737 444 1800 5.
457 1737 654 1818 Hieronymo
669 1741 895 1816 assentientes
908 1744 964 1823 qui
981 1744 1155 1820 scribebat,

45 1836 115 1918 Ep.
136 1853 179 1918 77
195 1840 237 1901 ad
255 1839 377 1904 Ocean.
395 1861 424 1902 n.
443 1858 460 1920 3
481 1865 487 1904 :
511 1847 526 1872 ‘¹
538 1841 625 1903 Aliae
641 1853 719 1905 sunt
741 1842 828 1923 leges
846 1844 1014 1908 Caesarum
1031 1857 1065 1909 et
1081 1847 1155 1909 aliae

46 1937 194 2016 Christi,
211 1941 299 2003 aliud
325 1944 535 2024 Papinianus,
552 1944 640 2006 aliud
667 1946 788 2009 Paulus
812 1957 924 2009 noster
946 1950 1154 2030 praecipit...

47 2039 161 2123 Apud
180 2063 248 2121 nos,
265 2046 354 2124 quod
372 2065 437 2108 non
463 2045 540 2109 licet
564 2046 703 2122 lerninis,
720 2067 815 2129 aeque
837 2069 903 2111 non
928 2051 1004 2113 licet
1021 2053 1104 2129 viris
1121 2063 1155 2115 et

48 2148 176 2208 eadem
187 2149 327 2210 servitus
341 2150 409 2230 pari
427 2149 618 2212 conditione
633 2161 786 2212 censetur
796 2151 819 2213 '’.
858 2152 958 2235 Quod
972 2156 1154 2235 praesertim

48 2250 204 2314 obtinuit
220 2252 251 2313 in
267 2251 372 2326 ltalia,
386 2252 442 2314 ubi
455 2253 597 2315 Romani
613 2252 787 2316 Pontifices
801 2256 1002 2318 matrimonii
1016 2257 1155 2320 indisso·

50 2351 213 2415 lubilitati
238 2362 306 2417 tam
331 2355 446 2416 sedulo
459 2355 680 2436 invigilatum,
696 2365 733 2418 ut
749 2357 849 2420 etiam
868 2359 1092 2423 Protestantes
1110 2361 1155 2423 la-

50 2462 191 2532 teantur
208 2455 392 2520 Ecclesiam
416 2458 478 2521 hac
501 2457 543 2520 de
566 2478 601 2519 re
624 2458 818 2520 nullomodo
834 2462 1068 2526 vacillavisse1.
1117 2465 1154 2527 ln

52 2558 168 2621 Gallia
180 2569 302 2636 autern,
314 2561 476 2624 Hibernia
488 2571 522 2625 et
535 2562 660 2642 Anglii
677 2582 783 2642 pauca
800 2563 930 2627 luerunt
947 2566 1157 2646 particularia

51 2662 197 2724 concilia
209 2682 293 2742 quae,
306 2684 420 2745 regum
433 2685 472 2726 ac
488 2665 632 2727 civilium
646 2664 756 2744 legum
770 2664 959 2730 auctoritati
973 2667 1047 2748 plus
1059 2689 1157 2750 aequo

54 2763 211 2842 faventia,
228 2764 355 2846 aliquas
371 2767 503 2829 divortii
526 2786 643 2829 causas
666 2767 881 2844 admiserunt,
897 2780 933 2832 ut
957 2770 1155 2833 adulterium

54 2867 291 2945 incestuosum,
309 2869 433 2950 lepram
451 2869 675 2945 incurabilem,
691 2871 876 2949 ingressum
894 2873 988 2934 unius
1005 2873 1157 2954 conjugis

54 2971 88 3032 in
107 2971 301 3051 religionem
313 2983 334 3034 ².
370 2971 437 3035 Sed
450 2981 558 3034 cetera
573 2971 713 3034 concilia
730 2974 944 3051 provincialia
960 2993 1094 3037 omnem
1108 2976 1157 3038 di-

90 3165 99 3195 ¹
116 3166 161 3218 lta
180 3165 317 3232 Watln'ns,
332 3181 376 3233 op.
390 3165 435 3218 cit
452 3182 476 3232 p.
492 3167 552 3230 380.
568 3163 614 3234 qui
634 3174 729 3218 tamen
748 3164 828 3218 addit
846 3163 961 3218 unicum
981 3164 1155 3230 Pontificem,

58 3254 229 3321 Gregon'um
242 3253 283 3318 Il,
296 3251 409 3306 unicam
421 3253 616 3321 exceptionem
632 3253 661 3304 in
677 3268 744 3305 casu
761 3252 920 3320 particulari
935 3251 1103 3317 admisisse;
1122 3254 1157 3307 de

56 3339 112 3392 hoc
125 3355 192 3392 casu
202 3339 262 3408 jam
275 3338 396 3392 diximus
409 3355 537 3408 supra,n.
547 3354 593 3403 443
613 3337 658 3391 hic
671 3339 776 3394 addere
790 3338 909 3391 sufficiat
922 3337 999 3404 alibi,
1009 3339 1037 3391 in
1047 3341 1157 3392 Instru-

56 3427 146 3478 [iione
164 3426 410 3478 matn'mom‘orum
424 3425 480 3490 (an.
496 3424 566 3490 722),
580 3425 713 3478 eumdem
734 3425 900 3492 Gregoriurn
919 3435 1015 3492 aperte
1034 3435 1158 3479 mentem

58 3529 139 3566 suam
152 3528 292 3580 exponere
305 3512 341 3565 de
355 3510 479 3580 persedit
498 3511 669 3564 matrimonii
690 3510 944 3576 indissolubilitate,
959 3520 989 3564 ut
1008 3511 1102 3565 videre
1115 3527 1158 3566 est

58 3598 133 3668 apud
146 3600 256 3664 Mansr',
269 3608 287 3651 t.
299 3599 339 3650 Xl
348 3600 369 3660 1,
382 3615 407 3666 p.
420 3612 479 3666 259.

94 3679 105 3709 ⁹
125 3687 168 3739 lta
188 3685 317 3754 Synodus
337 3685 533 3737 Vermerz'ensr's
551 3684 626 3754 (753)
646 3694 673 3738 et
694 3685 780 3738 Cone.
802 3684 993 3752 Cornpedr'ense
1013 3683 1086 3751 (756)
1106 3684 1159 3738 sub

60 3772 180 3840 Pippino
201 3788 267 3839 rege
287 3770 423 3836 habiturn,
443 3787 488 3838 ap.
507 3769 653 3822 Hardm'n.
675 3780 693 3824 t.
718 3770 773 3835 ΙΙΙ,
794 3786 820 3838 p.
848 3784 989 3837 1990sq.,
1013 3782 1080 3837 2005
1102 3786 1159 3839 sq.;

60 3857 192 3926 Synodus
213 3857 337 3910 secunda
358 3857 388 3909 S.
408 3857 538 3921 Patn'cr'i,
559 3873 604 3924 ap.
626 3857 735 3923 Mauri,
761 3864 779 3908 t.
801 3856 852 3920 Vl,
874 3872 899 3923 p.
924 3855 981 3922 526,
1002 3871 1073 3924 quae,
1094 3855 1159 3910 licet

62 3947 88 3999 S.
104 3945 226 3998 Patricio
239 3943 362 3998 adscribi
376 3961 432 3998 non
447 3945 543 4013 possit,
556 3955 600 3997 est
613 3955 708 3997 tamen
723 3943 805 3996 valde
818 3943 945 4012 antiqua3
964 3944 1161 3997 Poenitentiale

65 4033 203 4085 Theodori
219 4048 262 4100 ap.
277 4031 403 4084 Haddan
421 4033 482 4083 and
492 4030 600 4097 Stubbs‚
615 4029 757 4096 Councils,
771 4029 825 4082 vol.
841 4029 897 4092 ΙΙΙ,
914 4047 941 4098 p.
961 4029 1017 4082 188.
1034 4059 1069 4068 -
1083 4031 1160 4083 Non·

61 4119 127 4172 nulli
146 4117 270 4185 theologi
291 4117 421 4186 praelatos
435 4132 559 4170 canones
573 4116 601 4168 in
616 4115 786 4169 catholicum
806 4131 921 4168 sensum
941 4115 1095 4183 intelligere
1114 4131 1160 4169 co·

62 4205 117 4260 nati
132 4216 205 4271 sunt,
219 4205 268 4258 sed
282 4205 432 4270 incassum,
446 4215 476 4256 ut
490 4203 655 4272 cuicumque
669 4202 783 4256 eosdem
797 4213 906 4256 attente
919 4201 1023 4270 legenti
1037 4201 1160 4271 patebit;

63 4309 112 4347 nec
124 4293 226 4345 mirum
239 4300 282 4344 est
296 4307 386 4359 pauca
399 4292 507 4344 errasse
521 4287 700 4358 particularia
713 4288 841 4353 concilia,
856 4304 942 4342 ouum
956 4289 1016 4342 sola
1030 4287 1159 4342 Ecclesia
