2794 4662
403 206 460 256 DE
480 205 772 256 Marnuaoulo.
1069 201 1136 252 625

40 393 105 446 tem
122 383 177 466 jus
190 397 241 448 est
258 397 419 462 mutuum,
434 398 469 451 ut
482 398 583 470 patet,
596 398 629 450 et
646 397 853 470 perpetuum,
866 396 902 448 ut
918 385 964 446 sic
981 383 1138 447 excluda-

40 479 97 546 tur
108 506 194 568 vaga
211 497 243 550 et
260 487 434 551 fornicaria
450 509 591 552 sexuum
610 490 816 552 commixtio,

40 589 86 666 (c)
103 589 166 650 Ad
178 589 256 652 vitre
268 593 446 654 communis
461 592 655 654 consortium
673 619 683 651 .·
706 593 759 655 hic
781 591 986 673 significatur
1002 589 1076 652 finis
1091 611 1139 652 sc-

39 691 218 754 cuudorius
233 696 444 769 matrimonii,
458 706 609 758 mutuum
626 695 783 775 juvamen
801 696 890 776 quod
908 714 951 756 ex
968 694 1140 774 utriusque

40 795 153 856 amore
170 807 203 859 et
219 797 377 860 societate
394 799 551 880 exsurgit.

80 909 108 972 4
161 897 412 962 Matrimonium
431 912 553 976 autem,
570 909 734 982 quatenus
755 902 796 963 ad
818 901 1017 982 dignitatem
1033 920 1140 962 sacro·

40 1001 142 1061 menti
156 998 318 1078 evectum,
335 1003 464 1066 definiri
482 1005 567 1067 solet
585 1025 592 1066 ε
618 1003 867 1066 Sacramentum
885 1003 927 1064 N.
945 1002 992 1077 L,
1008 1023 1069 1083 quo
1081 1013 1144 1084 per

38 1123 224 1164 consensum
239 1106 496 1168 contrahentium
513 1107 655 1188 legitime
661 1108 857 1187 proestitum,
867 1106 984 1186 gratio
999 1104 1140 1185 conjugi-

38 1205 95 1266 bus
111 1207 278 1285 confertur
288 1208 336 1269 ad
348 1209 554 1272 matrimonii
567 1209 670 1294 officio
685 1210 748 1272 rite
759 1208 975 1290 odiumlendo.
1012 1208 1142 1270 Dicitur

41 1303 95 1391 (a)
115 1319 180 1388 per
200 1331 383 1372 consensum
406 1313 677 1388 contrahentium,
700 1323 737 1397 ut
761 1313 807 1374 sic
831 1312 1046 1394 designentur
1069 1320 1140 1372 tum

39 1411 179 1472 motoria
201 1421 234 1473 et
245 1413 361 1490 forrum
384 1414 482 1494 hujus
500 1415 709 1490 sacramenti,
726 1435 800 1495 quae
826 1417 857 1477 in
882 1416 955 1495 ipso
973 1413 1141 1476 matrimo-

39 1513 116 1575 niali
135 1514 308 1578 contractu
325 1536 382 1578 seu
405 1520 550 1598 partium
568 1539 731 1582 consensu
749 1519 813 1581 sita
830 1528 889 1592 est,
906 1529 977 1580 tum
996 1517 1145 1579 ministri

38 1618 92 1696 qui
118 1627 198 1681 sunt
222 1620 283 1700 ipsi
308 1620 563 1700 contrahentes;
580 1621 632 1703 (b)
650 1623 765 1704 gratio
781 1622 949 1703 confertur
1023 1619 1142 1702 quibus

39 1721 148 1783 verbis
173 1721 359 1784 declaratur
382 1723 510 1805 effertus
532 1726 740 1800 sacramenti,
758 1725 912 1787 videlicet
935 1724 1051 1804 gratiae
1067 1743 1143 1784 san·

41 1821 220 1887 ctificantis
236 1837 452 1906 augmentum
470 1847 545 1890 cum
567 1827 641 1907 jure
664 1829 706 1890 ad
730 1828 854 1908 gratias
875 1824 1021 1889 actuales
1046 1827 1143 1889 utiles

45 1927 93 1988 vel
112 1931 315 1992 necessarias
332 1933 373 1994 ad
391 1930 499 1992 officia
516 1931 717 1992 matrimonii
741 1930 802 1992 rite
825 1929 989 2004 obeunda,
1006 1939 1042 1991 ut
1065 1948 1142 1990 con·

37 2029 135 2110 juges
154 2031 289 2112 pacifice
305 2036 418 2096 vivant
435 2032 585 2114 filiosque
602 2033 780 2096 christiane
797 2033 947 2094 educent.

80 2145 109 2211 5
150 2133 299 2197 Diuisio-
326 2136 561 2217 Dogmaticam
576 2135 761 2200 doctrinam
776 2139 817 2199 de
831 2135 1047 2198 Matrimonio
1060 2154 1141 2215 qua·

40 2245 114 2296 tuor
131 2235 279 2298 articulis
296 2239 618 2320 comprehendemus
636 2261 643 2302 ι

59 2531 61 2536 ¹
95 2567 299 2631 Eximit
330 2527 539 2678 iiiiiiina

356 2788 626 2869 Inseparabilitas
643 2787 834 2852 contractus
851 2809 870 2850 a
887 2796 1105 2848 sacramento

114 2913 274 2976 Essentia
357 2874 515 2937 Minister.

275 2963 282 2976 ‘
357 2961 498 3024 Materia
515 2971 548 3024 et
566 2961 679 3025 forma.

358 3047 516 3109 Ecclesiae
534 3058 683 3130 potestas
700 3049 787 3110 circa
806 3045 1067 3107 Matrimonium.

335 3231 349 3472 Ι
391 3263 513 3326 UnitaS
533 3287 539 3325 :
578 3220 651 3353 l[De
668 3219 860 3318 polygamia
876 3218 1071 3316 simultanett

600 3308 651 3369 De
668 3309 861 3390 polygamrt
877 3308 1071 3367 successiva.

81 3434 317 3514 Proprietates.

335 3475 350 3726 l
373 3521 553 3584 Indissolu·
598 3481 652 3543 Ex
667 3481 740 3579 jure
753 3480 874 3541 divino.
892 3565 899 3578 ι

407 3608 520 3670 bilitas
578 3487 652 3720 <Ex
667 3587 741 3648 Jure
758 3565 909 3628 naturalt.

598 3653 834 3734 Exceptiones.

360 3822 413 3886 Ad
432 3824 532 3905 prolis
549 3826 790 3888 educationem.

125 3906 281 3972 Effectus.
342 3867 414 3971 'Ad
432 3909 612 3990 conjugum
631 3921 783 3975 mutuum
802 3929 958 3972 amorem.

361 3995 415 4058 Ad
433 4001 740 4080 concupiscentiam
759 3997 1008 4061 moderandam.

138 4435 262 4480 Svuorsrs
275 4434 319 4480 111.
334 4458 361 4466 -
374 4448 404 4484 40
