2738 4646
242 165 306 216 2⁷6
433 163 680 215 'rnacmus
698 163 754 212 DE
773 158 1144 214 commmunione.

240 340 458 399 summentur”.
498 341 611 399 Iterum
630 340 753 412 quando
772 339 801 398 S.
819 339 928 398 Paulus
947 337 1120 410 discipulos,
1136 353 1210 408 quos
1223 332 1326 405 Ephesi

242 427 363 496 invenit,
373 427 563 499 interrogavit
576 427 680 486 dicens
693 447 699 484 :
719 427 770 484 “Si
783 427 924 500 Spiritum
938 426 966 484 S.
976 423 1134 498 accepistis
1146 419 1327 480 credentes”?

241 514 334 586 liquet
348 513 403 585 ipsi
417 531 591 587 persuasum
605 515 696 573 fuisse
708 514 887 572 christianos
900 531 1006 572 omnes
1020 512 1162 585 Spiritum
1176 509 1202 567 S.
1213 527 1265 581 per
1276 524 1326 562 ma·

242 617 334 658 nuum
349 600 568 673 impositionem
582 601 731 674 accipere;
750 601 833 674 quod
847 601 970 672 quidem
984 600 1022 658 de
1035 599 1119 658 dono
1132 595 1327 654 miraculorum

243 686 364 758 intelligi
378 687 491 758 nequit,
503 705 595 758 quum
611 705 671 745 non
685 705 791 746 omnes
805 687 878 746 illud
891 687 1079 759 acciperent;
1098 701 1178 756 ergo.

286 827 332 906 (cl
350 827 587 890 Permanenter
600 849 622 889 a
640 825 768 892 Christo
790 828 995 900 institutum·
1022 826 1112 888 solus
1136 825 1222 886 enim
1246 821 1328 883 Deus

244 939 355 1014 potest
370 931 512 1012 gratiam
529 932 666 1012 alligare
682 933 780 1013 signo
797 931 954 1007 sensibili,
964 940 997 993 et
1013 928 1165 1012 quamvis
1178 945 1241 988 non
1253 925 1328 986 dire-

243 1029 296 1117 dle
318 1043 483 1107 asseratur
507 1034 539 1095 in
559 1032 677 1115 Script.
694 1053 761 1114 quo
784 1043 934 1116 tempore
951 1032 1170 1097 Confirmatio
1190 1028 1328 1090 instituta

245 1135 349 1209 luerit,
365 1135 430 1199 dici
455 1145 566 1218 potest
590 1136 679 1199 illam
705 1138 903 1220 promissam
926 1135 1026 1198 fuisse
1048 1136 1080 1196 in
1105 1133 1221 1196 ultima
1236 1131 1329 1198 crena,

244 1239 379 1318 quando
395 1238 546 1302 Christus
562 1239 664 1302 semel
682 1249 716 1302 et
733 1240 851 1303 iterum
867 1241 1010 1320 Spiritus
1027 1238 1060 1302 S.
1077 1237 1256 1300 adventum
1279 1251 1327 1293 an-

246 1342 417 1414 nuntiavit,
434 1352 468 1405 et
489 1341 658 1406 definitive
683 1332 878 1406 institutam
896 1342 997 1405 fuisse
1020 1351 1097 1424 post
1119 1331 1328 1402 Resurreftio·

245 1463 331 1513 nem.
346 1446 427 1507 dum
445 1443 596 1508 Christus
613 1445 802 1526 loqueretur
815 1465 890 1508 cum
905 1444 1078 1526 Apostolis
1095 1445 1138 1505 de
1153 1460 1253 1522 regno
1267 1435 1329 1506 Dei,

245 1566 286 1606 sc.
301 1548 342 1609 de
357 1546 506 1609 Ecclesia
521 1547 660 1628 ejusque
677 1548 923 1610 constitutione.
966 1547 1103 1627 Insuper
1115 1538 1329 1627 permanentia

246 1648 331 1710 illius
348 1649 429 1711 ritus
445 1649 604 1731 probatur
620 1670 664 1712 ex
681 1650 777 1731 praxi
797 1649 1037 1731 Apostolorum
1057 1649 1090 1709 in
1111 1647 1192 1710 locis
1209 1646 1273 1726 jam
1293 1641 1329 1701 ci·

246 1751 333 1824 tatis,
350 1760 383 1813 et
407 1771 450 1823 ex
474 1753 571 1832 praxi
596 1753 763 1832 prirnaevae
788 1751 956 1814 Ecclesiae.
1012 1751 1126 1812 Patres
1153 1749 1239 1810 enim
1261 1763 1329 1825 apo

250 1852 357 1914 stoliei
372 1853 442 1933 jam
456 1852 658 1916 subobscure
669 1862 934 1920 commemorant
945 1851 1215 1916 Confirmationis
1225 1850 1329 1910 ritum:

251 1954 481 2030 Tertullianus,
504 1965 650 2018 exeunte
673 1976 746 2018 saec.
774 1955 818 2030 11,
841 1955 1000 2037 explicite
1024 1955 1066 2029 de
1090 1974 1131 2015 eo
1154 1952 1329 2032 loquitur¹:

246 2057 351 2118 “Post
369 2057 579 2139 Baptismum
597 2077 717 2119 manus
734 2057 918 2138 imponitur
934 2077 991 2138 per
1008 2051 1270 2118 benedictionem
1283 2047 1329 2110 ad·

246 2179 369 2224 vocans
379 2169 412 2221 et
424 2159 569 2221 invitans
581 2159 743 2240 Spiritum
756 2159 807 2223 S.”
844 2159 930 2222 Item
944 2157 979 2221 S.
989 2156 1174 2240 Cyprianus
1183 2149 1330 2236 (saeclll)

246 2262 368 2323 diserte
385 2263 540 2324 eumdem
565 2263 665 2324 ritum
690 2262 890 2325 describit²z
918 2261 1038 2342 “Ungi
1062 2279 1196 2341 quoque
1212 2271 1330 2322 neccsse
1351 2243 1352 2295 l

247 2375 297 2428 est
318 2385 394 2426 eum
416 2367 471 2446 qui
497 2366 687 2446 baptizatus
711 2375 771 2442 cst,
788 2374 833 2440 ut,
850 2372 989 2444 accepto
1004 2364 1192 2438 chrismate,
1209 2361 1226 2424 i.
1243 2381 1267 2422 e.
1282 2375 1329 2419 un·

247 2466 365 2542 dtione,
378 2488 450 2530 esse
467 2467 586 2532 unctus
601 2469 676 2531 Deo
688 2480 721 2531 et
737 2467 858 2530 habere
876 2469 908 2530 in
925 2487 960 2530 se
976 2466 1117 2548 gratiam
1133 2463 1253 2529 Christi
1269 2477 1329 2543 pos·

248 2571 290 2632 sit
301 2571 324 2631 ’'.
372 2571 417 2634 Et
440 2571 474 2634 S.
496 2572 638 2652 Cyrr'llus
655 2571 973 2651 Hierosolymitanus
993 2569 1080 2648 (saec.
1099 2569 1166 2650 IV)
1182 2569 1327 2649 integram

247 2657 447 2719 catechesim
465 2659 550 2720 circa
567 2657 864 2721 Confirmationem
881 2656 1019 2738 scripsit.

290 2821 319 2886 4.
366 2807 777 2898 (BlRat.conoenr'entioe³.
824 2809 938 2892 Quum
950 2821 1158 2873 sacramenta
1168 2810 1210 2872 ad
1222 2807 1328 2891 specia-

248 2911 295 2972 les
311 2912 427 2992 gratiae
444 2911 582 2976 effectus
598 2914 803 2990 ordinentur,
819 2914 874 2977 ubi
896 2913 1037 2977 occurrit
1058 2914 1211 2996 specialis
1231 2909 1329 2995 gratie

195 3045 198 3052 ·
249 3011 437 3086 necessitas,
459 3012 502 3073 ibi
525 3013 669 3094 speciale
690 3022 934 3075 sacramentum
957 3036 1029 3079 esse
1050 3017 1228 3094 convenit,
1254 3007 1328 3092 atqui

248 3114 380 3192 quando
396 3115 546 3178 adultam
564 3126 698 3204 aetatem
716 3117 923 3197 attingimus,
940 3119 1075 3200 speciali
1096 3121 1205 3200 gratia
1220 3113 1329 3181 roboris

249 3215 459 3296 indigemus:
481 3202 565 3280 sicut
582 3220 670 3281 enim
689 3220 721 3280 in
734 3220 803 3282 vita
820 3221 961 3283 naturali
977 3241 1040 3284 non
1058 3221 1180 3285 sufficit
1196 3233 1231 3286 ut
1246 3221 1329 3283 bomo

249 3328 411 3394 nascatur,
424 3322 481 3382 sed
500 3323 677 3402 requiritur
690 3331 727 3384 ut
740 3333 875 3396 crescat,
886 3324 1066 3401 roboretur,
1075 3327 1265 3408 virilemque
1279 3323 1328 3384 ior·

249 3421 423 3483 titudinem
440 3425 590 3504 acquirat
607 3426 648 3486 ad
663 3426 739 3486 vitae
756 3423 969 3490 difficultates
985 3438 1117 3492 strenue
1134 3427 1328 3511 superandas,

249 3525 295 3586 ita
319 3525 441 3605 pariter
457 3527 489 3588 in
508 3527 575 3589 vita
592 3529 755 3609 spirituali
778 3549 844 3591 non
867 3531 986 3594 sufficit
1007 3542 1043 3594 ut
1062 3552 1121 3612 per
1138 3533 1327 3614 Baptismum

250 3647 433 3700 nascamur,
454 3630 512 3692 sed
537 3631 714 3710 requiritur
737 3642 772 3693 ut
796 3633 917 3695 virtute
939 3654 1134 3711 crescamus
1157 3636 1328 3711 virilemque

250 3731 477 3796 fortitudinem
495 3736 714 3816 acquiramus,
730 3741 794 3817 qud
811 3745 928 3798 contra
944 3737 1062 3800 salutis
1082 3737 1196 3801 hostes
1216 3749 1327 3800 strenue

250 3832 407 3898 dimicare
423 3837 601 3912 valeamus,
620 3850 718 3920 prout
739 3842 836 3902 decet
859 3840 978 3904 milites
996 3841 1118 3904 Christi
1135 3865 1142 3920 ;
1168 3862 1240 3905 nam
1256 3837 1327 3900 “mi-

251 3935 320 4012 litia
337 3949 387 4000 est
403 3940 471 4002 vita
485 3937 631 4002 hominis
648 3963 748 4022 super
764 3953 884 4006 terram
895 3946 956 4022 ’'4;
979 3965 1066 4026 erg0.

286 4172 294 4202 r
313 4155 429 4208 Tertull.
446 4157 490 4210 De
505 4159 584 4226 Bapt.
600 4177 623 4212 c.
641 4161 665 4214 8.
684 4189 712 4198 -
726 4167 736 4190 ²
751 4161 840 4230 Epist
857 4174 898 4231 70,
913 4180 938 4215 n.
954 4179 976 4216 2.

287 4251 296 4280 ³
311 4241 340 4293 5.
360 4241 386 4293 T
384 4241 455 4294 hom.
472 4257 496 4317 3,
514 4261 541 4313 q.
558 4259 598 4312 72,
616 4263 641 4308 a.
659 4261 680 4299 1.
696 4278 730 4285 —
744 4251 753 4280 ⁴
760 4248 824 4316 Jot.
841 4249 909 4313 Vll,
928 4267 948 4310 l·
