2770 4646
276 187 332 236 DE
352 185 742 239 SACRAMENTORUM
763 185 910 236 CAUSA.
1081 176 1140 226 199

55 367 145 429 etiam
172 388 259 430 nunc
285 371 374 450 apud
401 367 587 433 Orientales
613 367 798 442 adhibetur,
825 369 906 429 dum
936 366 1004 428 sola
1035 363 1140 426 sorma

56 470 223 534 indicativa
237 494 258 537 a
275 472 388 536 multis
402 474 522 536 dicitur
537 489 609 534 esse
625 471 735 534 valida
754 471 785 532 in
809 469 959 534 Ecclesia
976 469 1138 530 Romana.

56 572 85 632 E
104 585 211 636 contra
230 577 452 639 communiter
472 576 610 638 docetur
631 575 662 635 in
684 573 747 636 Ex.
767 571 934 638 Unttione
954 572 1055 634 solam
1077 570 1140 632 lor-

55 695 137 738 mam
152 678 384 758 deprecativam
400 679 545 741 validam
562 697 643 752 esse,
657 686 691 739 et
712 676 926 738 nihilominus
947 684 1072 737 certum
1089 681 1139 734 est

55 779 84 837 in
103 781 207 843 multis
222 780 366 864 antiquis
384 781 572 845 Ritualibus
587 779 728 842 sormam
750 778 928 841 absolutam
945 777 1090 848 inveniri,
1106 785 1140 837 et

53 881 84 940 in
101 881 166 945 aliis
181 884 331 961 formam,
347 905 479 967 prorsus
494 886 657 948 diversam
680 884 723 945 ab
743 887 782 946 eh
801 903 876 964 quae
897 903 983 945 nunc
1004 880 1138 944 adhibe-

53 993 111 1058 tur,
124 1007 286 1053 occurrere
297 1001 318 1051 ¹.
365 991 409 1052 Et
431 989 477 1052 sic
496 990 538 1051 de
556 987 635 1050 aliis.
682 984 732 1065 (b)
754 985 958 1047 Mutationes
972 983 1139 1046 nonnullae

53 1089 167 1166 pariter
195 1091 227 1152 in
259 1093 407 1153 materiis
435 1101 619 1155 occurrunt.
676 1090 796 1172 Quoad
834 1089 1138 1167 confirmationem,

54 1191 228 1272 Apostolos
247 1194 317 1257 sola
337 1215 494 1257 manuum
520 1193 732 1276 impositione
754 1212 830 1255 usos
850 1192 949 1255 luisse
970 1191 1139 1275 Scriptura

53 1297 165 1372 tradit;
186 1297 261 1360 huic
277 1308 393 1380 postea
417 1298 532 1361 addita
555 1298 616 1361 luit
639 1296 825 1359 chrismatis
848 1293 970 1370 unttio,
985 1306 1018 1358 et
1041 1297 1139 1360 hodie

52 1399 81 1459 in
99 1399 284 1464 Graecorum
303 1401 506 1483 euchologiis
527 1421 569 1462 ne
586 1399 761 1462 minimum
782 1398 917 1478 quidem
940 1399 1076 1463 verbum
1097 1403 1139 1463 de

52 1503 254 1582 impositione
278 1525 436 1568 manuum
460 1504 641 1585 reperitur;
667 1501 777 1583 quoad
798 1500 968 1576 Ordinem,
984 1501 1054 1564 sola
1070 1523 1138 1564 ma·

52 1626 146 1670 nuum
163 1609 332 1689 impositio
347 1619 505 1688 tanquam
528 1606 609 1669 ritus
632 1603 817 1667 essentialis
841 1604 873 1665 in
897 1603 1067 1686 Scriptura
1082 1607 1139 1668 de·

52 1710 203 1784 scribitur,
218 1720 252 1773 et
268 1711 369 1773 etiarn
391 1710 489 1771 hodie
510 1709 598 1789 apud
621 1706 809 1794 Qrientales
824 1706 1008 1782 adhibetur,
1024 1710 1104 1772 dum
1120 1729 1139 1772 e

52 1821 160 1874 contra
182 1813 353 1898 Decretum
379 1812 426 1872 nd
448 1812 610 1875 Armenes
633 1820 746 1894 aperte
770 1810 938 1874 declarat:
967 1813 1137 1877 “Sextum

53 1935 178 1978 sacram.
196 1927 246 1978 est
262 1916 408 1991 Ordinis,
424 1915 517 1996 cujus
534 1915 672 1978 materia
690 1924 740 1976 est
760 1913 839 1976 illud
856 1934 915 1996 per
929 1915 1022 1994 cujus
1039 1918 1138 1980 tradi·

53 2018 168 2081 tionem
184 2018 351 2081 confertur
366 2017 457 2093 ordo,
468 2019 553 2082 sicut
569 2018 817 2100 presbyteratus
832 2018 974 2080 traditur
989 2037 1047 2099 per
1061 2020 1138 2083 cali-

52 2123 93 2182 cis
113 2143 185 2184 cum
205 2123 292 2198 vino,
308 2131 341 2184 et
364 2130 495 2203 patenae
519 2141 593 2185 curn
618 2141 705 2202 pane
724 2117 964 2201 porredtionem
978 2121 1001 2182 ''.
1050 2122 1139 2184 Hinc

53 2226 162 2287 acriter
183 2223 330 2310 theologi
354 2223 527 2306 disputant
551 2243 704 2304 quaenam
730 2223 773 2286 sit
798 2223 935 2284 materia
956 2226 1138 2287 essentialis

52 2327 142 2408 hujus
157 2327 362 2390 sacramenti.
408 2325 463 2388 Ex
479 2327 529 2388 his
546 2324 641 2390 fatus
656 2325 783 2408 duplex
800 2326 950 2388 educitur
964 2346 1138 2408 argumen-

52 2441 137 2493 tum:
156 2429 205 2510 (α)
221 2429 422 2492 mutationes
438 2429 469 2490 in
488 2429 593 2502 rebus,
608 2449 683 2510 quae
705 2429 895 2491 essentiales
918 2428 1017 2490 hodie
1033 2432 1138 2494 consi-

51 2535 207 2608 derantur,
223 2531 320 2596 raaae
340 2541 417 2595 sunt
432 2533 542 2613 quoad
561 2533 715 2594 materias
731 2542 765 2594 et
781 2531 902 2594 formas
918 2536 1137 2612 quorumdam

52 2646 346 2712 sacramentorum
379 2637 470 2715 atqui
501 2636 528 2696 si
559 2635 710 2698 Christus
738 2635 909 2697 materiam
937 2645 971 2697 et
998 2637 1137 2701 sormam

52 2741 191 2804 omnium
207 2750 488 2802 sacramentorum
505 2739 536 2800 in
554 2740 664 2819 specie
675 2739 938 2812 determinasset,
948 2738 1138 2818 hujusmodi

54 2846 244 2907 mutationes
259 2862 427 2905 occurrere
447 2862 512 2904 non
534 2843 728 2924 potuissent,
743 2861 846 2922 quum
865 2841 1013 2903 Ecclesia
1030 2864 1139 2906 essen-

53 2948 169 3010 tialium
191 2947 314 3008 rituum
335 2945 440 3009 fidelis
461 2955 571 3008 custos
591 2947 765 3019 exstiterit,
782 2954 818 3007 ut
837 2965 897 3026 pro
920 2944 1091 3026 Baptismo
1106 2959 1139 3011 et

54 3049 251 3114 Eucharistih
282 3059 433 3128 constat;
466 3069 553 3126 ergo.
601 3049 650 3130 (b)
683 3050 823 3129 Insuper
853 3048 914 3109 nisi
945 3049 1141 3112 admittatur

54 3151 210 3218 Christum
229 3152 386 3214 Ecclesiae
400 3153 620 3232 quorumdam
638 3161 919 3214 sacramentorum
937 3156 1090 3216 materias
1105 3166 1139 3218 et

54 3255 164 3320 formas
181 3253 371 3318 facultatem
390 3255 420 3315 in
438 3254 548 3336 specie
564 3254 808 3318 determinandi
833 3252 1012 3335 reliquisse,
1028 3257 1138 3318 dicen-

53 3359 122 3422 dum
145 3367 197 3423 est
221 3378 279 3440 per
304 3356 408 3420 multa
434 3357 554 3420 saecula
582 3357 740 3419 nonnulla
765 3367 971 3420 sacramenta
994 3359 1139 3421 invalida

53 3459 149 3538 fuisse,
164 3472 198 3524 et
218 3462 319 3523 etiam
341 3480 428 3522 nunc
449 3461 536 3541 apud
559 3460 693 3522 Graecos
715 3461 815 3522 modo
837 3460 982 3522 invalido
998 3461 1139 3522 admini-

54 3568 155 3643 strari;
177 3564 266 3646 quod
284 3566 418 3647 quidem
436 3585 455 3626 a
472 3567 605 3626 nemine
622 3565 753 3627 admitti
771 3574 903 3646 potest;
922 3583 1008 3644 ergo

90 3669 142 3751 (C)
157 3669 230 3732 Nec
245 3669 358 3730 obstat
381 3667 411 3729 T
409 3668 523 3731 retient.
537 3667 709 3731 declarans
727 3667 909 3730 Ecclesiam
928 3677 1056 3729 mutare
1072 3687 1137 3730 non

55 3787 139 3848 posse
153 3781 435 3856 sacramentorum
453 3771 672 3835 substantiam
688 3791 694 3847 ;
716 3791 803 3844 nam,
816 3770 848 3830 in
867 3769 1010 3830 materiis
1027 3780 1059 3832 et
1075 3769 1138 3832 sor-

55 3874 107 3934 mis
124 3876 176 3938 illa
199 3876 271 3938 sola
289 3874 520 3937 substantialia
539 3883 616 3936 sunt
635 3894 710 3954 quae
726 3873 876 3936 Christus
893 3873 963 3954 ipse
979 3875 1121 3937 instituit
1131 3897 1139 3952 ;

53 3973 185 4052 jamvero
201 3981 238 4056 si,
251 3988 287 4041 ut
299 3977 542 4053 contendimus,
555 3977 686 4040 nonnisi
700 3979 800 4038 modo
812 3977 965 4057 generico
975 3979 1137 4057 quasdam

55 4083 193 4145 materias
219 4093 253 4146 ct
280 4081 403 4144 formas
429 4080 706 4156 determinaverit,
732 4080 918 4143 substantia
945 4083 1136 4144 earumdem

85 4281 91 4312 ¹
104 4285 140 4341 Cl.
154 4290 292 4356 Martem,
305 4305 349 4357 op.
363 4287 409 4344 cit.
426 4287 473 4342 lib.
490 4289 511 4356 1,
525 4305 586 4357 cap.
603 4301 627 4356 7,
642 4303 665 4340 a·
681 4301 706 4356 3·
