2770 4652
364 199 419 248 DE
437 197 677 249 shcmnmo
696 195 847 247 MISSAE.
1091 190 1151 244 ⁴61

56 375 93 438 N.
109 375 210 458 Legis
223 397 230 452 ;
254 397 342 459 ergo.
382 378 609 440 Protestantes
621 375 775 456 equidem
789 394 854 436 non
868 371 1052 436 admittunt
1064 371 1152 434 hunc

54 476 173 540 librum
191 499 262 542 esse
279 479 485 562 inspiratum,
502 479 560 542 sed
582 478 653 559 ejus
669 477 814 540 valorem
839 474 1031 538 historicum
1053 476 1152 538 dene-

53 601 130 661 gare
147 591 327 662 nequeunt,
344 592 378 644 et
400 582 463 646 hoc
479 581 602 646 sufficit
618 591 654 645 ut
669 581 865 644 ostendatur
880 595 1034 660 quaenam
1056 575 1152 640 suerit

53 684 191 764 antiqua
202 683 394 766 Judaeorum
413 683 494 748 fides
507 685 593 747 circa
609 702 723 765 preces
736 678 944 745 etsacrificia
960 699 1019 760 pro
1035 678 1152 742 desun-

53 783 120 852 rtis.
168 787 218 868 (b)
235 787 311 850 leat.
332 788 432 852 Tlreol.
480 786 683 853 Sacrificium
699 786 812 848 Missae
828 792 878 847 est
894 780 1150 846 satissadtorium

52 899 84 950 et
97 890 365 972 impetratorium
381 913 387 967 ;
404 893 496 973 atqui
510 892 572 954 sub
585 901 726 972 utroque
738 884 888 971 respectu
902 885 1040 950 mortuis
1053 886 1150 967 prod·

51 1011 121 1054 esse
145 1002 282 1073 potest;
313 1003 477 1075 quatenus
494 991 750 1056 satisladtorium
774 987 899 1054 diredte
923 989 1149 1052 remissionem

51 1115 160 1174 poenae
183 1096 321 1172 obtinet,
340 1106 505 1178 quatenus
529 1095 792 1177 impetratorium
816 1091 1003 1155 viventibus
1026 1092 1150 1172 gratias

51 1197 178 1261 obtinet
192 1199 311 1280 quibus
325 1199 514 1262 excitantur
526 1200 568 1262 ad
582 1199 670 1261 bona
683 1217 785 1279 opera
797 1195 948 1258 facienda
961 1215 1020 1276 pro
1032 1193 1150 1258 delun-

51 1296 117 1362 urs.
167 1301 266 1383 Ergo.

92 1419 160 1484 194.
208 1416 244 1465 2⁰
259 1404 394 1484 Reguloe
405 1404 563 1484 prndir'coe.
609 1403 720 1486 Quum
742 1422 874 1485 prorsus
894 1401 1063 1486 ignoretur
1078 1401 1148 1481 qui·

49 1522 124 1566 nam
147 1506 268 1568 sintin
294 1507 496 1587 Purgatorio,
514 1506 589 1568 licet
612 1506 752 1567 Missam
774 1503 892 1568 offerre
913 1525 973 1586 pro
993 1503 1148 1566 omnibus

50 1604 221 1682 defundtiS,
237 1608 299 1670 nisi
317 1609 467 1690 specialis
484 1609 571 1671 adsit
587 1607 745 1671 Ecclesiae
762 1607 948 1689 prohibitio
993 1607 1148 1686 Jamvero

49 1708 162 1788 regula
184 1711 347 1791 generalis
369 1711 528 1773 Ecclesiae
552 1720 602 1773 est
626 1707 663 1774 ut
685 1710 806 1793 quibus
829 1711 1028 1793 deneganda
1051 1709 1149 1775 fuerit
1172 1777 1176 1786 ,

50 1813 215 1892 sepultura
231 1815 462 1891 ecclesiastica,
479 1814 636 1897 denegari
658 1815 805 1877 debeant
826 1813 983 1896 suffragia
1007 1813 1146 1894 publica

51 1912 137 1978 Hinc
154 1918 308 1980 sacerdos
325 1938 391 1980 non
408 1927 519 1999 potest
535 1919 675 1999 publice,
692 1919 827 1981 nomine
844 1917 1012 1992 Ecclesiae,
1025 1916 1146 1978 sacrifi-

49 2017 132 2082 cium
150 2021 267 2083 ofierre
283 2041 343 2103 pro
359 2023 657 2085 excommunicatis
673 2021 827 2096 vitandis
843 2021 899 2102 qui
916 2039 977 2083 nec
993 2027 1071 2081 ante
1087 2039 1147 2082 nec

49 2131 120 2199 post
137 2133 279 2187 mortem
297 2125 440 2187 absoluti
457 2124 598 2201 suerunt,
613 2145 673 2186 nec
689 2144 747 2205 pro
763 2123 926 2186 haereticis
939 2132 972 2186 et
989 2122 1146 2184 schisma·

49 2224 117 2288 ticis
133 2228 174 2290 ad
192 2226 317 2291 settam
341 2227 472 2310 publice
493 2228 746 2311 pertinentibus,
763 2245 869 2309 neque
886 2246 946 2307 pro
963 2224 1146 2288 infantibus

48 2339 120 2392 ante
141 2331 347 2414 baptismum
370 2333 516 2396 mortuis.
566 2332 663 2407 Hinc,
679 2351 783 2412 quum
800 2350 819 2392 a
836 2329 868 2394 S.
887 2327 1007 2394 Officio
1023 2329 1147 2410 quaesi-

48 2433 113 2490 tum
131 2429 248 2494 luisset
263 2437 331 2493 “an
350 2430 447 2494 liceat
466 2431 603 2493 Missam
621 2429 737 2492 offerre
752 2450 814 2510 pro
830 2427 894 2490 illis
910 2428 967 2510 qui
989 2427 1023 2490 in
1041 2427 1145 2488 mani-

48 2525 126 2594 festa
142 2533 258 2596 haeresi
276 2535 470 2611 moriuntur,
484 2535 666 2614 praesertim
683 2533 819 2614 quando
831 2532 1021 2614 hujusmodi
1039 2530 1145 2612 appli-

47 2631 130 2693 catio
146 2644 226 2696 nota
243 2644 338 2710 esset,
354 2670 397 2680 -
413 2655 455 2698 an
481 2635 556 2698 licet
577 2635 677 2697 etiam
703 2635 734 2696 in
757 2654 845 2710 casu,
860 2653 928 2715 quo
950 2632 1143 2714 hujusmodi

48 2733 222 2814 applicatio
239 2737 352 2798 Missae
376 2746 506 2800 tantum
524 2738 697 2812 sacerdoti,
713 2747 746 2799 et
770 2737 816 2798 illi
840 2737 896 2817 qui
919 2737 979 2799 dat
1001 2735 1143 2797 eleemo-

48 2851 158 2912 synam
184 2846 264 2901 nota
288 2841 411 2914 esset”,
429 2839 460 2905 S.
478 2838 636 2905 Officium
661 2841 807 2920 negative
828 2839 869 2900 ad
893 2848 1071 2919 utrumque
1095 2857 1142 2898 re-

48 2941 176 3015 spondit
196 2956 215 3018 7
239 2940 365 3022 Aprilis
391 2944 469 3022 1875
493 2943 593 3022 (Ana
612 2943 646 3004 S.
665 2941 769 3017 Sedes,
788 2941 880 3004 Febr.
903 2942 992 3020 1893,
1009 2960 1037 3020 p.
1054 2939 1141 3021 445).

48 3035 140 3118 Quod
158 3044 292 3124 quidem
310 3046 475 3109 sancitum
492 3057 542 3109 est
564 3066 605 3107 ne
628 3045 710 3108 sorte
727 3065 770 3106 ex
787 3044 952 3106 contraria
972 3044 1068 3124 praxi
1085 3043 1141 3104 de·

48 3141 238 3209 ducerentur
247 3168 363 3210 omnes
375 3147 615 3212 Christianismi
628 3147 751 3210 formas
761 3167 833 3210 esse
845 3146 1017 3228 aequaliter
1028 3147 1141 3225 bonas,

47 3249 141 3310 etsie
162 3251 215 3312 via
237 3249 513 3314 indifferentismo
533 3262 710 3334 pararetur.
759 3251 860 3316 Unde
882 3251 985 3332 qui‚a
1008 3251 1141 3314 nemine

49 3361 183 3430 rogatus,
199 3363 319 3433 sponte
342 3355 480 3416 Missam
505 3355 688 3436 applicaret
709 3375 769 3435 pro
791 3355 947 3417 haeretico
969 3352 1141 3428 materiali,

47 3454 95 3528 qui
111 3454 198 3516 bona
216 3455 280 3517 fide
296 3465 329 3519 ct
347 3457 378 3517 in
396 3458 502 3536 gratia
519 3457 630 3520 divina
647 3457 745 3518 evita
759 3458 916 3538 migrasse
929 3456 1067 3528 videtur,
1078 3454 1140 3516 sub

47 3549 100 3617 hac
116 3557 338 3639 prohibitione
355 3559 571 3640 probabiliter
587 3580 653 3622 non
670 3560 812 3623 caderet.

86 3659 168 3722 Haec
195 3658 362 3723 sufficiant
389 3662 431 3724 de
460 3661 520 3726 SS.
549 3661 769 3724 Eucharistiae
798 3661 963 3743 mysterio.
1020 3659 1139 3724 Clerici

47 3770 147 3825 autem
165 3783 233 3844 prae
250 3764 354 3826 oculis
371 3764 517 3827 habeant
534 3765 605 3827 haec
621 3764 722 3826 verba
741 3788 748 3826 ε
772 3764 837 3828 “Si
857 3763 996 3826 haberes
1014 3762 1139 3843 angeli-

48 3879 111 3927 cam
139 3867 318 3948 puritatem
347 3878 381 3930 et
409 3867 441 3932 S.
464 3869 492 3948 J.
519 3868 679 3949 liaptistae
707 3864 932 3943 sanctitatem,
955 3885 1022 3929 non
1050 3884 1139 3926 esses

48 3963 157 4047 dignus
174 3969 237 4032 hoc
254 3980 499 4033 sacramentum
521 3972 669 4052 accipere
685 3970 737 4032 vel
759 3966 909 4031 tractare.
954 3968 1032 4033 Non
1050 3967 1139 4032 enim

48 4065 101 4132 hoc
118 4073 242 4136 meritis
259 4074 400 4136 debetur
415 4074 588 4136 hominurn
605 4073 695 4156 quod
713 4074 816 4136 homo
832 4084 1002 4138 consecret
1019 4083 1053 4138 et
1075 4082 1139 4136 tra-

48 4165 106 4236 tter
123 4175 245 4240 Christi
262 4187 518 4254 sacramentum,
531 4187 565 4239 et
582 4188 694 4240 sumat
710 4179 742 4240 in
759 4177 871 4240 cibum
889 4198 1010 4260 panem
1026 4177 1139 4259 Ange-

51 4270 142 4340 lorum
156 4279 179 4340 ”.
227 4278 292 4358 (De
307 4279 394 4342 lmir.
410 4281 427 4342 l.
443 4279 541 4355 1v‚c.
557 4279 599 4361 5.)
