2738 4646
7 3805 8 3840 i

7 3871 9 3908 i

200 192 256 240 DE
274 191 496 241 ursmaro
512 187 785 239 PRAESENTIAE
802 185 969 236 nehus.
1068 181 1134 234 32⁷

1030 299 1129 309 rra-«n-

49 380 79 432 et
92 371 182 434 addit
196 395 204 433 z
220 369 243 404 '⁴‘
254 392 342 434 nunc
360 381 473 435 autem
491 371 523 432 in
540 371 650 451 specie
669 367 705 455 (i.
718 389 745 433 e.
759 363 925 452 realitate)
945 387 1022 428 caro
1033 366 1135 429 Verbi

51 472 107 534 Dei
121 485 170 536 est
185 495 281 537 verus
302 474 404 550 cibus,
421 475 505 537 sicut
527 483 562 536 et
582 473 652 554 ipse
674 473 755 535 dicit
775 472 853 554 quia
875 491 953 534 caro
968 489 1042 534 mea
1059 490 1135 542 uere

48 585 93 638 est
107 577 198 639 cibus
207 577 231 640 ''.
449 574 453 580 ’

85 703 119 767 40
137 689 261 768 Quarto
266 693 344 773 siun
360 691 481 765 sucula,
500 691 614 752 Patres
637 688 738 752 fusius
755 699 788 754 et
804 691 923 754 clarius
945 691 1034 772 loqui
1056 691 1135 752 inci·

49 791 142 870 piunt,
157 795 236 874 quia
253 803 331 856 tunc
351 783 598 874 persecutiones
615 811 680 854 non
698 792 841 874 amplius
857 794 1022 876 vigebant.
1069 793 1133 870 Sic,

49 895 124 957 inter
145 895 305 971 Graecos,
335 896 509 958 Macarius
546 896 701 977 Magnes,
737 896 996 959 commentando
1034 896 1135 958 verba

48 997 136 1059 “Hoc
148 1008 196 1060 est
210 1009 322 1079 comus
337 1019 443 1062 meum
454 1001 479 1074 ”,
496 999 590 1063 addit
608 1023 616 1062 ε
640 997 744 1061 “Non
762 999 850 1061 enim
868 997 972 1080 figura
989 1000 1134 1080 corporis

48 1110 99 1176 est,
111 1122 216 1185 neque
233 1102 337 1184 figura
353 1102 532 1183 sanguinis
544 1111 581 1164 ut
597 1102 732 1182 quidam
747 1103 880 1182 stupida
894 1093 1007 1164 mente
1019 1102 1133 1182 nugati

49 1215 125 1281 sunt,
139 1208 197 1269 sed
223 1207 405 1270 secundum
423 1205 596 1268 veritatem
614 1205 755 1285 sanguis,
766 1213 800 1266 et
816 1223 935 1286 corpus
952 1203 1076 1268 Christi
1086 1203 1101 1230 ''
1114 1216 1133 1266 ¹.

51 1305 112 1368 Nec
138 1309 243 1371 minus
271 1310 357 1372 clare
385 1308 530 1389 loquitur
559 1306 593 1369 S.
620 1305 764 1385 Cyrillus
793 1305 1134 1384 Hierosolimitanus2,

49 1409 118 1472 dum
142 1411 398 1474 catechumenos
423 1410 579 1472 instruit:
604 1409 697 1490 “Qui
721 1409 853 1471 videtur
876 1408 980 1489 panis,
998 1427 1063 1470 non
1084 1417 1134 1469 est

50 1513 142 1590 panis,
157 1515 216 1576 sed
233 1534 353 1595 corpus
371 1513 493 1578 Christi
508 1533 515 1589 ;
539 1512 628 1592 quod
646 1512 777 1575 videtur
792 1512 916 1586 vinum,
933 1531 999 1572 non
1022 1522 1072 1575 est
1088 1511 1134 1572 vi·

50 1630 118 1677 num
168 1617 227 1679 sed
245 1618 380 1698 sanguis
394 1615 516 1680 Christi
528 1616 552 1678 ''.

85 1761 129 1826 29.
175 1745 210 1808 A
226 1755 346 1827 quarto
364 1756 474 1808 autem
492 1741 614 1805 saecuto
631 1742 824 1805 testimonia
841 1742 976 1804 Patrum
988 1723 1063 1804 tam
1081 1761 1134 1803 co-

50 1846 132 1924 piosa
147 1857 180 1910 et
197 1848 286 1911 clara
302 1848 457 1923 evadunt,
473 1843 515 1909 ut
527 1847 597 1926 ipse
614 1845 647 1906 Z
648 1843 805 1924 ruiuglr'us
821 1843 888 1922 (De
904 1847 981 1936 uera
997 1855 1031 1906 et
1053 1837 1139 1908 salsa'

50 1948 143 2030 relig.)
160 1949 253 2012 fateri
270 1951 422 2013 debuerit
437 1955 614 2030 “tempore
631 1947 662 2012 S.
681 1946 862 2026 Augustini
879 1948 1071 2028 opinionem
1089 1946 1131 2008 de

49 2067 137 2112 carne
160 2052 322 2134 corporali
343 2051 413 2133 jam
438 2049 606 2114 victricem
631 2049 766 2112 suisse’'.
823 2050 873 2113 Ut
896 2070 973 2111 vero
998 2050 1134 2112 Patrum

49 2147 189 2214 doctrina
213 2155 308 2216 nobis
333 2154 494 2234 tantisper
515 2155 721 2226 innotescat,
745 2152 786 2212 ad
816 2151 989 2232 sequentia
1016 2153 1135 2232 capita,

49 2258 190 2318 eamdem
216 2277 407 2320 revocamus
420 2269 454 2320 3:
479 2257 529 2339 (a)
547 2258 660 2319 Patres
681 2256 804 2317 docent
828 2255 913 2316 inter
930 2253 1051 2335 figuras
1068 2254 1134 2317 Eu·

49 2355 202 2422 charistiae
215 2361 247 2421 in
262 2361 302 2423 V.
314 2361 351 2423 T.
365 2371 398 2424 et
415 2362 520 2444 ipsam
536 2360 780 2422 Eucharistiam
796 2367 925 2421 tantum
939 2377 1011 2419 esse
1023 2357 1135 2420 discri-

51 2478 116 2522 men
133 2472 294 2543 quantum
319 2464 403 2525 inter
420 2463 572 2526 umbram
590 2472 622 2524 et
639 2481 786 2542 corpora,
804 2462 888 2522 inter
905 2461 1085 2541 imaginem
1103 2468 1136 2526 et

49 2562 220 2640 veritatem,
238 2565 323 2626 inter
338 2565 545 2647 exemplaria
562 2564 746 2628 futurorum
771 2573 804 2626 et
827 2584 866 2625 ea
891 2563 962 2645 ipsa
979 2584 1054 2644 quae
1078 2586 1137 2646 per

49 2665 243 2746 exemplaria
271 2665 524 2747 figurabantur:
558 2688 602 2729 ex
626 2687 693 2748 quo
716 2667 864 2747 sequitur
889 2666 1135 2731 Eucharistiam

50 2781 107 2826 non
123 2787 192 2829 esse
210 2767 349 2850 figuram
368 2778 497 2831 tantum
517 2771 662 2851 corporis
680 2769 813 2844 Christi,
830 2769 887 2830 sed
911 2770 1019 2850 ipsum
1043 2772 1135 2832 reali-

50 2876 92 2926 ter
112 2871 280 2932 continere
301 2871 550 2951 (Hieronymus,
568 2871 758 2946 Saluianus,
778 2870 948 2950 Chrysost,
965 2873 1135 2950 Athenas,

53 2965 137 3044 Cyril.
151 2971 241 3033 Alex.
247 2975 269 3048 ).
315 2971 363 3052 (b)
381 2973 544 3037 Mirantur
561 2975 726 3056 stupenda
743 2973 910 3048 miracula,
923 2994 998 3055 quae
1015 2974 1134 3037 realem

50 3070 161 3139 Christi
183 3079 394 3158 praesentiam
418 3079 628 3152 comitantur,
645 3077 816 3158 quomodo
837 3097 879 3138 sc.
898 3097 999 3140 unum
1017 3099 1136 3160 corpus

50 3178 191 3241 omnibus
209 3179 361 3244 fidelibus
378 3180 529 3244 distribui
548 3183 653 3262 possit
670 3189 703 3243 et
720 3179 817 3242 simul
840 3180 1005 3262 integrum
1024 3202 1135 3244 mane-

51 3295 86 3348 re,
100 3281 268 3359 quomodo
284 3282 381 3362 Jesus
399 3285 430 3344 in
449 3283 565 3346 ultima
583 3285 688 3349 Coena
708 3284 878 3365 proprium
896 3304 1015 3366 corpus
1033 3287 1136 3347 mani-

50 3376 102 3439 bus
117 3382 181 3443 suis
199 3383 321 3457 tulerit,
337 3387 508 3464 quomodo
524 3406 600 3448 vere
626 3387 659 3446 in
684 3385 845 3448 sacrificio
863 3386 971 3448 missae
988 3388 1135 3449 immole-

51 3486 96 3540 tur
116 3482 228 3564 (Greg.
247 3485 337 3563 Nys,
353 3485 571 3568 Augustinus,
591 3487 777 3566 Chrysae).
826 3490 873 3569 (c)
891 3489 1054 3550 Rationes
1079 3508 1136 3549 ex·

50 3595 165 3658 ponunt
181 3605 239 3648 cur
255 3585 396 3650 voluerit
410 3588 564 3651 Salvator
578 3610 711 3652 carnem
730 3610 824 3652 suam
842 3591 920 3652 dare
937 3590 979 3652 ad
998 3592 1137 3653 mandu-

50 3687 188 3764 candum,
200 3697 237 3750 ut
254 3709 296 3751 sc.
311 3693 492 3753 secundum
511 3711 577 3753 reru
594 3692 697 3772 aprum
714 3715 790 3756 cum
809 3694 866 3755 illa
883 3714 981 3755 came
998 3695 1136 3755 commi-

7 3923 8 3944 *
77 3920 143 3990 1Αρ,
159 3923 251 3988 Pr'trre,
268 3923 398 3993 Spicileg.
415 3927 604 3990 Solesmense,
623 3927 745 3992 Parisiis,
764 3929 837 3996 1852,
855 3939 872 3980 t.
890 3928 928 3994 11,
945 3929 1004 3998 548.

77 4005 205 4063 '²Catech.
218 4011 267 4063 IV.
284 4039 315 4048 -
331 4013 506 4067 Testimonia
521 4013 635 4070 Parrum
649 4014 737 4067 multa
751 4014 877 4068 invenire
889 4027 932 4067 est
952 4015 980 4068 in
995 4015 1137 4070 Breviario

51 4089 172 4228 {fimana
196 4097 223 4149 in
252 4094 419 4151 let‘iionibus
445 4100 471 4152 11
495 4113 521 4153 et
548 4100 592 4152 111
619 4101 756 4153 Nocturni
784 4101 855 4153 infra
878 4099 976 4156 Ociav.
1004 4103 1136 4172 Corporis

89 4181 150 4235 nsti.

78 4268 237 4324 ³Fusiorem
251 4271 334 4340 hujus
347 4271 483 4328 dodirinae
497 4275 699 4342 expositionem
715 4275 801 4329 tradit
815 4276 935 4341 Hurter,
949 4277 965 4329 l.
981 4293 1003 4330 c.
