2770 4646
256 171 314 230 196
693 184 831 236 CAPUT
850 185 903 236 1V.

252 366 513 449 promulgavisse
539 366 683 447 quidem,
706 367 764 428 sed
793 365 884 429 nullo
911 363 1012 428 modo
1035 365 1216 429 instituisse
1241 383 1340 426 sacra·

253 480 401 533 mentum
420 469 514 531 Extr.
532 467 718 532 Unttionis.

296 573 351 655 (C)
368 573 520 636 Tandem
537 572 615 634 alibi
631 572 852 635 declaratura
872 573 903 635 Τ
901 572 961 635 rid.
979 572 1164 635 Ecclesiam
1187 570 1231 634 nil
1252 589 1339 651 posse

251 679 337 741 circa
352 686 634 740 sacramentorum
652 676 873 740 substantiam
885 689 913 754 ι;
934 677 1037 758 atqui,
1048 677 1075 738 si
1094 675 1243 738 Ecclesia
1257 693 1336 736 acce·

252 785 353 864 pisset
374 801 393 843 a
412 781 545 846 Christo
566 788 768 862 potestatem
788 791 997 843 sacramenta
1019 780 1223 854 instituendi,
1237 787 1336 860 posset

251 889 366 969 utique
393 883 657 950 mutare'eorum
684 885 906 949 substantiam
920 908 928 965 ;
955 905 1032 949 nam
1056 885 1112 969 qui
1136 894 1244 968 potest
1265 883 1335 966 plus,

250 1000 361 1073 potest
377 1001 410 1053 et
426 991 555 1070 minus;
578 1009 666 1071 ergo.

295 1106 330 1155 2⁰
346 1094 422 1156 Rat.
445 1093 674 1156 commutantia.
725 1092 873 1154 Aliunde
896 1091 1116 1156 conveniebat
1138 1101 1176 1154 ut
1199 1089 1334 1155 Christus

251 1198 320 1279 ipse
335 1207 540 1260 sacramenta
557 1197 748 1259 immediate
764 1197 967 1272 institueret;
991 1195 1041 1277 (a)
1057 1206 1093 1260 ut
1111 1195 1228 1259 melius
1245 1213 1332 1276 appa-

251 1312 335 1364 reret
346 1301 454 1363 solum
468 1299 636 1364 Christum
653 1300 913 1381 Redemptorem
930 1308 1080 1361 nostrum
1096 1317 1179 1374 esse,
1193 1308 1226 1361 et
1240 1317 1332 1359 sacra·

251 1416 363 1469 menta
389 1414 495 1467 totam
522 1404 677 1466 virtutem
705 1422 799 1465 suam
828 1422 871 1464 ex
902 1402 974 1483 ejus
1006 1403 1130 1466 meritis
1157 1403 1316 1466 desumere
1325 1421 1331 1474 ;

252 1508 301 1590 (b)
317 1529 358 1571 ne
374 1507 525 1570 homines
541 1526 634 1587 spem
652 1506 683 1568 in
701 1506 836 1568 homine
858 1516 1029 1587 ponerent,
1046 1508 1078 1568 in
1095 1527 1136 1569 eo
1152 1505 1272 1569 scilicet
1285 1503 1329 1585 qui

249 1613 305 1676 illa
322 1621 529 1675 sacramenta
553 1610 758 1687 instituisset,
775 1619 808 1672 et
825 1630 866 1672 ne
883 1609 1056 1673 schismata
1079 1611 1247 1684 orirentur,
1261 1609 1330 1670 sicut

249 1717 328 1780 olim
344 1725 463 1779 exorta
478 1724 556 1778 sunt
571 1715 655 1777 inter
672 1713 870 1788 Corinthios,
886 1713 943 1795 qui
959 1715 1136 1778 dicebant:
1160 1713 1258 1796 “Ego
1272 1711 1329 1794 qui-

249 1820 325 1882 dem
349 1838 422 1881 surn
448 1817 550 1893 Pauli,
565 1835 629 1897 ego
651 1827 759 1879 autern
785 1815 920 1897 Apollo,
942 1837 1006 1897 ego
1028 1837 1106 1879 vero
1129 1816 1259 1899 Cephae,
1279 1832 1330 1896 ego

248 1930 359 1986 autem
377 1921 499 1986 Christi
511 1919 527 1945 ”
539 1931 561 1982 ².

361 2073 410 2130 11.
434 2037 571 2132 Utrum
591 2084 613 2128 a
633 2069 789 2132 Christo
807 2074 850 2128 ut
872 2069 951 2129 Deo
970 2072 1033 2130 vel
1051 2067 1239 2132 homine?

290 2204 339 2267 81.
387 2197 537 2263 Christus
553 2206 760 2258 sacramenta
776 2196 919 2261 instituit
934 2205 972 2260 ut
988 2198 1080 2261 Deus
1096 2209 1130 2262 et
1145 2209 1183 2262 ut
1198 2200 1296 2262 homo.
1365 2213 1366 2228 ³

192 2329 195 2334 ·
297 2319 328 2369 1⁰
347 2305 393 2369 Ut
410 2303 508 2377 Deus,
524 2301 683 2376 Christus,
699 2299 730 2362 vi
751 2310 784 2362 et
804 2298 1000 2364 auetoritate
1016 2303 1158 2384 propria,
1174 2313 1223 2366 est
1244 2321 1326 2364 causa

248 2408 437 2495 principalis
454 2406 602 2469 omniurn
619 2413 911 2479 sacramentorum,
926 2424 970 2467 ex
987 2405 1084 2470 dictis
1099 2427 1206 2490 supra.

250 2543 255 2552 ·
292 2526 327 2576 20
343 2514 394 2577 Ut
408 2511 507 2584 leonto,
525 2508 674 2572 Christus
694 2507 838 2571 instituit
860 2521 1068 2572 sacramenta
1089 2511 1322 2576 instrumentali·
1364 2521 1365 2574 Ξ

247 2629 303 2693 ter,
319 2624 482 2696 quatenus
504 2612 574 2692 ejus
594 2610 785 2672 humanitas
807 2611 868 2674 suit
889 2631 989 2676 causa
1010 2613 1265 2679 instrumentalis
1278 2635 1321 2678 no·
1364 2577 1365 2651 l

247 2731 323 2784 strae
337 2715 583 2800 justificationis
597 2735 604 2790 ;
624 2723 658 2775 et
673 2713 735 2775 sub
751 2712 813 2776 hoc
830 2712 990 2795 respedtu,
1006 2714 1167 2792 Christus,
1183 2726 1219 2780 ut
1232 2717 1320 2788 hono,

246 2825 347 2888 habet
378 2837 476 2902 super
506 2827 713 2880 sacramenta
733 2826 920 2896 potestatem
948 2818 1123 2898 quamdam
1153 2818 1320 2890 mallentin,

246 2949 321 3010 quae
344 2927 376 2988 in
404 2933 547 3006 quatuor
572 2921 723 2983 consistit
742 2919 792 2999 (S.
815 2920 870 2982 Th.
895 2941 925 3002 q.
947 2922 999 2998 64,
1021 2941 1048 2984 a·
1074 2923 1127 3000 3l:
1154 2923 1204 3003 (a)
1227 2923 1319 2988 Sacra·
1363 2917 1364 2920 '

247 3040 359 3094 menta
382 3029 448 3089 vim
475 3045 568 3087 suam
593 3024 717 3086 habent
740 3043 759 3084 a
783 3025 936 3104 passione
959 3023 1101 3105 Christi;
1128 3045 1206 3088 nam
1226 3027 1319 3108 gratia,

245 3153 320 3214 quae
340 3149 397 3210 per
416 3129 487 3208 ipsa
508 3126 681 3202 confertur,
702 3137 752 3188 est
774 3127 875 3189 veluti
898 3123 1021 3189 fruetus
1049 3129 1238 3192 meritorum
1257 3127 1319 3208 ejus,

245 3253 348 3318 quum
365 3229 454 3292 nulla
470 3229 577 3310 gratia
593 3227 624 3290 in
642 3229 795 3310 prasenti
813 3247 919 3290 rerum
941 3229 1057 3292 ordine
1079 3228 1178 3292 detur
1200 3233 1256 3294 uisi
1275 3249 1318 3312 per

244 3339 315 3420 ejus
332 3334 456 3398 merita.
505 3330 554 3412 (b)
571 3333 714 3393 Possunt
735 3331 956 3394 administrari
980 3333 1012 3394 in
1031 3331 1103 3413 ejus
1126 3337 1262 3412 nomine,
1274 3353 1316 3397 seu
1362 3330 1363 3349 ¹

244 3443 385 3504 virtute:
409 3435 426 3466 ‘¹
440 3435 630 3514 Baptizetur
652 3435 878 3516 unusquisque
901 3443 1045 3497 vestrum
1069 3437 1101 3497 in
1121 3439 1315 3519 nominrJesu

245 3541 366 3606 Christi
378 3539 393 3564 '’
405 3551 425 3600 3.
473 3537 799 3620 (c)1nsupereorum
817 3536 955 3599 materia
970 3546 1005 3599 et
1020 3537 1126 3600 forma
1141 3540 1185 3601 ab
1201 3541 1265 3622 ipso
1274 3541 1316 3602 de·

244 3641 411 3707 terminari
429 3648 576 3722 possunt,
593 3640 709 3701 sivein
727 3658 855 3718 genere,
870 3639 938 3700 sive
957 3639 989 3700 in
1011 3639 1141 3720 specie,
1164 3643 1230 3705 imo
1244 3642 1315 3706 Chri·
1361 3633 1362 3697 l

242 3757 313 3808 stus
328 3741 401 3805 aliis
417 3742 661 3804 communicare
681 3743 769 3804 valet
788 3751 988 3824 potestatem
1010 3743 1096 3806 hanc
1115 3749 1276 3809 materiam
1290 3755 1314 3806 et

277 3948 284 3971 ¹
303 3942 330 3992 T
327 3941 424 3992 rident.
439 3939 514 3992 enini
528 3939 611 3993 docet
624 3940 705 4005 (sess.
721 3940 802 4004 xxl,
816 3957 877 4009 cap.
894 3939 921 4005 2)
934 3940 1006 3994 hanc
1020 3950 1188 4009 potestatem
1206 3955 1312 4014 perpetuo
1360 4003 1361 4006 Ἴ

241 4033 269 4086 in
288 4029 417 4084 Ecclesia
435 4029 529 4094 luisse,
542 4041 571 4083 ut
591 4029 619 4083 in
637 4040 875 4084 sacramentonrm
893 4029 1111 4099 dispensatione,
1123 4034 1207 4085 salvii
1222 4035 1312 4087 r'llorun
1360 4018 1361 4046 ¹

243 4115 405 4179 substantii,
418 4131 452 4168 ea
466 4125 599 4170 statueret
613 4117 656 4170 vel
670 4127 799 4182 mutaret,
813 4134 876 4186 quae
889 4114 1101 4186 suscipientium
1115 4118 1226 4174 utilitati
1268 4136 1310 4172 rna·

241 4221 284 4268 pn
297 4201 428 4270 expedire
439 4200 576 4268 judicaret
588 4199 609 4256 ”.

279 4285 390 4340 ³lillr.
422 4288 442 4350 l,
459 4300 488 4338 η
502 4287 561 4349 scs.
579 4289 607 4340 S.
627 4289 766 4358 Tlrom.,3,
779 4308 806 4360 q.
822 4293 865 4359 64,
878 4308 902 4345 a.
916 4305 933 4355 4
946 4291 983 4345 ad
1000 4307 1021 4345 1.
1038 4290 1172 4347 -³AH.
1191 4293 1271 4362 11,3tt
