2738 4646
245 135 314 186 ³22
705 137 846 189 cnPu'r
863 139 888 188 1.

1112 253 1326 268 “-

280 334 320 374 ar.
359 329 386 388 4⁰
394 316 470 374 Sila.
481 316 563 389 diffie.
601 318 649 388 (Α)
663 317 694 376 Si
708 319 873 391 propositio
888 320 971 378 “hoc
984 329 1028 378 est
1041 322 1151 391 corpus
1164 317 1279 376 meum'’
1290 317 1328 372 lit-

246 401 374 464 teraliter
387 402 573 474 intelligatur,
587 421 753 476 pronomen
767 405 818 463 ltoc
828 406 1013 465 demonstrat
1028 405 1072 464 vel
1087 422 1205 478 panem,
1216 404 1259 462 vel
1271 420 1327 474 spe·

246 487 306 546 cies
320 488 414 560 panis,
425 489 470 546 vel
483 506 592 562 corpus
606 489 716 548 Christi
721 511 729 562 ;
748 491 831 563 atqui
844 493 958 550 nullum
972 511 1007 550 ex
1021 491 1066 550 his
1079 491 1138 550 dici
1154 501 1260 563 potest;
1276 499 1326 546 ete-

246 573 472 646 nimlrocneque
486 592 593 647 panem
605 594 704 650 neque
715 579 830 650 species
843 579 929 650 panis
939 578 1144 636 demonstrare
1157 587 1256 650 potest,
1266 573 1326 648 quia

246 659 351 741 salsum
365 673 409 718 est
418 678 530 738 panem
544 671 595 719 aut
607 664 671 733 ejus
685 663 801 735 species
814 681 878 722 esse
891 681 1000 737 corpus
1010 663 1120 723 Christi
1125 683 1133 735 ;
1152 663 1220 722 item
1232 677 1326 733 corpus

247 745 370 804 Domini
389 746 593 806 demonstrare
611 749 725 820 nequit,
747 751 817 821 quia
835 749 908 807 dum
928 750 980 808 hoc
996 751 1211 822 pronuntiatur,
1232 765 1326 819 corpus

245 831 355 891 Christi
370 833 505 892 nondum
518 835 603 893 adest
611 853 618 906 ;
637 853 709 906 ergo
722 854 827 895 sensus
840 837 972 896 litteralis
984 837 1102 895 admitti
1116 836 1225 908 nequit.

280 919 364 992 Resp.
402 923 442 990 (ι)
456 921 543 992 Nego
555 922 746 994 suppositum·
764 942 833 981 nam
848 925 905 996 leuc,
919 924 1038 982 instanti
1053 941 1115 997 quo
1128 921 1327 996 pronuntiatur,

246 1025 344 1080 neque
354 1025 471 1080 panem,
481 1025 579 1080 neque
592 1009 716 1081 species,
725 1027 824 1082 neque
836 1029 946 1084 corpus
955 1010 1065 1070 Christi
1075 1011 1254 1067 determinate
1261 1008 1325 1067 desi·

244 1106 324 1167 girat,
333 1097 386 1154 sed
396 1097 613 1154 indeterminate
623 1097 770 1169 significat
781 1099 815 1155 id
824 1099 900 1170 quod
911 1099 1045 1156 trionibus
1057 1107 1142 1168 teneo,
1150 1098 1225 1170 quod
1232 1097 1279 1156 suh
1288 1094 1327 1150 llis

243 1181 381 1254 speciebus
398 1183 583 1242 continetur:
605 1183 669 1242 haec
689 1194 733 1242 est
752 1185 833 1243 enim
852 1185 895 1243 vis
915 1185 1101 1257 pronominis
1120 1179 1325 1243 demonstrativi

245 1269 309 1328 sine
321 1269 507 1328 substantivo
519 1271 664 1340 antonno
677 1271 774 1343 positi.
816 1273 856 1340 (b)
870 1271 1067 1330 Probabiliter
1078 1271 1167 1329 etiam
1180 1288 1246 1328 cum
1259 1267 1325 1326 Mal·

243 1357 364 1414 donato¹
377 1357 436 1416 dici
451 1369 546 1430 potest
557 1358 772 1430 lmcdesignare
785 1377 894 1432 corpus
903 1359 1013 1418 Christi
1018 1379 1026 1431 ;
1045 1359 1156 1416 namin
1168 1356 1327 1431 propositio·

245 1443 333 1501 nibus
343 1462 411 1516 quae
421 1444 589 1516 significant
603 1445 632 1503 id
646 1446 730 1517 quod
744 1446 776 1506 lit
790 1463 826 1504 eo
840 1447 962 1518 praecise
976 1445 1094 1504 instanti
1106 1462 1167 1516 quo
1181 1441 1327 1517 propositio

245 1531 424 1595 enuntiatur,
440 1548 606 1602 pronomen
619 1531 887 1590 demonstrativum
901 1531 1038 1604 designat
1056 1548 1118 1590 non
1139 1531 1169 1589 id
1188 1529 1264 1604 quod
1279 1539 1323 1594 est,

245 1616 298 1674 sed
312 1617 342 1675 id
355 1617 438 1688 quod
451 1617 514 1682 erit,
530 1618 605 1675 sicut
618 1637 645 1674 v.
661 1636 689 1689 g.
705 1617 754 1676 ille
773 1618 823 1689 qui
843 1618 987 1675 circulum
1008 1619 1104 1690 pingit
1122 1617 1219 1676 dicere
1231 1625 1323 1689 potest,

245 1705 261 1732 “
270 1702 318 1760 hic
332 1712 375 1760 est
388 1702 515 1760 circulus
524 1703 547 1773 ''‚
564 1703 641 1774 licet,
659 1715 794 1776 tempore
812 1721 874 1775 quo
893 1704 975 1776 loqui
994 1703 1108 1777 incipit,
1125 1703 1248 1762 circulus
1265 1717 1326 1758 non·

245 1788 317 1847 dum
332 1788 437 1847 existit.

270 1866 320 1933 'aa
361 1877 410 1947 (Β)
423 1875 557 1934 Christus
572 1876 696 1948 figurate
709 1878 827 1936 locutus
839 1887 892 1948 est,
909 1877 981 1937 dum
995 1877 1068 1936 dixit
1084 1897 1091 1936 ι
1110 1880 1127 1907 “
1138 1878 1198 1935 Hic
1211 1887 1253 1936 est
1263 1873 1325 1932 calix

245 1981 356 2022 novum
367 1972 575 2022 testamentum
592 1963 620 2021 in
636 1981 704 2022 meo
714 1965 859 2036 sanguine
868 1965 883 1989 ⁷’
892 1965 910 2033 ²,
923 1963 1090 2036 significare
1100 1964 1203 2022 volens
1216 1963 1244 2021 id
1255 1959 1325 2035 quod

245 2051 275 2106 in
286 2049 378 2107 calice
387 2048 608 2121 continebatur;
627 2067 698 2124 ergo
708 2063 737 2109 et
748 2051 837 2109 verba
847 2052 920 2121 ejus,
933 2053 949 2080 “
959 2051 1017 2108 hoc
1030 2062 1073 2109 est
1087 2067 1195 2123 corpus
1208 2065 1296 2108 meum
1305 2045 1325 2112 ”‚

245 2137 368 2207 figurate
381 2135 475 2208 accipi
490 2135 612 2194 debent.
1207 2193 1209 2201 ,

280 2222 365 2293 Resp.
382 2244 393 2277 .·
411 2221 485 2292 Neg.
501 2240 622 2293 corrup„-
641 2239 709 2280 nam
723 2222 805 2294 apud
818 2240 924 2281 omnes
936 2231 1040 2294 gentes
1053 2223 1132 2280 calte·
1145 2223 1264 2282 sumitur
1275 2236 1324 2277 me·
1359 2243 1360 2300 p

245 2309 397 2381 taphorice
411 2326 465 2381 pro
478 2308 592 2379 liquore
608 2309 636 2367 in
650 2327 686 2367 eo
699 2320 843 2367 contento
859 2331 866 2366 :
889 2310 972 2381 quod
991 2309 1112 2368 aliunde
1132 2309 1200 2368 satis
1218 2327 1251 2368 ex
1266 2323 1324 2363 con·

244 2407 325 2457 textu
351 2395 530 2467 intelligitur,
557 2395 606 2453 ubi
632 2395 741 2454 dicitur
764 2396 906 2467 “accipite
923 2403 952 2452 et
968 2396 1087 2468 tibiu’⁷,
1110 2413 1171 2454 non
1190 2397 1262 2455 enim
1284 2408 1325 2448 vas

245 2485 351 2555 ipsum,
365 2483 418 2541 sed
432 2482 530 2554 liquor
542 2482 571 2538 in
586 2498 623 2541 eo
636 2491 795 2540 contentus
809 2481 939 2552 bibitur;
957 2483 1030 2542 dum
1044 2500 1061 2540 e
1074 2493 1178 2542 contra
1188 2481 1269 2554 panis
1279 2493 1324 2535 usu
1358 2521 1359 2573 1

244 2569 397 2627 communi
412 2585 466 2640 pro
479 2567 572 2635 figura
585 2569 718 2640 corporis
731 2568 855 2626 humani
869 2568 992 2626 minime
1005 2579 1182 2641 usurpatur;
1201 2567 1273 2626 unde
1284 2581 1323 2620 ne·

244 2667 329 2728 gatur
343 2655 451 2728 paritas
463 2672 498 2713 ac
512 2655 638 2726 proinde
651 2655 806 2713 conclusio
820 2672 855 2713 ex
868 2656 903 2714 eal
917 2654 1060 2726 dedudla5
1079 2673 1148 2713 nam
1162 2674 1197 2714 ex
1209 2649 1323 2725 eoquod

245 2743 426 2815 metaphoris
440 2741 590 2800 intellectu
606 2742 742 2799 incilibus
760 2743 800 2800 uti
819 2743 897 2814 licet,
914 2742 1037 2800 minime
1054 2743 1189 2814 sequitur
1200 2742 1323 2800 obscuros
1357 2813 1358 2818 ἵ

244 2843 346 2904 tropos
358 2829 492 2888 adhiberi
507 2846 594 2901 posse
1357 2819 1358 2843 ¹

279 2932 318 2984 aa
358 2918 406 2986 (C)
419 2915 511 2988 Quod
532 2917 561 2971 in
580 2915 673 2973 callce
691 2915 901 2974 continebatur
914 2925 1036 2974 vocatur
1052 2933 1070 2974 a
1089 2915 1211 2975 Christo
1229 2916 1321 2978 vinum,

244 3006 332 3062 etiam
348 3014 414 3074 post
427 3003 681 3060 consecrationem
696 3025 702 3060 :
722 3003 818 3060 “Non
834 3004 933 3060 bibam
946 3004 1059 3062 amodo
1069 3003 1108 3063 de
1122 3005 1181 3062 hoc
1192 3003 1325 3076 genimine
1356 3063 1357 3074 χ

245 3089 372 3158 vitis”³;
391 3106 461 3159 ergo
475 3087 558 3160 calix,
575 3089 663 3147 etiam
678 3100 746 3161 post
759 3089 1024 3160 consecrationem,
1041 3089 1114 3146 nihil
1132 3089 1214 3148 aliud
1233 3088 1280 3145 uisi
1294 3087 1325 3142 si·
1356 3081 1357 3115 l

246 3195 318 3234 num
330 3175 512 3234 continebat.

279 3263 364 3334 Resp.
403 3265 442 3330 (a)
452 3262 547 3320 Valde
561 3261 754 3334 probabiliter
763 3262 853 3321 verba
867 3263 916 3320 illa
928 3274 998 3320 ante
1011 3265 1263 3322 consecrationem
1272 3277 1324 3334 pro·
1355 3303 1356 3306 η

245 3352 302 3408 lata
320 3360 397 3418 sunt,
415 3359 572 3420 postquam
586 3349 710 3407 calicem
724 3350 782 3406 vini
805 3351 880 3408 inter
892 3349 1074 3408 coenandum
1089 3350 1177 3422 J'esus
1190 3349 1324 3408 distribue-

245 3448 297 3502 rat,
309 3447 339 3493 ut
354 3453 388 3493 ex
402 3435 499 3492 Lucci*
512 3445 639 3500 constat;
660 3437 701 3506 (b)
713 3435 737 3493 si
750 3436 934 3494 concedatur
947 3435 1051 3494 eadem
1066 3447 1135 3508 post
1148 3435 1324 3494 consecratio·

245 3541 313 3581 nem
334 3522 446 3596 prolata
467 3522 564 3591 luisse,
583 3540 642 3579 non
656 3535 701 3581 est
715 3523 820 3580 mirum
837 3523 1012 3594 sanguinem
1027 3523 1138 3581 Christi
1153 3523 1246 3582 vocari
1261 3517 1324 3592 geni·
1354 3523 1355 3570 l

244 3630 306 3667 men
319 3611 396 3676 rutis,
412 3611 488 3667 sicut
507 3627 607 3668 revera
626 3627 735 3682 corpus
755 3613 818 3682 ejus
838 3622 960 3668 vocatur
973 3611 1092 3681 panis⁵‚
1108 3629 1203 3682 quum
1221 3629 1253 3668 ex
1270 3607 1324 3664 vino
1354 3573 1355 3659 l

244 3697 293 3755 fiat
308 3697 408 3755 etvini
423 3696 554 3769 speciem
569 3695 712 3764 retineat;
732 3697 819 3754 simili
833 3697 926 3754 modo
939 3697 1040 3754 vinum
1055 3714 1108 3768 per
1121 3697 1285 3754 miraculum
1297 3711 1324 3749 n
1353 3767 1354 3772 η

244 3787 320 3856 aqui
334 3785 445 3842 saelum
459 3785 488 3840 in
501 3783 611 3856 nuptiis
622 3783 715 3843 Canae
729 3785 837 3843 dicitur
849 3785 966 3856 aqua⁶,·
985 3785 1024 3841 ita
1037 3785 1127 3842 etiam
1142 3787 1222 3856 virga
1232 3786 1321 3840 Aaron.

245 3871 273 3926 in
285 3881 453 3942 serpentem
465 3881 585 3940 mutata,
598 3881 720 3927 vocatur
730 3881 829 3929 tamen
840 3872 938 3942 virga⁷
949 3895 956 3938 ;
975 3881 1003 3929 et
1016 3889 1126 3940 cresus,
1139 3871 1207 3930 licet
1218 3881 1322 3926 curatus,

277 4053 286 4082 ¹
301 4057 458 4108 Comment.
473 4055 501 4108 in
517 4057 607 4122 Matt,
622 4055 649 4107 in
664 4056 689 4108 h.
705 4057 756 4110 loc.
774 4087 807 4094 —
820 4061 830 4086 ²
843 4057 910 4110 luc.
929 4058 1026 4124 XXH,
1040 4073 1081 4111 20.

278 4137 288 4166 ³
302 4142 387 4194 rituti.
406 4141 567 4207 xxv1,29.
586 4173 619 4179 -
632 4145 642 4174 ⁴
655 4142 721 4195 Luc.
737 4143 833 4208 XXII,
852 4145 938 4210 1748.
956 4175 988 4182 —
1002 4148 1012 4182 ⁵
1026 4145 1119 4199 ICor.
1136 4145 1188 4212 x1‚
1203 4147 1280 4206 aon.
1351 4201 1352 4212 γ

277 4227 361 4295 “som
381 4227 419 4289 ll,
434 4241 458 4293 9.
473 4257 506 4264 —
520 4231 527 4261 ⁷
542 4228 634 4280 Exud.
651 4229 718 4292 Vll,
738 4243 777 4283 12.
