2770 4646
291 178 347 227 DE
368 171 628 226 EFFECTIBUS
649 167 864 219 BAPTISMI.
1061 161 1127 212 2⁴⁷

48 371 149 422 autem
165 360 262 422 datur
274 358 329 439 jus
345 357 387 418 ad
404 355 528 436 gratias
544 350 700 426 adtuales
716 348 837 430 quibus
858 347 960 408 homo
976 344 1128 424 spiritua-

50 464 112 524 liter
123 470 332 543 regeneratus
344 459 446 521 vitam
463 456 596 520 Christo
608 454 746 534 dignam
759 452 880 513 ducere
889 447 1006 510 valeat.
1031 446 1129 520 Nam,

50 576 80 627 ut
93 566 195 646 arguit
212 563 247 626 S.
270 561 410 624 Thomas
428 556 464 644 (l.
482 579 517 634 c.,
534 578 561 620 a.
581 553 627 642 5),
643 575 701 638 per
718 553 928 634 Baptismum
945 549 1064 630 aliquis
1082 548 1129 609 in-

48 675 227 748 corporatur
245 663 378 727 Christo
401 661 495 742 quasi
520 659 706 722 membrum
731 655 857 737 ipsius;
884 652 985 733 atqui,
1002 651 1087 712 sicut
1110 668 1130 709 a

48 772 143 852 capite
156 768 297 832 naturali
314 768 507 830 derivantur
519 765 560 826 ad
579 761 729 825 membra
741 778 857 822 sensus
870 767 904 819 et
920 764 1039 826 motus,
1052 755 1097 815 ita
1110 772 1130 814 a

47 874 143 954 capite
165 871 338 953 spirituali,
354 867 444 949 quod
468 877 519 930 est
542 865 703 938 Christus,
724 863 891 924 derivatur
914 859 955 920 ad
981 855 1130 919 membra

47 976 108 1055 ejus
123 985 233 1038 motus
249 972 439 1054 spiritualis,
451 970 519 1034 scil.
531 969 639 1051 gratia
651 963 800 1040 adtualis,
811 964 842 1026 vi
859 961 953 1042 cujus
970 957 1128 1040 baptizati

48 1079 264 1141 illuminantur
277 1077 309 1138 in
324 1075 421 1138 rebus
434 1074 510 1137 fidei
527 1083 561 1136 et
578 1071 799 1134 fecundantur
811 1065 1014 1128 fecunditate
1027 1062 1129 1124 bono·

47 1201 108 1242 rum
124 1199 270 1261 operum.

86 1283 327 1346 corollarium:
354 1282 546 1361 Baptismus
570 1277 661 1359 regni
685 1274 830 1338 coelestis
850 1271 987 1352 januam
1005 1268 1131 1349 aperit;

47 1406 113 1448 nam
124 1387 251 1468 aperire
260 1386 398 1466 januam
413 1383 505 1464 regni
516 1381 660 1445 coelestis
670 1389 722 1441 est
733 1395 900 1439 removere
913 1372 1130 1454 impedimen-

48 1498 108 1551 tum
124 1509 192 1570 quo
207 1490 282 1569 quis
299 1487 479 1569 impeditur
495 1503 633 1566 regnum
647 1483 780 1544 coeleste
797 1479 937 1541 introire.
986 1476 1061 1539 Hoc
1073 1495 1131 1536 au-

46 1597 104 1648 tem
117 1588 394 1669 impedimentum
408 1595 459 1648 est
471 1585 569 1666 culpa
580 1593 614 1646 et
627 1590 736 1644 reatus
749 1600 866 1662 poenae.
913 1577 1018 1657 Atqui
1031 1594 1131 1656 supra

46 1700 206 1753 ostensum
231 1699 282 1752 est
306 1710 365 1771 per
388 1689 598 1771 Baptismum
623 1704 757 1749 omnem
781 1683 913 1764 culpam
941 1691 975 1744 et
1002 1688 1129 1742 reatum

27 1813 144 1890 'poenae
161 1793 233 1855 tolli
248 1815 255 1869 ;
278 1812 356 1873 ergo
373 1789 511 1854 effectus
528 1790 690 1870 Baptismi
707 1797 758 1850 est
773 1785 901 1867 apertio
914 1785 1022 1866 januae
1039 1783 1130 1863 regni

47 1895 190 1958 coelestis.
238 1891 292 1980 (S.
315 1895 372 1958 Th.
388 1915 418 1976 q.
435 1896 486 1975 69,
503 1914 530 1955 a.
547 1890 592 1977 7.)

400 2055 449 2112 11.
467 2055 524 2113 De
536 2053 774 2112 charactere.

82 2219 127 2286 27.
183 2207 259 2287 Jam
286 2204 500 2287 probavimus
526 2202 735 2266 existentiam
762 2201 847 2264 illius
872 2198 1070 2264 characteris
1098 2201 1129 2262 in

51 2306 76 2366 Τ
75 2329 97 2368 r.
109 2309 145 2370 de
161 2308 252 2371 Sacr.
271 2309 305 2371 in
316 2329 433 2390 genere
448 2307 493 2389 (n.
506 2307 583 2388 69);
607 2315 756 2367 remanet
773 2314 809 2368 ut
825 2304 896 2384 ejus
913 2305 1131 2386 proprietates

46 2411 250 2474 declaremus
511 2415 513 2420 '

87 2525 117 2572 1⁰
140 2515 201 2575 Per
223 2512 458 2595 baptismalem
482 2510 705 2574 charatterem
733 2510 825 2573 horno
851 2511 969 2572 unitur
996 2508 1132 2586 Christo,

46 2613 120 2675 sicut
133 2617 310 2679 membrum
323 2615 428 2694 capo'tr'.
476 2613 554 2696 Quo
569 2634 667 2675 seusu
681 2614 819 2676 dicitur:
844 2612 1082 2695 “Quicumque
1099 2615 1130 2676 in

48 2714 169 2779 Christo
193 2718 352 2799 baptizati
377 2718 465 2794 estis,
483 2717 652 2780 Christum
676 2716 829 2778 induistis
841 2716 856 2740 ”
869 2728 901 2794 1;
931 2718 1105 2778 autetiam
1125 2739 1131 2778 :

48 2817 208 2883 “Nescitis
224 2821 380 2901 quoniam
397 2839 536 2901 corpora
551 2830 662 2881 vestra
679 2805 827 2881 membra
844 2829 922 2881 sunt
938 2819 1060 2882 Christi
1073 2820 1087 2844 ’'
1099 2831 1132 2898 2;

47 2940 116 2984 nam
139 2945 197 3004 per
220 2924 292 2986 haec
314 2925 414 2986 verba
437 2923 642 3006 significatur
665 2943 725 2984 nos
749 2943 807 3004 per
831 2923 1039 3004 Baptismum
1064 2923 1131 2985 fieri

47 3021 215 3103 discipulos
233 3023 366 3099 Christi,
383 3023 453 3103 ejus
476 3023 637 3097 subditos,
654 3032 687 3084 et
710 3022 858 3084 membra
874 3024 1020 3103 corporis
1040 3023 1133 3103 cujus

50 3122 118 3203 lpse
133 3136 183 3188 est
200 3135 308 3208 caput.

84 3243 117 3290 2⁰
133 3232 194 3292 Per
209 3231 445 3312 baptismalem
463 3227 686 3292 characterem
709 3229 800 3292 homo
813 3231 862 3311 fit
882 3231 964 3292 civis
979 3231 1132 3294 Ecclesioe.

51 3330 170 3396 Dicitur
193 3335 235 3396 de
252 3335 316 3396 illis
339 3335 395 3414 qui
420 3335 492 3415 ipso
515 3334 570 3396 die
587 3336 801 3396 Pentecostes
823 3355 843 3396 a
867 3337 963 3397 Petro
985 3337 1133 3398 conversi

49 3447 115 3498 sunt
129 3462 135 3499 :
159 3437 254 3519 “Qui
269 3447 463 3518 receperunt
476 3457 663 3499 sermonem
677 3438 748 3518 ejus
761 3439 921 3520 baptizati
935 3448 1020 3510 sunt,
1032 3450 1065 3502 et
1077 3461 1132 3521 ap-

51 3541 152 3615 positae
169 3551 248 3603 sunt
267 3536 463 3626 (Ecclesiae)
483 3541 604 3602 animae
628 3543 756 3604 circiter
778 3543 840 3604 tria
864 3541 966 3604 millia
977 3543 1036 3619 ”3;
1064 3544 1134 3625 qui-

51 3637 218 3705 busverbis
231 3642 392 3723 implicite
403 3643 559 3704 asseritur
570 3643 778 3723 Baptismum
793 3665 864 3706 esse
875 3644 977 3707 veluti
987 3645 1135 3724 januam,

53 3760 100 3817 per
114 3765 213 3824 quam
231 3746 305 3826 quis
329 3747 361 3806 in
380 3745 564 3808 Ecclesiam
590 3746 781 3826 ingreditur,
798 3757 899 3828 atque
922 3746 958 3809 fit
976 3748 1134 3810 Ecclesiae

52 3861 126 3908 crus.

89 3961 119 4026 30
136 3951 196 4012 Per
213 3950 447 4030 baptismalem
465 3948 698 4025 charadterem
714 3951 805 4012 leonto
817 3952 865 4032 fit
887 3951 1018 4014 idoneus
1032 3955 1080 4016 od
1090 3977 1134 4018 ce-

53 4055 111 4108 tera
134 4063 337 4114 sacrarrtenta
363 4054 565 4133 suscipienda
588 4064 619 4116 et
645 4054 715 4115 elia
738 4054 886 4116 Ecclesiae
912 4055 1008 4120 bona,
1048 4058 1134 4121 Illud

57 4171 106 4184 ἱ...

84 4243 257 4316 malacin,
273 4245 839 4319 27.-⁹rc0r.v1‚15.-³Ae.u,41.
