2794 4662
242 164 312 216 6⁴2
610 163 667 216 DE
687 163 982 216 MATR'IMONIO.

242 367 309 409 non
326 356 435 428 potest
459 347 647 428 hujusmodi
670 345 850 423 distinctio,
866 369 922 411 seu
942 348 1051 410 ve'rius
1076 344 1265 419 distractio,
1280 365 1347 427 pro·

242 453 332 529 bari;
362 472 438 514 cum
463 452 675 534 exploratum
703 453 745 517 sit
770 453 803 515 in
829 453 1044 516 matrimonio
1070 451 1260 515 christiano
1284 471 1346 512 con-

243 556 383 618 trabium
399 576 420 618 o
434 566 632 620 sacramento
648 577 710 619 non
725 577 790 620 esse
803 555 1036 620 dissociabilem
1042 579 1056 630 ,·
1076 564 1183 637 atque
1200 555 1278 617 ideo
1293 575 1348 614 non

235 669 329 740 posse
346 660 543 721 contrabium
567 679 678 740 verum
700 668 734 722 et
754 659 937 741 legitimum
960 659 1139 732 consistere,
1154 658 1240 739 quin
1259 658 1304 719 sit
1321 679 1350 718 eo

243 761 311 842 ipso
330 771 578 824 sacromcntmn.
626 761 713 824 Nam
742 761 893 827 Christus
921 765 1088 828 Dominus
1110 763 1284 844 dignitate
1305 781 1350 822 sa·

244 864 404 928 crementi
436 865 533 927 auxit
565 866 836 944 matrimonium3
875 867 1124 932 matrimonium
1157 875 1276 929 autem
1306 875 1352 925 est

243 970 313 1052 ipse
335 966 534 1045 contractus,
550 970 576 1031 si
597 971 698 1033 modo
715 971 759 1034 sit
777 968 884 1035 sactus
901 970 1022 1052 jure...
1069 970 1193 1049 ltaque
1216 979 1352 1050 apparet

243 1093 343 1136 omne
360 1075 444 1136 inter
460 1074 666 1138 Christianos
678 1074 804 1156 justum
821 1073 1014 1156 conjugium
1031 1072 1066 1134 in
1078 1092 1111 1135 se
1122 1081 1157 1134 et
1161 1083 1230 1153 per
1238 1092 1275 1134 se
1285 1089 1351 1134 esse

243 1185 513 1240 sacramentum:
545 1177 687 1258 nihilque
711 1177 818 1260 inagis
840 1176 1010 1240 abhorrere
1033 1197 1054 1238 a
1081 1175 1232 1248 veritate,
1256 1193 1350 1256 quam

244 1301 315 1342 esse
331 1291 574 1345 sacramentum
591 1281 693 1344 decus
708 1281 869 1362 quoddam
885 1279 1085 1361 nrls‘unttum,
1097 1287 1156 1341 aut
1169 1278 1349 1360 proprieta‘

245 1394 311 1446 tem
326 1383 485 1464 allapsam
502 1384 703 1459 extrinsecus,
716 1404 791 1464 quae
807 1405 828 1446 a
843 1383 1005 1446 contractu
1020 1381 1175 1463 disjungi
1188 1400 1230 1443 ac
1246 1381 1351 1462 dispa-

246 1487 308 1548 rari
324 1487 497 1548 hominum
515 1487 673 1549 arbitratu
691 1487 826 1567 queat¹’.

291 1590 410 1652 Thesis
429 1591 529 1654 etiam
551 1610 594 1652 ex
617 1591 655 1654 iis
678 1611 751 1672 quoe
770 1589 813 1652 de
835 1590 994 1664 ministro,
1011 1608 1141 1651 necnon
1165 1587 1309 1650 materit
1323 1594 1351 1647 et

250 1693 356 1754 forma
380 1693 634 1774 disputabimus,
655 1692 925 1756 confirmabitur:
948 1692 974 1754 si
1000 1692 1088 1755 enim
1111 1691 1260 1753 ministri
1282 1699 1350 1750 sunt

249 1794 493 1872 contrahentes,
516 1797 543 1859 si
570 1797 708 1859 materia
734 1804 768 1858 ct
794 1795 901 1858 forma
925 1795 957 1856 in
984 1794 1057 1876 ipso
1083 1813 1253 1855 consensu
1282 1812 1350 1854 con-

247 1899 380 1972 sistunt,
392 1907 427 1959 ut
443 1918 486 1959 ex
503 1898 652 1960 dicendis
670 1897 806 1978 patebit,
822 1908 1065 1961 sacramentum
1082 1895 1309 1959 essentialiter
1322 1896 1349 1956 in

248 2001 321 2082 ipso
337 1998 508 2064 contraClu
525 2001 624 2068 situm
642 2010 692 2062 est
708 2020 768 2064 nec
784 2002 827 2063 ab
843 2021 882 2062 eo
898 2000 1043 2081 disjungi
1061 2009 1182 2084 potest.

294 2104 392 2178 Hinc,
420 2105 549 2166 etiamsi
576 2104 735 2185 baptizati
762 2102 996 2167 contrahentes
1020 2103 1161 2165 omnino
1190 2101 1351 2164 nescirent

247 2205 456 2271 contractum
490 2207 766 2270 matrimonialem
794 2227 867 2268 esse
894 2216 1150 2282 sacramentum,
1175 2203 1351 2269 conficiunt

249 2322 362 2374 tamen
394 2319 637 2373 sacramentum
669 2330 709 2372 eo
736 2311 808 2392 ipso
835 2311 924 2391 quod
953 2310 1132 2373 intendunt
1161 2309 1351 2372 maritaliter
1385 2345 1386 2348 =

249 2414 451 2476 contrahere.
497 2414 533 2478 Si
558 2423 668 2476 autem
694 2414 778 2476 bene
801 2411 920 2490 edocti,
942 2413 1078 2488 nollent,
1101 2423 1242 2494 propter
1264 2430 1349 2473 suam

250 2519 467 2598 impietatem,
495 2517 601 2579 facere
627 2526 880 2590 sacramentum,
905 2516 1181 2597 distinguendum
1216 2525 1294 2578 est:
1322 2513 1350 2573 si

252 2639 366 2682 eorum
394 2620 534 2682 intentio
561 2619 806 2700 praedominans
833 2620 876 2682 sit
902 2619 1094 2701 conjugium
1123 2619 1217 2696 inire,
1232 2627 1348 2681 contra·
1384 2677 1385 2680 ,

251 2720 342 2786 cium
370 2721 466 2785 simul
495 2734 527 2785 et
554 2734 796 2784 sacramentum
824 2721 1022 2798 conficiunt,
1051 2721 1078 2784 si
1106 2730 1222 2784 autem
1246 2739 1348 2784 eorum
1384 2705 1385 2745 l

252 2826 393 2888 intentio
425 2835 493 2887 tam
521 2845 622 2906 prava
649 2826 700 2900 sit,
728 2835 764 2887 ut
788 2825 1046 2887 concubinatum
1075 2825 1219 2906 seligere
1244 2824 1349 2888 malint

251 2949 352 3010 quam
380 2929 583 2990 Matrimonii
605 2937 859 3003 sacramentum,
875 2928 992 2991 horum
1013 2928 1093 2990 unio
1115 2927 1349 2994 concubinarie.
1383 2921 1384 2967 l

253 3051 319 3094 non
336 3041 449 3094 autem
468 3029 626 3094 maritalis
643 3039 701 3093 est.

480 3197 539 3272 ΙΙΙ.
568 3197 619 3254 De
643 3197 824 3255 ministro
848 3196 1119 3255 Matrimontt=.

296 3353 344 3416 23.
396 3335 555 3397 Melchior
581 3335 689 3399 Canus
714 3337 839 3418 primus
865 3357 937 3398 esse
962 3337 1094 3398 videtur
1121 3337 1179 3417 qui
1213 3337 1349 3399 docuerit
1381 3391 1382 3412 ,

254 3458 320 3501 non
339 3441 427 3520 ipsos
444 3441 686 3514 contrahentes
697 3441 755 3502 sed
773 3441 987 3505 Sacerdotem
1001 3441 1057 3521 qui
1071 3461 1129 3502 cos
1144 3442 1177 3502 in
1193 3443 1348 3505 matrimo

256 3543 310 3604 nio
335 3542 455 3623 jungit,
480 3543 648 3606 ministros
673 3563 745 3605 esse
772 3545 1016 3624 sacramenti²;
1046 3541 1142 3624 cujus
1168 3545 1348 3626 opinionem
1380 3601 1381 3624 ᾗ

256 3645 403 3725 amplexi
429 3657 506 3708 sunt
531 3648 625 3709 multi
652 3647 809 3729 theologi,
834 3649 917 3711 inter
942 3667 1026 3728 quos
1053 3646 1202 3726 Sylvius,
1227 3649 1349 3712 Drouin.

292 3873 298 3896 ¹
314 3860 342 3910 S.
362 3859 457 3910 Tleom.
476 3861 560 3927 Supp.
575 3877 601 3928 q.
615 3873 693 3925 45,a.
708 3871 734 3924 5;
748 3875 773 3927 q.
787 3861 829 3927 46,
848 3876 872 3914 a.
890 3875 904 3913 2
913 3877 921 3928 ;
937 3860 1138 3928 Bellarminus,
1153 3877 1178 3916 c.
1196 3861 1230 3926 6;
1246 3865 1348 3923 Droum,
1379 3823 1380 3857 ¹

258 3943 303 3995 lib.
322 3945 357 4004 X,
372 3961 399 4011 q.
419 3945 460 4008 11;
481 3946 615 4010 Br'lluart,
635 3945 702 3998 diss.
728 3947 748 4012 Ι,
771 3965 795 4000 a.
815 3948 851 4012 6;
874 3945 1013 4015 Cam'ire,
1027 3964 1094 4018 pars
1115 3949 1138 4013 1,
1159 3949 1233 4005 sefl.
1256 3965 1279 4016 2,
1296 3969 1316 4006 c.
1330 3969 1348 4005 2:

259 4028 387 4094 Perrone,
402 4029 467 4082 sect.
483 4030 504 4096 1,
518 4048 540 4084 c.
556 4047 590 4095 ²3
609 4033 641 4084 de
654 4033 835 4100 Augustinus,
849 4051 873 4088 a.
891 4051 924 4104 33
943 4036 1088 4102 Palmim’,
1106 4036 1148 4090 th.
1166 4037 1221 4091 Xl.
1378 4017 1379 4080 l

293 4111 361 4166 ’De
377 4115 441 4166 Loc.
459 4116 587 4184 theolog,
600 4119 616 4170 l.
628 4119 710 4184 Vlll,
729 4137 753 4173 c.
771 4133 793 4189 5.
836 4123 974 4175 Melchior
988 4125 1084 4176 Canus
1097 4140 1180 4176 suam
1196 4127 1346 4180 sententian

259 4195 354 4250 tribuit
367 4199 504 4252 Gulielmo
516 4202 679 4270 Pansiensi,
692 4206 777 4258 Petro
787 4209 943 4275 Paludano,
954 4211 1010 4264 imo
1021 4211 1051 4266 S.
1069 4211 1192 4280 Thomoe,
1208 4215 1260 4268 sed
1273 4216 1346 4268 imme

261 4280 322 4345 rito,
336 4293 365 4336 ut
378 4284 432 4336 late
446 4287 567 4342 ostendit
581 4290 710 4358 Per-rone,
725 4293 741 4346 1.
759 4311 782 4348 c.
799 4311 825 4364 p.
842 4297 875 4364 48
889 4313 931 4367 sq.
