2780 4646
251 161 296 211 70
717 159 858 212 caput*
874 160 898 208 1.

248 357 326 401 nam
352 349 432 401 tunc
457 338 566 420 gratia
591 337 731 402 actualis
758 350 808 402 est
835 335 988 401 absolute
1018 335 1206 398 necessaria
1234 329 1338 414 pecca·

248 441 332 516 tori;
355 441 447 521 atqui
465 441 557 504 Deus
573 461 743 522 nunquam
759 442 792 502 in
809 440 1002 503 necessariis
1018 439 1162 520 gratiam
1182 437 1339 516 denegat:

248 561 337 622 ergo.

291 641 341 722 84.
388 645 443 707 Ex
456 642 554 709 dietis
564 645 704 726 intelligi
716 647 816 708 datur
825 645 906 725 quid
919 645 1123 708 censendum
1137 643 1180 705 sit
1191 645 1234 705 de
1245 661 1339 704 asser·

249 747 338 808 tione
354 767 374 810 a
388 750 490 810 sacris
505 748 693 811 oratoribus
710 767 799 828 saepe
815 748 966 828 repetita,
982 755 1110 808 certum
1131 744 1256 806 scilicet
1278 761 1339 804 esse

249 860 461 930 peccatorum
478 872 652 915 numerum
668 871 744 932 quae
761 851 854 913 Deus
871 849 1040 912 remittere
1056 847 1210 923 intendit,
1225 855 1338 908 certum

250 951 429 1030 gratiarum
453 973 628 1015 numerum
652 974 735 1035 quas
757 953 941 1016 concedere
963 951 1119 1026 decrevit,
1142 950 1230 1012 ultra
1251 967 1338 1030 quem

211 1125 217 1132 Ι
250 1052 331 1115 nihil
353 1054 397 1116 ab
420 1055 493 1136 ipso
515 1052 782 1136 exspeeiandum
798 1065 865 1132 est;
888 1056 951 1117 hoc
967 1055 1067 1129 enim,
1082 1074 1181 1116 sensu
1198 1052 1340 1114 absoluto

250 1155 464 1233 intellectum,
490 1159 659 1221 communi
690 1155 850 1221 doftrinae
881 1156 1085 1230 adversatur,
1113 1155 1215 1235 juxta
1242 1173 1340 1235 quam,

249 1277 375 1334 omnes,
401 1262 560 1342 quamdiu
591 1261 716 1336 vivunt,
742 1260 885 1322 salutem
916 1277 1011 1321 suam
1043 1257 1173 1338 operari
1202 1265 1340 1338 possunt,

250 1362 455 1443 proindeque
470 1363 685 1442 rejiciendum
700 1385 708 1440 ;
729 1363 903 1426 latendum
920 1372 971 1424 est
987 1372 1112 1436 tamen,
1127 1381 1171 1423 ex
1197 1361 1270 1441 lege
1285 1359 1339 1422 Dei

249 1467 428 1540 communi,
454 1465 659 1528 uberioribus
691 1466 810 1547 privari
841 1465 957 1545 gratiis
988 1483 1045 1524 eos
1071 1463 1128 1543 qui
1156 1463 1264 1544 gratia
1293 1462 1340 1523 alr

250 1575 396 1642 utuntur,
419 1569 668 1630 conversionem
692 1568 875 1630 deliberate
898 1565 1142 1646 postponendo,
1163 1564 1216 1626 vel
1239 1564 1340 1646 gravia

250 1677 388 1748 peccata
403 1668 591 1750 frequenter
606 1670 859 1744 committendo,
875 1669 1080 1747 eosdemque
1095 1666 1243 1748 periculo
1258 1677 1340 1728 aeter·

251 1792 304 1833 nae
319 1773 544 1835 damnationis
559 1774 694 1854 exponi,
710 1793 813 1854 quum
831 1773 864 1834 in
881 1781 1021 1852 peccato
1036 1791 1107 1846 suo,
1125 1771 1201 1832 Deo
1218 1771 1265 1832 sic
1281 1789 1340 1851 per·

252 1876 414 1950 mittente,
432 1876 514 1936 mori
531 1877 659 1956 possint
673 1887 694 1938 ¹.

499 2026 568 2084 111.
589 2024 724 2097 Quoad
743 2024 918 2082 infideles
938 2023 1105 2083 adultos

293 2147 343 2230 85
391 2150 547 2213 {nfideles
563 2151 668 2213 adulti
683 2147 826 2230 duplicis
843 2157 920 2210 sunt
936 2146 1091 2228 generis:
1107 2145 1163 2207 alii
1180 2155 1258 2208 sunt
1267 2144 1340 2226 posi-

252 2255 322 2328 tivi,
335 2253 400 2333 qui,
415 2253 548 2326 scilicet,
565 2251 785 2332 Evangelium
802 2247 1002 2312 sufficienter
1018 2248 1196 2311 audierunt
1211 2247 1269 2310 sed
1286 2265 1340 2308 cre·

252 2357 330 2419 dere
353 2356 538 2431 noluerunt,
562 2364 620 2417 aut
643 2353 740 2416 fidem
762 2361 934 2433 acceptam
959 2352 1092 2433 propria
1115 2349 1213 2432 culpa
1236 2351 1340 2413 amise-

253 2468 338 2534 runt,
355 2468 391 2520 ut
406 2466 587 2539 apostatae3
611 2457 665 2519 alii
682 2466 794 2518 autem
811 2464 889 2516 sunt
910 2453 1063 2534 negativi,
1080 2453 1145 2533 qui,
1162 2452 1294 2524 scilicet,
1309 2451 1342 2512 de

254 2560 511 2641 fide'nunquam
535 2557 735 2621 sufficienter
757 2557 947 2628 audierunt,
971 2565 1007 2617 ut
1032 2555 1108 2617 Indi
1135 2556 1168 2616 in
1199 2553 1342 2616 Americs

254 2673 433 2744 antequam
452 2661 672 2743 Evangelium
690 2661 752 2722 hac
770 2661 802 2720 in
820 2659 955 2739 regione
972 2657 1208 2738 praedicaretur
1218 2669 1238 2718 ².

294 2761 343 2829 86.
390 2774 419 2822 ιο
446 2765 544 2822 Thesi's
562 2782 572 2816 :
597 2761 773 2826 Omnibus
796 2758 1001 2823 infidelibus
1025 2757 1170 2835 adultis,
1196 2757 1272 2822 sive
1294 2773 1342 2835 po·

255 2861 379 2938 sitivis,
399 2859 475 2923 sive
497 2857 686 2939 negativis,
709 2859 839 2921 dantur
860 2856 1053 2934 aliquando
1074 2855 1204 2934 gratiae
1227 2855 1343 2920 saltem

255 2962 393 3022 remote
418 2956 649 3033 sufficientes,
666 2961 706 3019 ut
724 2953 864 3034 possint
880 2953 928 3015 ad
946 2951 1054 3015 fidem
1073 2951 1246 3015 converti.
1288 2951 1344 3010 Cir·

258 3066 325 3118 tum
341 3066 388 3118 est
402 3067 517 3118 contra
530 3055 760 3135 Jarisenianos‚
773 3053 962 3133 rigidosque
977 3049 1188 3112 Lutheranos
1202 3060 1235 3111 et
1248 3047 1343 3112 Calvi·

258 3159 360 3220 nistas
384 3159 440 3238 qui
457 3158 664 3220 contendunt
682 3156 875 3218 Infidelibus
892 3154 1017 3216 nullam
1035 3151 1344 3233 gratiam‘concedi3

258 3271 290 3323 et
314 3261 446 3341 insuper
469 3269 583 3321 contra
607 3259 769 3339 quosdam
794 3258 949 3338 antiquos
972 3256 1149 3336 theologos
1173 3263 1345 3316 asserentes
1378 3271 1379 3318 l

261 3362 452 3424 [nfidelibus
469 3361 631 3440 negativis
649 3360 772 3422 nnllam
791 3362 913 3440 pariter
930 3361 1073 3440 gratiam
1091 3357 1241 3420 conferri.

263 3481 548 3490 ——-.—-.-----
566 3481 579 3486 -
600 3481 612 3484 -
629 3481 637 3484 -
662 3480 721 3486 ----.

1032 3479 1062 3483 -.
1085 3477 1147 3483 —.
1154 3469 1344 3483 d„-

293 3557 301 3586 ¹
314 3547 406 3612 Quam
420 3543 566 3595 veritatem
579 3541 742 3608 eloquenter
759 3549 898 3608 exponunt
911 3539 1100 3604 Bourdaloue,
1118 3540 1239 3591 Sermon
1253 3553 1317 3606 pour
1328 3535 1346 3586 le

261 3631 350 3684 Lundi
370 3631 405 3682 de
424 3629 450 3682 la
470 3627 601 3682 Semaine
621 3625 729 3689 Sainte,
750 3643 797 3678 sur
820 3625 844 3677 le
865 3623 1071 3678 Retardement
1091 3625 1126 3677 de
1146 3625 1173 3677 la
1194 3625 1346 3678 Penitenee:
1378 3629 1379 3700 q

256 3717 285 3784 J.
303 3717 342 3768 H.
359 3717 505 3780 ivereium,
523 3715 688 3766 Discourses
702 3723 731 3764 to
744 3712 839 3764 mixed
853 3711 1089 3780 Congregations,
1102 3711 1174 3764 disc.
1193 3713 1232 3777 ll,
1243 3705 1346 3778 Neglecl
1378 3703 1379 3788 l

261 3802 292 3854 os
302 3801 394 3854 divine
408 3801 475 3852 calls
489 3801 545 3852 and
560 3798 708 3864 warnings.

296 3893 305 3914 ’··
321 3889 364 3938 De
379 3887 601 3939 Protestantibus
615 3885 733 3952 aliisque
752 3883 892 3937 haereticis
906 3885 1075 3954 exprosesso
1094 3901 1151 3936 non
1168 3885 1347 3952 disputamus:

262 3975 375 4027 veniunt
397 3974 472 4024 enim
495 3973 546 4026 sub
569 3971 682 4024 nomine
703 3972 873 4038 Infidclirmi,
892 3989 979 4040 quum
1002 3971 1155 4025 infidelitas
1175 3973 1232 4024 late
1253 3980 1349 4036 sumpta

263 4061 347 4112 etiam
360 4057 506 4110 haereiicos
519 4071 546 4110 et
559 4067 702 4124 apostatas
716 4057 929 4124 conipletintur3
943 4057 1067 4110 melioris
1081 4069 1176 4111 tamen
1190 4069 1256 4110 sunt
1270 4051 1349 4110 condi·

264 4145 347 4196 tionis
361 4161 444 4211 quam
460 4145 601 4204 infideles,
612 4159 697 4210 quum
711 4143 849 4210 quasdam
864 4145 963 4196 saltem
979 4144 1110 4198 veritates
1125 4144 1251 4210 credant,
1269 4143 1349 4209 sicque
1378 4123 1379 4132 ἵ

265 4232 372 4284 facilius
384 4231 504 4298 gratiam
518 4231 646 4298 accipere
660 4230 762 4283 valent.
