2758 4652
233 144 290 196 DE
308 145 598 196 mutuemus
619 144 919 197 sacramento.
1063 144 1123 195 521

450 266 692 274 ——--.——
706 268 734 272 .—
775 267 791 272 -
864 265 909 272 -..
925 265 1024 270 —..

54 323 104 388 68.
158 327 255 385 Tarsis
268 353 280 386 .·
311 327 499 392 Confessio
524 326 797 391 sacramentalis
823 331 881 390 est
899 323 981 404 jure
1007 322 1125 387 divino

19 423 226 488 necessaria
247 423 291 487 iis
312 424 479 489 omnibus
500 425 560 503 qui
581 425 705 505 gravia
730 428 879 503 peccata
894 427 977 501 post
991 420 1125 499 baptis·

19 535 115 582 mum
133 521 401 600 commiserunt,
419 521 544 600 eisque
565 522 737 602 obligatio
758 520 932 585 incumbit
953 519 1073 584 omnia
1087 524 1125 583 et

19 615 164 694 singula
178 619 343 683 mortalia
358 623 508 698 peccata
522 619 726 683 confitendi.
769 619 819 681 De
827 619 894 698 fide
904 629 950 680 est
961 639 1000 680 ex
1012 617 1042 679 T
1041 617 1100 678 rid.
1113 641 1124 679 .-

19 725 29 746 “
44 717 78 780 Si
104 721 182 799 quis
207 725 376 801 negaverit
400 720 643 784 confessionem
667 721 943 784 sacramentalem
959 719 1010 782 vel
1031 720 1122 781 insti-

19 827 123 884 tutam
142 824 194 884 vel
211 827 252 886 ad
270 825 411 887 salutem
430 825 649 886 necessariam
674 845 745 887 esse
766 825 838 905 jure
859 825 1008 886 divino
1031 822 1071 884 A.
1089 822 1122 886 S.

19 922 50 984 Si
74 925 154 1004 quis
177 927 301 990 dixerit
326 929 357 988 in
383 937 592 990 sacramento
609 928 819 990 Poenitentiae
836 926 877 987 ad
895 926 1121 987 remissionem

19 1039 232 1106 peccatorum
249 1033 470 1094 necessarium
493 1051 559 1092 non
584 1051 655 1092 esse
668 1030 741 1109 jure
757 1030 871 1092 divino
887 1027 1035 1091 confiteri
1051 1049 1121 1089 orn-

19 1129 66 1189 nia
77 1140 112 1193 et
126 1131 259 1212 singula
272 1145 408 1215 peccata
422 1134 584 1208 mortalia,
595 1153 734 1214 quorum
749 1131 909 1194 memoria
921 1151 995 1193 cum
1009 1131 1122 1194 debita

19 1241 45 1292 et
61 1233 219 1314 diligenti
237 1238 526 1316 praemeditatione
541 1237 703 1298 habeatur
718 1236 819 1297 etiam
836 1235 993 1297 occulta...
1012 1234 1052 1296 Α.
1070 1234 1120 1298 5.”

19 1331 114 1400 sSess.
135 1336 232 1411 XIV,
248 1359 317 1400 can.
333 1339 413 1418 6-7).
460 1339 619 1402 Diximus
642 1340 692 1419 (a)
707 1339 884 1417 “corrJ‘essio
904 1347 1119 1400 sacraturum-

19 1435 52 1495 lis
64 1436 87 1508 '’,
106 1438 335 1502 abstrahendo
351 1461 370 1502 a
386 1443 571 1522 quaestione
593 1451 702 1505 utrum
713 1441 842 1524 publica
858 1443 908 1516 sit,
924 1442 974 1504 vel
984 1442 1121 1522 privata

19 1555 66 1598 seu
95 1541 321 1614 auriculan's,·
354 1553 481 1605 certum
510 1556 560 1608 est
587 1545 830 1608 consessionem
859 1545 1025 1626 publicam
1053 1565 1118 1606 non

19 1643 144 1719 requiri,
157 1643 222 1705 imo
235 1665 324 1725 saepe
340 1646 599 1728 inopportunam
613 1670 693 1724 esse,
704 1661 739 1712 ut
752 1652 798 1712 ait
816 1650 845 1710 T
843 1649 957 1712 rident.
968 1649 1063 1730 (Cap.
1076 1648 1119 1728 5);

19 1743 68 1802 sed
87 1745 114 1804 si
133 1746 176 1807 de
193 1745 281 1810 lacto
296 1752 499 1830 quandoque
514 1751 720 1824 adhibeatur,
737 1752 769 1812 in
785 1751 900 1813 ordine
922 1751 965 1812 ad
989 1750 1119 1812 absolu-

19 1844 151 1920 tionem,
182 1847 253 1910 haec
289 1869 421 1930 quoque
454 1854 515 1916 erit
549 1854 713 1916 consessio
743 1874 818 1914 vere
852 1853 1119 1926 sacramentalis;

19 1943 62 2024 (b)
79 1950 180 2028 “jure
195 1951 307 2013 divino
324 1955 500 2016 necessaria
513 1956 537 2030 '’,
553 1957 631 2037 quia
649 1957 812 2019 consessio
835 1975 900 2017 non
925 1965 976 2017 est
999 1976 1120 2036 praece-

19 2057 106 2126 ptum
127 2072 217 2114 mere
233 2054 502 2134 ecclesiasticum,
518 2061 575 2121 sed
600 2062 759 2134 divinum,
776 2070 939 2140 quatenus
961 2057 1119 2138 implicite

19 2153 203 2217 contInetur
218 2155 250 2216 in
268 2166 434 2237 potestate
451 2163 641 2224 remittendi
658 2173 794 2244 peccata
812 2162 970 2224 Ecclesia
988 2163 1030 2224 ab
1047 2163 1119 2243 ipso

19 2251 147 2317 Christo
175 2258 295 2320 collata
308 2282 316 2336 ;
341 2260 390 2340 (c)
407 2267 555 2342 “perroto
573 2265 732 2344 gmoiffl’,
752 2285 807 2328 seu
833 2265 994 2337 mortalia,
1016 2285 1117 2345 quum

19 2358 156 2420 venialia
173 2361 301 2440 possint
317 2364 442 2445 absque
458 2366 665 2430 confessione
688 2369 831 2446 remitti;
856 2368 908 2431 hic
932 2379 1043 2430 autem
1061 2389 1117 2430 no-

20 2465 81 2520 tare
98 2464 239 2544 expedit
256 2465 360 2528 multa
384 2478 529 2548 peccata,
546 2492 621 2552 quae
644 2473 742 2534 hodie
764 2482 801 2534 ut
822 2472 975 2534 mortalia
990 2492 1010 2532 a
1026 2471 1118 2533 theo-

20 2557 95 2640 logis
112 2565 287 2642 habentur,
299 2589 319 2629 a
332 2570 484 2633 Patribus
497 2573 583 2636 inter
594 2575 736 2637 venialia
752 2576 913 2637 recensita
929 2573 1028 2636 fuisse
1042 2597 1048 2650 ;
1072 2576 1118 2636 ita

22 2662 177 2730 Coesarirrs
200 2672 230 2732 A
236 2671 325 2734 relat.
342 2673 427 2736 inter
450 2677 579 2738 minuta
603 2689 740 2759 peccata
765 2687 1005 2741 commemorat
1029 2677 1116 2757 jura-

20 2779 136 2842 menta,
150 2772 303 2852 perjuria,
315 2775 547 2855 detradlloneS,
557 2783 683 2843 otiosos
699 2801 877 2854 sermones
892 2779 1016 2854 odium,
1027 2781 1116 2852 iram,

20 2869 135 2948 gulam,
153 2874 311 2937 invidiam
329 2890 411 2940 etc.¹
429 2901 436 2954 ;
457 2880 608 2960 jamvero
632 2883 687 2945 illa
711 2883 781 2945 sola
804 2893 940 2964 peccata
963 2903 1117 2946 accusare

20 2974 211 3037 tenebantur
228 2977 350 3055 fideles
366 2982 458 3061 cujus
482 2986 655 3064 gravitatis
679 2987 801 3047 conscii
825 2995 926 3048 erant.
973 2986 1044 3051 Sub
1059 3007 1117 3048 no-

21 3073 101 3136 rnine
117 3088 230 3141 autem
248 3089 456 3161 peccatorum
480 3085 669 3149 mortalium
695 3088 830 3150 veniunt
854 3090 954 3152 etiam
979 3101 1117 3170 peccata

20 3171 149 3242 interna.
180 3220 223 3229 —
255 3184 524 3250 Fundamentum
555 3189 654 3268 hujus
684 3188 845 3253 doctrinae
881 3193 912 3254 in
945 3194 1116 3274 Scriptura

21 3272 161 3360 habetur,
176 3286 276 3366 plena
292 3297 402 3349 autem
420 3291 573 3370 probatio
590 3294 621 3353 in
640 3293 843 3357 Traditione.

56 3382 103 3460 69.
154 3382 219 3470 (A)
240 3389 381 3469 Scripta
397 3391 447 3468 (a)
465 3393 519 3454 Ex
535 3392 633 3456 dietis
649 3395 693 3472 (n.
709 3413 758 3470 20,
772 3399 827 3477 27)
842 3393 992 3460 Christus
1008 3420 1114 3461 sacra-

21 3551 109 3604 tentire
123 3553 150 3604 in
165 3570 248 3607 sensu
264 3555 456 3610 Romanorum
475 3561 699 3628 (catholicorum)
719 3581 774 3616 non
794 3565 978 3618 habemus-
992 3565 1115 3620 fidelium

22 3634 188 3706 privilegium
197 3651 308 3694 tantum
318 3644 425 3698 censeri
435 3645 525 3700 debet
551 3649 637 3701 Nulla
646 3649 727 3704 adest
737 3651 871 3718 obligatio
882 3663 999 3720 peccata
1008 3665 1116 3707 secreto

21 3725 158 3786 aperiendi
172 3729 343 3796 presbytero,
358 3747 420 3783 cum
440 3731 483 3785 lex
502 3735 641 3800 generalis
655 3753 711 3789 non
726 3738 780 3802 sit3
800 3738 903 3807 quique
917 3738 955 3792 ita
968 3751 1063 3807 agunt,
1080 3741 1117 3795 de

22 3807 103 3865 altiori
119 3813 289 3881 perfectione
304 3815 331 3867 in
344 3816 487 3883 religionis
500 3819 654 3874 officiorum
667 3823 848 3878 observantia
860 3822 974 3892 gloriari
987 3843 1042 3880 non
1053 3843 1116 3895 pos-

23 3907 97 3961 sunt;
123 3901 225 3970 quique
245 3918 262 3954 a
280 3902 457 3957 consessione
475 3903 626 3973 abstinent,
642 3908 704 3976 jure
723 3910 849 3964 accusari
870 3921 1011 3980 nequeunt
1031 3929 1060 3966 se
1079 3915 1116 3968 ab

23 3979 105 4038 officio
119 3987 255 4041 deiecisse
265 3990 284 4040 ''.
305 3987 441 4058 (illargan
456 3991 524 4056 Dr‘x,
538 4009 581 4060 op.
597 3993 642 4047 cit.
660 4011 686 4062 p.
702 3995 757 4061 90.)

55 4067 221 4142 ¹Appendr'x
233 4075 270 4128 ad
284 4078 400 4144 August.
411 4093 502 4130 sermo
516 4095 530 4132 2
536 4091 614 4158 57,·n.
627 4098 653 4144 2;
667 4081 715 4136 cir.
736 4083 909 4152 Vacandorrl,
921 4086 938 4142 1.
956 4103 979 4141 c.
996 4099 1033 4140 1et
1046 4087 1112 4141 leur.

28 4153 94 4225 1899.
108 4177 132 4228 p·
145 4162 270 4228 408·409-

56 4240 64 4269 ¹
79 4246 108 4298 ln
123 4247 183 4301 Vet.
198 4249 391 4317 Testamento,
404 4251 532 4320 quamvis
552 4253 628 4306 nulla
647 4255 786 4311 confessio
805 4261 1016 4314 sacramentalis
1030 4271 1113 4323 esset,
