2758 4652
238 182 305 234 5³0
447 184 502 233 DE
522 183 810 233 POENITENTIAE
830 181 1129 234 SACRAMENTO.

231 362 378 424 scientia:
394 382 559 426 remorsus
571 375 591 426 ¹.
644 364 770 426 Pariter
790 364 954 426 consessio
975 385 996 424 a
1012 366 1150 443 peccatis
1171 361 1290 424 deterret
1298 384 1310 432 ,-

232 484 310 527 nam
334 466 361 526 si
385 464 593 528 desolatione
615 466 767 529 desolata
789 477 840 530 est
863 478 958 542 terra,
981 468 1060 548 quia
1082 486 1182 529 nemo
1202 465 1311 546 estqui

232 567 393 648 recogitet
415 569 523 644 corde,
539 569 596 649 qui
617 569 856 631 conscientiam
878 589 972 631 suam
995 567 1184 648 frequenter
1197 567 1314 628 discutit

233 678 269 731 ut
299 670 412 732 omnia
440 680 577 753 peccata
603 691 623 733 a
650 691 684 732 se
707 673 886 734 commissa
915 670 1122 745 confiteatur,
1144 669 1314 750 hujusmodi

233 771 416 853 periculum
433 773 546 835 evadit
561 795 568 850 ;
594 774 759 855 siquidem
775 774 1013 836 conscientiam
1036 773 1223 846 scrutando,
1237 792 1315 833 occa-

233 873 342 936 siones
358 873 518 955 peccandi
535 875 626 939 videt
648 884 683 938 et
706 875 800 956 sugit,
816 873 927 937 media
950 876 992 937 ad
1017 875 1218 937 tentationes
1235 893 1315 953 supe-

234 977 354 1038 randas
370 977 468 1040 discit
482 998 490 1054 ;
512 987 672 1058 praeterea
684 977 847 1060 obligatio
859 978 980 1050 omnia,
992 978 1094 1041 etiam
1107 977 1317 1047 secretissima,

234 1079 403 1160 aperiendi
420 1100 497 1142 eum
513 1080 757 1161 vigilantiorem
774 1081 885 1156 efficit,
901 1081 947 1143 ita
967 1090 1005 1143 ut
1024 1081 1152 1144 nullum
1169 1082 1211 1143 sit
1225 1079 1319 1141 effica-

235 1183 304 1244 cius
320 1181 460 1245 sraenum
477 1183 519 1244 ad
537 1185 738 1246 coercendos
760 1192 952 1264 peccatores
968 1202 1069 1263 quam
1086 1183 1320 1244 sacramentalis

235 1285 408 1348 consessio.
460 1285 635 1350 Confessio
651 1287 753 1349 etiam
770 1285 931 1349 virtutum
944 1285 1081 1367 pram'm
1098 1286 1243 1347 maxime
1258 1305 1322 1364 pro-

236 1396 374 1450 movet:
400 1407 503 1468 quum
527 1389 617 1451 enim
640 1387 768 1451 debiles
791 1396 826 1450 ct
849 1389 1076 1450 inconstantes
1099 1387 1213 1462 simus,
1227 1386 1323 1448 amico

237 1502 270 1553 et
293 1492 378 1554 duce
402 1492 591 1572 indigemus
618 1491 651 1552 in
675 1492 744 1552 viti
767 1489 956 1570 spirituali:
982 1487 1227 1552 “Fluctuamus
1251 1489 1325 1549 inter

237 1595 327 1656 varia
342 1593 489 1664 consilia,
506 1595 614 1675 inquit
630 1593 750 1657 Seneca
766 1593 845 1674 (Ep.
860 1593 935 1674 52);
961 1591 1043 1654 nibil
1061 1592 1163 1655 libere
1177 1592 1329 1663 volumus,

238 1696 319 1758 nihil
343 1696 504 1770 absolute,
521 1695 601 1758 nihil
625 1715 764 1777 semper.
818 1694 928 1756 Nemo
951 1714 1010 1776 per
1030 1713 1065 1757 se
1088 1695 1170 1756 satis
1192 1692 1277 1756 valet
1297 1703 1331 1754 ut
1373 1765 1374 1768 Ἴ

238 1810 388 1880 emergat
404 1821 411 1876 ;
437 1810 568 1881 oportet
585 1819 721 1861 manum
737 1797 857 1879 aliquis
872 1798 1030 1879 porrigat,
1045 1797 1166 1878 aliquis
1182 1799 1330 1860 educat...

240 1901 316 1965 Non
341 1904 423 1966 duce
446 1913 576 1966 tantum
600 1922 684 1984 opus
707 1910 766 1976 est,
782 1902 841 1963 sed
865 1900 1018 1980 adjutore
1041 1910 1075 1963 et
1098 1910 1136 1963 ut
1161 1901 1208 1963 ita
1230 1901 1333 1962 dicam

239 2003 427 2070 coactore'’.
480 2005 585 2086 Atqui
610 2005 643 2067 in
667 2003 874 2066 consessione
897 2003 1130 2066 sacramentali
1155 2003 1334 2065 invenimus

239 2110 379 2171 amimm
396 2108 635 2183 fidelissimum,
648 2107 710 2180 cui,
723 2107 785 2168 sub
801 2107 918 2169 secreti
935 2105 1116 2168 inviolabili
1132 2104 1336 2187 sigillqdeli-

239 2209 302 2286 ἃει,
341 2209 550 2274 infirmitates
588 2220 622 2272 et
659 2209 794 2270 vulnera
832 2209 940 2271 cordis
978 2209 1104 2290 aperire
1142 2227 1337 2289 possumus;

240 2314 349 2376 ducem
362 2314 567 2394 spiritualem
580 2312 637 2393 qui
649 2311 719 2374 vias
733 2313 870 2374 Domini
887 2332 948 2374 nos
960 2311 1124 2388 edocebit,
1133 2313 1338 2375 ostendendo

241 2417 321 2497 quid
337 2417 451 2492 vitare,
467 2416 547 2497 quid
564 2435 663 2496 agere
679 2414 860 2477 debeamus
877 2435 942 2477 non
960 2416 1105 2497 generali
1127 2417 1237 2491 modo,
1253 2424 1290 2476 ut
1305 2414 1338 2476 lit

242 2520 274 2581 in
299 2519 546 2600 praedicatione.
561 2517 620 2579 sed
644 2518 789 2598 speciali,
805 2520 926 2582 nostris
950 2517 1198 2581 infirmitatibus
1215 2537 1337 2580 accom-

242 2624 390 2698 modato,
402 2621 503 2702 juxta
519 2621 600 2684 illud
619 2643 626 2683 ε
654 2627 670 2653 “
682 2621 797 2703 Surge,
814 2632 848 2684 ct
864 2623 1037 2703 ingredere
1051 2623 1234 2696 civitatem,
1248 2631 1284 2684 et
1299 2621 1338 2682 ibi

242 2723 370 2787 dicetur
391 2724 452 2786 tibi
471 2725 550 2805 quid
573 2735 603 2786 te
623 2735 776 2805 oporteat
792 2725 969 2802 sacere'’²;
995 2725 1186 2807 adsistorena
1201 2726 1257 2806 qui
1276 2725 1339 2787 zelo

243 2827 307 2890 Dei
331 2827 485 2908 flagrans,
501 2847 562 2890 nos
578 2828 679 2891 veluti
702 2839 799 2909 coget
820 2831 862 2892 ad
879 2829 959 2892 vitia
975 2828 1177 2910 expellenda
1192 2829 1338 2891 virtutes-

242 2951 308 3012 que
323 2931 489 2995 colendas.
537 2931 627 2992 Hinc
642 2931 868 2993 Leibnitzius³
884 2933 931 2994 ait
950 2953 957 2994 :
983 2932 1135 2994 “Totum
1153 2941 1266 2994 autem
1284 2933 1339 2992 hoc

243 3035 432 3096 institutum
449 3035 562 3097 divini
577 3035 741 3114 sapientia
757 3035 896 3115 dignum
913 3053 985 3096 esse
1001 3035 1114 3115 negari
1137 3052 1205 3096 non
1228 3043 1340 3115 potest,

244 3149 276 3198 ct
293 3139 319 3198 si
336 3137 415 3218 quid
432 3137 531 3210 aliud,
545 3138 609 3199 hoc
625 3146 713 3199 certe
730 3137 762 3198 in
779 3137 959 3200 christiana
975 3138 1134 3219 religione
1150 3137 1338 3218 praclarum

244 3250 277 3302 et
294 3238 460 3301 laudabile
476 3250 526 3301 est
543 3241 633 3320 quod
650 3250 683 3302 et
701 3240 857 3302 Sinenses
873 3260 911 3300 ac
923 3240 1131 3320 Japonenses
1147 3249 1228 3302 sunt
1243 3239 1340 3301 admi-

244 3343 332 3404 rati:
360 3362 437 3404 nam
462 3352 495 3404 et
519 3362 538 3404 a
562 3343 707 3423 peccatis
729 3342 852 3404 multos
868 3343 1012 3406 deterret
1033 3341 1215 3404 confitendi
1238 3361 1341 3404 neces

245 3447 334 3520 sitas,
349 3465 406 3507 eos
424 3447 572 3507 maxime
588 3447 643 3525 qui
661 3447 811 3508 nondum
828 3445 981 3506 obdurati
998 3454 1086 3520 sunt,
1101 3455 1135 3506 ct
1157 3445 1260 3524 lapsis
1282 3464 1341 3506 ma.

245 3568 346 3630 gnam
363 3547 627 3610 consolationem
645 3556 793 3628 praestat,
807 3557 844 3608 ut
861 3548 946 3608 adeo
962 3558 1078 3628 putem
1095 3547 1197 3628 pium,
1213 3566 1342 3627 gravem

280 3767 289 3799 ¹
309 3768 393 3836 Quod
412 3767 533 3821 candide
552 3767 674 3821 fatentur
692 3783 750 3819 non
769 3765 851 3834 pauci
872 3767 1074 3829 Protestantes‚
1090 3782 1115 3818 v.
1132 3781 1160 3832 g.
1176 3765 1216 3818 E.
1233 3764 1346 3818 llbvilic

245 3853 332 3922 (apud
345 3854 378 3906 de
390 3855 517 3922 Baudry,
533 3855 573 3906 La
588 3853 719 3920 Religion
733 3852 770 3906 du
785 3853 879 3915 Coeur.
896 3869 924 3921 p.
940 3851 975 3918 84
988 3851 1042 3922 sq.)
1059 3869 1066 3906 ε
1086 3847 1185 3920 “Quis
1197 3851 1278 3904 enim
1292 3867 1345 3920 pec·

246 3951 326 3993 cator
342 3939 504 4008 cupiditatis
524 3941 621 3993 oculos
635 3939 672 3992 ad
685 3939 808 3992 tribunal
822 3939 999 4006 poenitentiae
1012 3955 1068 3991 non
1082 3937 1243 3991 convertit?
1285 3938 1347 4006 Quis

246 4041 304 4077 non
318 4025 487 4091 concupivit,
501 4025 529 4078 in
542 4025 731 4079 amaritudine
745 4025 848 4077 animae
862 4041 920 4078 suae
934 4035 963 4078 et
980 4023 1177 4078 incertitudine
1191 4023 1301 4078 divinae
1313 4041 1345 4076 re

247 4107 402 4172 missionis,
415 4126 449 4162 ex
462 4127 509 4162 ore
522 4111 583 4178 ejus
596 4111 642 4181 qui
659 4110 763 4164 Christi
776 4110 953 4165 autioritatis
967 4109 1110 4181 particeps
1122 4121 1176 4180 est,
1192 4111 1258 4166 haec
1273 4111 1347 4165 verba

248 4193 348 4246 audire
361 4211 367 4246 :
388 4193 469 4247 Vade
482 4193 509 4246 in
524 4213 601 4262 pace,
612 4197 729 4250 remissa
740 4208 805 4251 sunt
818 4209 936 4265 peccata
949 4208 997 4251 tua
1006 4199 1039 4252 ”i

283 4278 365 4329 mm.
383 4277 433 4344 IX,
447 4291 470 4342 7.
483 4281 536 4318 -³
550 4282 681 4348 Systema
695 4283 793 4347 theol,
812 4284 936 4350 Parisiis,
954 4285 1029 4352 1819,
1043 4301 1068 4353 p.
1083 4297 1142 4350 270.
