2776 4644
226 171 266 218 12
659 170 716 218 DE
733 169 904 218 annm.

743 287 805 292 -.-
833 285 1008 292 ——-.-—
1036 284 1042 288 .
1066 277 1316 288 -————-

265 348 336 404 Cim.
354 363 377 418 3.
417 347 447 404 Si
461 347 528 418 quis
542 346 667 404 liberum
682 348 811 404 hominis
830 347 982 404 arbitrium
998 355 1064 417 post
1079 345 1153 402 Adte
1167 353 1335 416 peccatum

224 435 368 492 amissum
388 445 417 493 et
437 434 616 492 exstinclum
636 453 702 492 esse
720 435 836 495 dixerit.
850 446 901 492 aut
921 453 982 491 rem
1002 452 1067 490 esse
1086 433 1124 491 de
1143 433 1208 489 solo
1228 431 1333 488 titulo.

225 520 287 577 imo
300 522 418 578 titulum
432 524 548 590 sinere,
563 522 738 592 figmentum
758 523 890 593 denique
907 541 924 579 a
939 523 1047 578 Satauci
1061 519 1210 578 invectum
1226 519 1258 574 in
1276 518 1335 572 Ec-

225 609 361 669 clesiam:
382 612 417 666 Α.
433 609 462 666 S.

265 696 291 752 C
289 715 338 751 an.
355 701 379 752 6.
418 697 448 752 Si
463 698 530 768 quis
545 697 660 759 dixerit,
674 715 735 754 nou
749 715 814 754 esse
828 697 857 753 in
872 707 1018 768 potestate
1031 694 1169 762 hominia,
1184 693 1246 748 vias
1261 709 1334 747 suas

226 782 318 838 malas
332 783 435 853 lacere,
452 783 506 841 sed
520 783 596 840 mala
610 801 711 854 opera.
724 785 764 840 ita
777 797 809 840 ut
823 783 911 850 hona,
928 785 1024 839 Deum
1038 783 1162 854 operari,
1180 798 1243 836 non
1266 797 1333 850 per-

226 868 344 925 missive
364 870 469 938 solum,
483 870 535 926 sed
550 871 638 927 etiam
654 871 773 941 proprie
792 883 820 927 et
842 889 893 941 per
912 888 952 931 se,
969 869 1047 926 adeo
1065 881 1096 926 ut
1115 868 1152 923 sit
1172 865 1331 938 proprium

226 954 290 1023 ejus
303 973 380 1027 opus
394 975 454 1014 non
469 957 567 1013 minus
581 958 709 1029 proditio
722 957 818 1030 Judae.
832 975 922 1027 quam
936 957 1052 1013 vocatio
1068 955 1166 1014 Pauli:
1184 958 1218 1009 A.
1234 953 1265 1010 S.

267 1041 341 1098 Can.
358 1059 382 1108 7.
422 1043 533 1115 Siquis
547 1044 661 1106 dixerit.
676 1062 767 1114 opera
781 1045 890 1113 omnia,
908 1062 976 1114 quae
994 1053 1063 1099 ante
1081 1039 1331 1112 justificationem

226 1131 307 1199 fiunt,
325 1147 516 1202 quacumque
535 1133 648 1188 ratione
668 1131 744 1187 lacta
763 1131 830 1190 sint.
848 1149 915 1188 rere
928 1149 993 1187 esse
1008 1139 1137 1201 peccata,
1157 1128 1203 1185 xel
1222 1127 1330 1184 odium

228 1219 284 1276 Dei
300 1218 413 1286 mereri,
430 1227 481 1274 aut
497 1233 610 1289 quanto
624 1219 831 1276 vehementius
850 1219 917 1289 quis
936 1219 1039 1274 nititur
1057 1235 1089 1274 se
1107 1217 1270 1288 disponere
1290 1215 1330 1270 nd

226 1307 360 1376 gratiam,
376 1317 459 1363 tauto
473 1324 542 1363 eum
555 1307 672 1376 gravius
687 1325 827 1376 peccare;
847 1310 883 1362 Α.
900 1307 928 1363 S.
1123 1359 1127 1365 .

266 1393 339 1450 Cart.
354 1397 377 1450 8.
420 1393 449 1449 Si
469 1395 536 1464 quis
549 1394 662 1461 dixerit,
675 1393 822 1464 gehennae
841 1407 962 1457 metum,
978 1411 1030 1465 per
1048 1410 1138 1464 quem
1157 1391 1196 1449 ad
1215 1389 1330 1446 miseri·

227 1480 359 1537 cordiam
370 1479 425 1536 Dei
441 1479 479 1536 de
492 1481 622 1551 peccatis
633 1480 766 1538 dolendo
780 1482 978 1550 confugimus,
989 1481 1034 1536 rel
1047 1498 1063 1536 a
1075 1477 1331 1550 peccandoabsti·

227 1583 342 1632 nemus,
355 1576 512 1637 peccatum
526 1583 599 1622 esse.
612 1577 664 1623 aut
679 1579 850 1639 peccatores
865 1569 980 1639 pejores
993 1567 1104 1634 lacere3
1123 1567 1156 1620 A.
1171 1567 1198 1620 S.

266 1652 339 1709 Con.
355 1670 379 1721 9.
421 1653 450 1708 Si
464 1653 531 1723 quis
544 1653 658 1723 dixerit,
679 1655 741 1709 sula
756 1654 815 1711 fide
830 1656 953 1726 impium
966 1652 1127 1723 iustificari,
1145 1653 1183 1707 ita
1198 1661 1228 1706 ut
1243 1649 1329 1704 intel·

227 1739 297 1810 ligat
311 1739 382 1795 nihil
395 1740 476 1797 aliud
490 1741 607 1810 requiri,
625 1741 706 1812 quod
720 1741 759 1798 ad
770 1741 988 1810 justificationis
1005 1741 1127 1811 gratiam
1140 1754 1328 1807 consequen-

227 1823 296 1880 dam
310 1833 496 1894 cooperetur,
508 1833 537 1880 et
552 1824 632 1880 nulla
645 1842 681 1880 ex
695 1835 777 1896 parte
791 1842 912 1881 necesse
925 1841 999 1887 esse.
1011 1841 1080 1880 eum
1094 1839 1153 1878 suae
1167 1821 1328 1878 voluntatis

228 1921 311 1965 motu
326 1909 481 1981 praeparari
494 1919 585 1980 atque
597 1909 733 1980 disponi;
754 1912 787 1965 Α.
802 1911 831 1967 S.

267 1997 341 2054 Can.
361 2015 398 2052 10.
437 1996 466 2052 si
480 1997 547 2066 quis
555 1996 671 2062 dixerit,
683 1997 828 2055 homines.
839 1997 903 2054 sine
913 1997 1021 2054 Christi
1034 1996 1155 2066 justitia,
1170 2011 1326 2066 perquam
1386 2051 1387 2068 χ

230 2084 318 2141 nobis
332 2083 448 2152 meruit,
460 2083 620 2153 justificari,
643 2095 694 2140 aut
713 2102 844 2155 peream
860 2085 953 2155 ipsam
969 2083 1127 2141 formaliter
1138 2083 1232 2153 justos
1244 2099 1324 2142 esse:
1386 2084 1387 2094 ’

229 2174 263 2228 A.
278 2173 305 2227 S.

267 2259 294 2316 C
292 2278 340 2314 nn.
361 2276 399 2314 11.
437 2257 466 2315 Si
481 2259 547 2329 quis
560 2258 674 2324 dixerit,
686 2259 823 2316 homines
835 2259 986 2328 justificari
1000 2257 1044 2314 xel
1056 2257 1117 2314 sola
1130 2257 1323 2328 imputatione

229 2345 351 2416 justitiae
365 2345 485 2412 Christi,
498 2347 542 2402 vel
563 2345 625 2402 soli
639 2357 828 2416 peccatorum
847 2347 1029 2409 remissione,
1047 2344 1164 2402 exclusti
1184 2344 1273 2414 gratia
1293 2355 1322 2399 et

229 2436 359 2500 caritate,
372 2448 440 2501 quae
453 2431 483 2486 in
496 2430 637 2487 cordibus
650 2449 752 2487 eorum
768 2449 819 2502 per
830 2432 971 2501 Spiritum
982 2432 1122 2488 Sanctum
1136 2429 1321 2494 diffundatur,

229 2529 318 2589 atque
333 2517 388 2574 illis
402 2517 542 2574 inhaereat
550 2537 558 2587 ;
576 2527 627 2573 aut
641 2518 729 2574 etiam
743 2519 876 2589 gratiam,
892 2521 951 2589 quai
963 2517 1165 2588 justificamur,
1182 2533 1244 2573 esse
1261 2527 1322 2572 tan-

229 2615 292 2663 tum
307 2606 436 2661 savorem
452 2604 525 2674 Dei;
545 2605 581 2659 A.
595 2603 623 2660 S.

269 2692 342 2749 Criu.
369 2708 406 2745 12.
445 2690 474 2747 Si
498 2690 565 2760 quis
584 2689 698 2755 dixerit,
723 2691 813 2748 tidem
836 2691 1046 2760 justificantem
1070 2690 1143 2747 nihil
1162 2689 1322 2747 aliudesse

230 2798 320 2852 quam
339 2777 479 2835 fiduciam
501 2778 609 2835 diritate
632 2778 849 2842 misericordia,
866 2791 987 2850 peccata
1010 2778 1185 2836 remittentis
1207 2789 1322 2849 propter

230 2867 391 2932 Christum,
408 2865 452 2921 vel
466 2882 531 2922 eam
546 2865 686 2921 fiduciam
700 2866 792 2922 solam
807 2884 881 2933 esse,
894 2867 952 2936 qud
964 2865 1173 2935 justificarnur;
1194 2867 1227 2920 A.
1240 2864 1267 2921 S.

269 2953 341 3010 Con.
361 2971 399 3022 13.
437 2951 467 3008 Si
480 2949 547 3021 quis
560 2950 672 3017 dixerit,
686 2952 768 3008 omni
782 2952 894 3007 homini
908 2953 946 3008 ad
961 2951 1165 3008 remissionem
1185 2961 1315 3020 peccato·

230 3056 294 3096 rum
309 3037 527 3108 assequendam
541 3038 739 3094 necessarium
753 3056 825 3103 esse,
839 3049 869 3094 ut
883 3038 983 3095 credat
998 3049 1087 3106 cortu,
1100 3047 1128 3094 et
1141 3037 1251 3108 absque
1264 3037 1319 3094 ulla

231 3125 416 3182 haesitatione
430 3123 556 3195 propriae
571 3123 746 3180 infirmitatis
759 3136 788 3181 et
803 3125 1046 3196 indispositionis,
1061 3133 1181 3196 peccata
1194 3123 1246 3181 sibi
1259 3141 1320 3180 esse

230 3212 354 3270 remissa
364 3233 370 3274 ;
390 3211 427 3266 A.
443 3209 471 3266 S.

268 3298 342 3356 Cau.
362 3313 401 3364 14.
441 3296 471 3353 Si
485 3297 552 3367 quis
565 3295 679 3364 dixerit,
695 3297 849 3354 hominem
863 3315 880 3352 a
894 3297 1023 3368 peccatis
1037 3296 1151 3353 absolvi
1169 3313 1203 3352 ac
1221 3297 1320 3366 justiti-

230 3385 288 3441 cari
304 3401 389 3441 exeo
403 3382 486 3453 quod
499 3399 531 3439 se
544 3383 657 3439 absolvi
672 3401 707 3439 ac
718 3383 869 3452 justificari
884 3395 966 3440 certo
984 3383 1096 3451 credat,
1114 3393 1164 3440 aut
1178 3383 1318 3439 neminem

233 3490 301 3529 rere
320 3488 384 3528 esse
402 3470 605 3539 iustificatum,
621 3471 673 3527 nisi
688 3472 738 3542 qui
753 3473 853 3528 credat
874 3489 906 3528 se
926 3489 991 3527 esse
1009 3471 1208 3540 iustificatum,
1224 3481 1251 3526 et
1268 3470 1319 3527 hac

233 3559 295 3614 sola
310 3557 370 3614 tide
382 3555 601 3614 absolutionem
617 3567 646 3613 et
658 3556 899 3626 justificationem
916 3557 1034 3628 pertici;
1054 3558 1089 3612 A.
1104 3557 1132 3614 S.

271 3645 344 3700 Can.
360 3659 400 3713 15.
440 3643 469 3700 Si
489 3643 556 3714 quis
575 3643 689 3712 dixerit,
705 3644 857 3700 hominem
878 3655 1012 3702 renatum
1026 3653 1056 3700 et
1074 3642 1261 3713 justificatum
1280 3652 1317 3700 tc·

233 3730 293 3786 neri
307 3747 342 3785 ex
357 3727 416 3785 tide
429 3729 467 3786 ad
481 3729 667 3787 credendum
688 3747 720 3786 se
739 3741 820 3787 certo
833 3748 898 3788 esse
918 3731 946 3786 in
967 3747 1093 3787 numero
1107 3728 1319 3801 praedestinato·

231 3833 314 3884 rum;
333 3816 369 3870 Α.
386 3815 413 3870 S.

269 3903 338 3956 Can.
362 3904 401 3956 16.
439 3901 467 3957 Si
486 3903 552 3972 quis
572 3921 712 3975 magnum
733 3903 805 3961 illud
825 3922 919 3976 usque
939 3905 968 3961 in
989 3905 1079 3961 finem
1106 3905 1320 3975 perseverantiae

233 3987 347 4046 donum
361 4004 392 4044 se
404 3998 487 4045 certo
497 3988 675 4058 habiturum,
685 3991 822 4048 ahsolutd
831 4002 859 4049 et
871 3991 1015 4048 infallibili
1027 3991 1204 4048 certitudine
1214 3990 1318 4053 dixerit,

234 4075 288 4131 nisi
303 4074 360 4130 hoc
373 4089 409 4131 ex
422 4074 543 4145 speciali
557 4077 736 4134 revelatione
749 4077 887 4136 didicerit
896 4099 904 4148 ;
923 4080 958 4134 A.
976 4079 1004 4135 S.

273 4162 346 4217 Can.
362 4179 401 4232 17.
442 4161 472 4218 Si
486 4163 552 4232 quis
561 4164 780 4233 justificationis
790 4167 913 4237 gratiam
925 4185 985 4223 non
1000 4167 1054 4224 nisi
1069 4165 1321 4239 praedestinatisad

235 4247 323 4304 vitam
338 4247 510 4318 contingere
523 4248 638 4320 dixerit,
650 4251 780 4321 reliquos
793 4269 862 4310 vero
875 4270 989 4322 omnes
1002 4255 1052 4325 qui
1067 4263 1218 4316 vocantur,
1233 4253 1320 4310 vocari
