2758 4652
241 164 308 215 542
449 169 505 218 DE
525 171 1137 226 POEut'rErmAEsncRAManro.

239 281 361 290 ——---
379 285 515 292 ——.....-
524 289 561 292 —

240 344 295 402 lert
307 347 452 416 quasdam
467 348 604 408 mulieres
623 369 640 408 a
656 351 759 410 Marco
772 354 920 425 seductas,
936 366 965 412 et
978 354 1113 412 moechiae
1126 372 1196 422 reas,
1211 369 1318 411 exonio

240 431 329 503 legesi
344 435 429 500 sacia,
443 435 472 493 in
487 436 652 496 Ecclesiam
667 439 755 498 luisse
769 453 909 515 receptas.
947 443 1084 501 Tandem
1099 443 1258 514 Dionysius,
1265 441 1319 499 Co

240 519 328 577 rintlri
344 521 523 596 Episcopus,
538 526 616 596 (saec.
633 526 677 594 ΙΙ)
691 529 806 600 scripsit
820 547 933 599 omnes,
950 530 999 601 qui
1013 549 1031 586 a
1043 529 1149 601 quovis
1161 530 1247 601 lapsu,
1264 527 1321 584 sice

240 607 457 677 delidlo,etiam
472 611 609 670 haereticd
623 616 764 685 pravitate
777 615 917 686 resiliunt,
930 616 1060 687 benigne
1071 615 1323 688 excipiendosesse

240 694 403 764 (Eusebius,
415 697 454 753 H.
472 699 504 755 E.
521 698 539 756 l.
556 700 608 770 IV,
625 719 649 758 o
664 703 719 772 23).
757 702 888 760 Aliunde
900 705 959 773 jam
973 721 990 759 a
1004 713 1110 775 quarto
1119 703 1226 760 saeculo
1237 701 1323 774 praxis

240 783 407 840 communis
420 784 511 842 evasit
525 803 629 844 omnes
643 786 719 846 bene
733 788 901 860 dispositos,
918 789 1021 846 saltem
1037 789 1066 845 in
1079 789 1203 846 articulo
1221 789 1320 853 mortis,

240 867 424 927 absolvendi.
464 872 557 943 Atqui
573 873 707 931 Ecclesia
726 879 755 931 in
775 893 805 932 re
824 887 883 932 tam
904 875 982 946 gravi
1003 875 1042 934 ad
1065 893 1163 932 mores
1181 873 1324 946 speclame

241 972 336 1013 errare
348 958 452 1028 nequit
464 980 471 1024 ;
490 976 560 1030 ergo
574 959 688 1017 nullum
703 972 858 1032 peccatum
873 975 918 1020 est
932 961 1140 1020 irremissibile.

284 1091 332 1156 90.
379 1079 438 1162 (C)
456 1082 534 1147 Ru.
556 1104 681 1147 conveu.
728 1085 879 1149 Decebat
899 1107 979 1150 sane
1004 1099 1040 1152 ut
1064 1089 1130 1151 tale
1154 1085 1324 1149 remedium

241 1205 301 1268 pro
317 1186 461 1266 peccatis
472 1187 697 1250 institueretur
712 1188 801 1268 quod
818 1187 969 1250 homines
985 1209 1004 1250 a
1020 1189 1249 1270 desperatione
1264 1207 1327 1248 ma-

242 1288 348 1370 lisque
363 1311 407 1352 ex
424 1295 461 1352 eli
478 1292 691 1354 manantibus
715 1291 884 1366 liberaret;
919 1291 1011 1371 atqui
1035 1291 1061 1355 si
1084 1292 1212 1372 aliquot
1226 1298 1328 1352 essent

242 1404 379 1473 peccata
395 1395 638 1470 irremissibilia,
655 1395 750 1458 sacile
769 1397 801 1458 in
818 1395 1085 1476 desperationem
1110 1395 1293 1457 laberentur
1308 1394 1327 1452 ii

242 1517 359 1560 omnes
374 1498 430 1578 qui
444 1519 546 1561 unum
557 1519 600 1561 ex
615 1500 677 1561 illis
694 1499 838 1580 peccatis
854 1498 1107 1574 commisissent,
1118 1509 1160 1573 et,
1172 1498 1260 1559 omni
1275 1515 1331 1576 spe

243 1602 348 1663 veniae
363 1603 494 1678 amissa,
511 1604 701 1666 libidinibus
716 1603 941 1683 indulgerent;
964 1603 1053 1684 quod
1071 1601 1262 1682 eloquenter
1276 1621 1331 1662 ex·

244 1706 338 1785 ponit
363 1705 628 1787 §.Augustinus
653 1703 765 1791 (serm.
791 1720 861 1785 352,
887 1725 916 1768 n.
943 1707 1004 1786 9):
1042 1705 1107 1768 “Si
1132 1705 1333 1766 clauderetur

243 1809 353 1870 aditus
369 1810 585 1890 poenitentiae,
602 1830 712 1873 nonne
729 1809 782 1872 ille
799 1819 952 1890 peccator
968 1819 1063 1872 tanto
1079 1809 1187 1888 magis
1202 1807 1333 1868 adderet

244 1919 380 1988 peccata
403 1911 556 1989 peccatis,
580 1923 707 1991 quanto
730 1915 837 1994 magis
871 1913 933 1974 sibi
968 1912 1160 1994 desperaret
1193 1909 1335 1990 ignosci?

246 2015 379 2077 Diceret
402 2015 489 2076 enim
514 2015 602 2077 sibi:
638 2037 714 2078 ecce
738 2018 881 2099 peccavi.
897 2036 974 2078 ecce
997 2014 1103 2076 scelus
1126 2011 1255 2087 admisi,
1268 2010 1334 2092 jam

244 2117 324 2179 mihi
349 2118 453 2179 veniae
477 2116 587 2180 nullus
618 2130 669 2181 est
700 2119 801 2194 locus,
833 2119 1031 2200 poenitcntia
1054 2113 1257 2178 infructuosa
1280 2127 1336 2182 est.

243 2206 455 2283 damnandus
471 2241 560 2301 sum;
584 2243 685 2303 quare
698 2223 768 2304 jam
783 2243 847 2284 non
863 2225 937 2284 vivo
950 2231 986 2283 ut
999 2219 1090 2282 volo?
1115 2219 1204 2300 Quia
1215 2219 1258 2280 ibi
1273 2238 1335 2279 non

244 2326 579 2400 inveniorcaritatcm
600 2325 653 2388 hic
669 2327 786 2389 saltem
804 2344 937 2406 pascam
955 2322 1182 2404 cupiditatem.
1228 2320 1337 2402 Quare

244 2427 332 2489 enim
350 2447 403 2488 me
416 2427 621 2490 abstineam?
668 2427 719 2490 Ibi
732 2427 811 2489 mihi
825 2427 916 2489 locus
928 2427 1037 2488 omnis
1048 2427 1179 2488 clausus
1191 2434 1241 2487 est
1255 2448 1262 2486 :
1289 2423 1337 2484 hic

244 2529 405 2610 quidquid
423 2549 489 2592 non
507 2529 623 2606 secero,
634 2531 746 2612 perd0‚
756 2531 835 2610 quia
849 2531 926 2606 vita,
940 2549 1015 2609 quae
1036 2538 1112 2610 post
1128 2527 1215 2588 hanc
1231 2525 1337 2588 lutura
1367 2559 1368 2594 r

245 2641 304 2704 est,
320 2651 386 2693 non
411 2632 491 2693 mihi
515 2632 655 2695 dabitur.
702 2632 814 2713 Quare
830 2652 908 2712 ergo
933 2651 998 2693 non
1025 2630 1133 2692 servio
1149 2629 1338 2691 libidinibus

246 2733 336 2810 meis,
352 2743 388 2796 ut
403 2755 459 2796 eas
476 2735 632 2816 impleam
650 2746 683 2798 et
698 2746 842 2799 saturem
854 2735 889 2797 ”?

287 2882 338 2946 91.
393 2870 616 2935 Corollarium.
667 2873 744 2934 Nou
771 2882 875 2953 potest
904 2892 1006 2933 uuuru
1030 2869 1164 2931 ritortule
1179 2877 1338 2949 peccatum

246 2975 372 3036 remitti
391 2975 461 3036 siue
481 2974 555 3037 alio.
608 2975 741 3037 Etenim
769 2975 819 3056 (a)
843 2983 1014 3056 peccatum
1040 2993 1106 3034 non
1131 2971 1260 3034 tollitur
1284 2969 1337 3031 nisi
1366 3013 1367 3066 p

245 3098 302 3158 per
318 3077 515 3140 inlusionem
526 3079 643 3160 gratiae
656 3078 851 3156 habitualis;
874 3078 966 3158 atqui
980 3074 1152 3159 quodlibet
1169 3081 1337 3156 peccatum

247 3180 386 3243 mortale
402 3180 526 3245 diredte
536 3183 651 3262 gratiae
664 3181 825 3244 habituali
839 3179 1058 3243 contrariatur
1073 3196 1216 3259 eamque
1231 3173 1338 3238 exclu-

246 3285 295 3346 dit
306 3308 314 3363 ;
349 3306 429 3366 ergo
445 3306 547 3348 unum
565 3285 686 3347 lethale
703 3295 876 3366 peccatum
895 3304 961 3346 non
987 3291 1099 3363 potest
1114 3281 1186 3342 sine
1208 3279 1276 3342 alio
1299 3297 1339 3338 re-

247 3389 356 3451 mitti:
383 3390 507 3464 namsi
519 3409 620 3451 unum
639 3399 773 3451 maneat
789 3390 821 3450 in
839 3388 959 3460 anima,
971 3385 1119 3448 totaliter
1128 3383 1272 3464 gratiam
1288 3401 1339 3443 ex·

246 3490 367 3570 cludit;
401 3493 452 3574 (b)
468 3502 640 3573 peccatum
658 3513 723 3554 non
741 3501 853 3572 potest
870 3489 991 3552 remitti
1008 3489 1079 3549 sine
1091 3491 1168 3549 vera
1181 3487 1340 3566 poeniten·

248 3596 302 3670 tia,
326 3595 368 3658 ad
405 3615 505 3677 quam
538 3595 681 3676 pertinet
714 3604 888 3676 peccatum
919 3591 1077 3655 detestari
1104 3600 1269 3671 quatenus
1294 3598 1340 3648 est

249 3697 375 3761 offensa
391 3699 455 3762 Dei
465 3721 473 3776 ;
506 3699 597 3780 atqui
614 3699 732 3761 eadem
750 3697 833 3759 ratio
850 3706 900 3758 est
915 3697 957 3758 de
973 3714 1040 3756 uno
1055 3714 1093 3755 ac
1109 3693 1151 3755 de
1167 3691 1287 3754 ceteris
1302 3689 1339 3750 le·

248 3803 393 3865 thalibus
418 3805 573 3885 peccatis
589 3823 664 3883 quae
684 3803 798 3864 omnia
814 3820 889 3861 vere
907 3801 1016 3861 Deum
1042 3793 1235 3872 offendunt;
1267 3813 1341 3872 ergo

249 3925 315 3966 non
333 3915 444 3986 potest
459 3907 533 3986 quis
549 3926 625 3968 vere
640 3907 682 3968 de
698 3924 765 3966 uno
782 3913 920 3984 peccato
937 3900 1104 3983 poenitens
1120 3917 1193 3959 esse
1209 3898 1288 3977 quin
1304 3899 1340 3957 de

249 4007 403 4068 omnibus
431 4007 502 4069 aliis
530 4007 701 4088 poeniteat,
725 4007 752 4067 si
780 4007 821 4068 dc
848 4005 895 4068 eis
921 4003 996 4068 adtu
1022 4001 1155 4082 cogitet.
1208 3998 1260 4080 (S.
1291 3997 1365 4086 Tlcp

252 4125 269 4186 3
288 4130 316 4190 u·
334 4128 364 4189 q·
382 4111 474 4185 861³-
493 4113 534 4192 s)
