<?xml version="1.0" encoding="UTF-8"?>
<!DOCTYPE html PUBLIC "-//W3C//DTD XHTML 1.0 Transitional//EN"
    "http://www.w3.org/TR/xhtml1/DTD/xhtml1-transitional.dtd">
<html xmlns="http://www.w3.org/1999/xhtml" xml:lang="en" lang="en">
 <head>
  <title>
</title>
<meta http-equiv="Content-Type" content="text/html;charset=utf-8" />
  <meta name='ocr-system' content='tesseract 3.04.00' />
  <meta name='ocr-capabilities' content='ocr_page ocr_carea ocr_par ocr_line ocrx_word'/>
</head>
<body>
  <div class='ocr_page' id='page_1' title='image "./synopsistheolog01tanqgoog_0733.png"; bbox 0 0 2808 4664; ppageno 0'>
   <div class='ocr_carea' id='block_1_1' title="bbox 331 143 1153 196">
    <p class='ocr_par' dir='ltr' id='par_1_1' title="bbox 331 143 1153 196">
     <span class='ocr_line' id='line_1_1' title="bbox 331 143 1153 196; baseline 0.001 -3"><span class='ocrx_word' id='word_1_1' title='bbox 331 143 387 193; x_wconf 85' lang='lat' dir='ltr'>DE</span> <span class='ocrx_word' id='word_1_2' title='bbox 405 143 489 194; x_wconf 80' lang='grc' dir='ltr'>1)Εο</span> <span class='ocrx_word' id='word_1_3' title='bbox 506 143 882 196; x_wconf 74' lang='lat' dir='ltr'><strong>REMUNERATORE.</strong></span> <span class='ocrx_word' id='word_1_4' title='bbox 1092 145 1153 195; x_wconf 86' lang='grc'>717</span> 
     </span>
    </p>
   </div>
   <div class='ocr_carea' id='block_1_2' title="bbox 51 327 1152 1852">
    <p class='ocr_par' dir='ltr' id='par_1_2' title="bbox 53 327 1152 1126">
     <span class='ocr_line' id='line_1_2' title="bbox 54 327 1151 412; baseline 0.005 -26"><span class='ocrx_word' id='word_1_5' title='bbox 54 327 113 388; x_wconf 86' lang='lat' dir='ltr'>sed</span> <span class='ocrx_word' id='word_1_6' title='bbox 129 329 284 391; x_wconf 90' lang='lat' dir='ltr'>eumdem</span> <span class='ocrx_word' id='word_1_7' title='bbox 300 330 562 395; x_wconf 83' lang='lat' dir='ltr'>substantialiter</span> <span class='ocrx_word' id='word_1_8' title='bbox 577 351 649 394; x_wconf 88' lang='lat' dir='ltr'>esse</span> <span class='ocrx_word' id='word_1_9' title='bbox 664 329 729 393; x_wconf 87' lang='lat' dir='ltr'>lide</span> <span class='ocrx_word' id='word_1_10' title='bbox 745 331 884 412; x_wconf 91' lang='lat' dir='ltr'>dignum</span> <span class='ocrx_word' id='word_1_11' title='bbox 901 349 1081 412; x_wconf 86' lang='lat' dir='ltr'>agnoscere</span> <span class='ocrx_word' id='word_1_12' title='bbox 1097 349 1151 392; x_wconf 92' lang='lat' dir='ltr'>co-</span> 
     </span>
     <span class='ocr_line' id='line_1_3' title="bbox 53 431 1152 515; baseline 0.005 -24"><span class='ocrx_word' id='word_1_13' title='bbox 53 439 187 508; x_wconf 86' lang='lat' dir='ltr'>guntur.</span> <span class='ocrx_word' id='word_1_14' title='bbox 247 432 302 494; x_wconf 90' lang='lat' dir='ltr'>Ex</span> <span class='ocrx_word' id='word_1_15' title='bbox 332 431 394 494; x_wconf 92' lang='lat' dir='ltr'>hoc</span> <span class='ocrx_word' id='word_1_16' title='bbox 425 433 498 495; x_wconf 93' lang='lat' dir='ltr'>loco</span> <span class='ocrx_word' id='word_1_17' title='bbox 528 443 621 515; x_wconf 90' lang='lat' dir='ltr'>patet</span> <span class='ocrx_word' id='word_1_18' title='bbox 651 433 702 513; x_wconf 83' lang='lat' dir='ltr'>(a)</span> <span class='ocrx_word' id='word_1_19' title='bbox 732 443 802 498; x_wconf 92' lang='lat' dir='ltr'>tum</span> <span class='ocrx_word' id='word_1_20' title='bbox 834 433 931 514; x_wconf 85' lang='lat' dir='ltr'>Judae</span> <span class='ocrx_word' id='word_1_21' title='bbox 962 442 996 496; x_wconf 92' lang='lat' dir='ltr'>et</span> <span class='ocrx_word' id='word_1_22' title='bbox 1026 432 1152 515; x_wconf 90' lang='lat' dir='ltr'>populo</span> 
     </span>
     <span class='ocr_line' id='line_1_4' title="bbox 54 531 1151 619; baseline 0.005 -27"><span class='ocrx_word' id='word_1_23' title='bbox 54 531 219 606; x_wconf 72' lang='lat' dir='ltr'>hebraico</span> <span class='ocrx_word' id='word_1_24' title='bbox 234 544 306 597; x_wconf 94' lang='lat' dir='ltr'>tum</span> <span class='ocrx_word' id='word_1_25' title='bbox 321 533 447 599; x_wconf 68' lang='lat' dir='ltr'>austeri</span> <span class='ocrx_word' id='word_1_26' title='bbox 468 557 560 599; x_wconf 90' lang='lat' dir='ltr'>sacro</span> <span class='ocrx_word' id='word_1_27' title='bbox 580 556 773 619; x_wconf 86' lang='lat' dir='ltr'>persuasum</span> <span class='ocrx_word' id='word_1_28' title='bbox 795 535 894 599; x_wconf 82' lang='lat' dir='ltr'>fuisse</span> <span class='ocrx_word' id='word_1_29' title='bbox 915 546 1064 600; x_wconf 87' lang='lat' dir='ltr'>mortuos</span> <span class='ocrx_word' id='word_1_30' title='bbox 1079 556 1151 598; x_wconf 89' lang='lat' dir='ltr'>ora·</span> 
     </span>
     <span class='ocr_line' id='line_1_5' title="bbox 54 635 1152 722; baseline 0.004 -26"><span class='ocrx_word' id='word_1_31' title='bbox 54 635 203 699; x_wconf 90' lang='lat' dir='ltr'>tionibus</span> <span class='ocrx_word' id='word_1_32' title='bbox 216 646 250 701; x_wconf 88' lang='lat' dir='ltr'>ct</span> <span class='ocrx_word' id='word_1_33' title='bbox 262 638 428 702; x_wconf 83' lang='lat' dir='ltr'>sacrificiis</span> <span class='ocrx_word' id='word_1_34' title='bbox 437 638 544 720; x_wconf 82' lang='lat' dir='ltr'>juvari</span> <span class='ocrx_word' id='word_1_35' title='bbox 557 659 668 722; x_wconf 84' lang='lat' dir='ltr'>posse3</span> <span class='ocrx_word' id='word_1_36' title='bbox 690 637 741 720; x_wconf 87' lang='lat' dir='ltr'>(b)</span> <span class='ocrx_word' id='word_1_37' title='bbox 753 640 981 720; x_wconf 85' lang='lat' dir='ltr'>purgatorium</span> <span class='ocrx_word' id='word_1_38' title='bbox 994 639 1152 716; x_wconf 83' lang='lat' dir='ltr'>existere3</span> 
     </span>
     <span class='ocr_line' id='line_1_6' title="bbox 54 741 1150 825; baseline 0.003 -25"><span class='ocrx_word' id='word_1_39' title='bbox 54 758 134 801; x_wconf 86' lang='lat' dir='ltr'>nam</span> <span class='ocrx_word' id='word_1_40' title='bbox 160 741 204 803; x_wconf 91' lang='lat' dir='ltr'>ibi</span> <span class='ocrx_word' id='word_1_41' title='bbox 230 743 340 822; x_wconf 89' lang='lat' dir='ltr'>agitur</span> <span class='ocrx_word' id='word_1_42' title='bbox 363 743 405 805; x_wconf 92' lang='lat' dir='ltr'>de</span> <span class='ocrx_word' id='word_1_43' title='bbox 429 743 467 805; x_wconf 92' lang='lat' dir='ltr'>iis</span> <span class='ocrx_word' id='word_1_44' title='bbox 492 743 548 825; x_wconf 93' lang='lat' dir='ltr'>qui</span> <span class='ocrx_word' id='word_1_45' title='bbox 572 764 643 805; x_wconf 84' lang='lat' dir='ltr'>cum</span> <span class='ocrx_word' id='word_1_46' title='bbox 661 743 781 823; x_wconf 81' lang='lat' dir='ltr'>pietate</span> <span class='ocrx_word' id='word_1_47' title='bbox 805 743 1019 818; x_wconf 85' lang='lat' dir='ltr'>dormierunt,</span> <span class='ocrx_word' id='word_1_48' title='bbox 1040 743 1057 804; x_wconf 91' lang='lat' dir='ltr'>i.</span> <span class='ocrx_word' id='word_1_49' title='bbox 1074 761 1100 805; x_wconf 90' lang='lat' dir='ltr'>e.</span> <span class='ocrx_word' id='word_1_50' title='bbox 1117 743 1150 804; x_wconf 91' lang='lat' dir='ltr'>in</span> 
     </span>
     <span class='ocr_line' id='line_1_7' title="bbox 54 844 1152 926; baseline 0.004 -24"><span class='ocrx_word' id='word_1_51' title='bbox 54 851 145 905; x_wconf 87' lang='lat' dir='ltr'>statu</span> <span class='ocrx_word' id='word_1_52' title='bbox 161 845 286 924; x_wconf 84' lang='lat' dir='ltr'>gratiae,</span> <span class='ocrx_word' id='word_1_53' title='bbox 300 854 541 926; x_wconf 84' lang='lat' dir='ltr'>proptereaque</span> <span class='ocrx_word' id='word_1_54' title='bbox 557 865 623 908; x_wconf 91' lang='lat' dir='ltr'>non</span> <span class='ocrx_word' id='word_1_55' title='bbox 646 856 723 909; x_wconf 92' lang='lat' dir='ltr'>sunt</span> <span class='ocrx_word' id='word_1_56' title='bbox 745 845 777 906; x_wconf 92' lang='lat' dir='ltr'>in</span> <span class='ocrx_word' id='word_1_57' title='bbox 801 844 938 922; x_wconf 81' lang='lat' dir='ltr'>inferno,</span> <span class='ocrx_word' id='word_1_58' title='bbox 953 856 987 908; x_wconf 89' lang='lat' dir='ltr'>et</span> <span class='ocrx_word' id='word_1_59' title='bbox 1002 856 1114 908; x_wconf 86' lang='lat' dir='ltr'>tamen</span> <span class='ocrx_word' id='word_1_60' title='bbox 1131 865 1152 906; x_wconf 84' lang='lat' dir='ltr'>a</span> 
     </span>
     <span class='ocr_line' id='line_1_8' title="bbox 53 946 1151 1031; baseline 0.004 -25"><span class='ocrx_word' id='word_1_61' title='bbox 53 947 201 1024; x_wconf 86' lang='lat' dir='ltr'>peccatis</span> <span class='ocrx_word' id='word_1_62' title='bbox 217 947 345 1010; x_wconf 87' lang='lat' dir='ltr'>liberari</span> <span class='ocrx_word' id='word_1_63' title='bbox 362 948 495 1022; x_wconf 91' lang='lat' dir='ltr'>debent,</span> <span class='ocrx_word' id='word_1_64' title='bbox 507 947 713 1031; x_wconf 87' lang='lat' dir='ltr'>proindeque</span> <span class='ocrx_word' id='word_1_65' title='bbox 728 946 849 1010; x_wconf 88' lang='lat' dir='ltr'>coelum</span> <span class='ocrx_word' id='word_1_66' title='bbox 867 968 933 1010; x_wconf 90' lang='lat' dir='ltr'>non</span> <span class='ocrx_word' id='word_1_67' title='bbox 950 947 1058 1010; x_wconf 91' lang='lat' dir='ltr'>adhuc</span> <span class='ocrx_word' id='word_1_68' title='bbox 1073 957 1151 1010; x_wconf 90' lang='lat' dir='ltr'>sunt</span> 
     </span>
     <span class='ocr_line' id='line_1_9' title="bbox 53 1047 203 1126; baseline 0.033 -22"><span class='ocrx_word' id='word_1_69' title='bbox 53 1047 203 1126; x_wconf 76' lang='lat' dir='ltr'>ingressi.</span> 
     </span>
    </p>

    <p class='ocr_par' dir='ltr' id='par_1_3' title="bbox 51 1149 1151 1852">
     <span class='ocr_line' id='line_1_10' title="bbox 95 1149 1150 1232; baseline 0.001 -21"><span class='ocrx_word' id='word_1_70' title='bbox 95 1165 148 1229; x_wconf 85' lang='lat'>39.</span> <span class='ocrx_word' id='word_1_71' title='bbox 194 1149 255 1232; x_wconf 90' lang='lat' dir='ltr'>(B)</span> <span class='ocrx_word' id='word_1_72' title='bbox 273 1151 310 1212; x_wconf 96' lang='lat' dir='ltr'>ln</span> <span class='ocrx_word' id='word_1_73' title='bbox 328 1149 421 1214; x_wconf 85' lang='lat' dir='ltr'>Novo</span> <span class='ocrx_word' id='word_1_74' title='bbox 441 1150 521 1212; x_wconf 80' lang='lat' dir='ltr'>Tost.</span> <span class='ocrx_word' id='word_1_75' title='bbox 538 1150 633 1231; x_wconf 91' lang='lat' dir='ltr'>pauci</span> <span class='ocrx_word' id='word_1_76' title='bbox 655 1161 733 1213; x_wconf 91' lang='lat' dir='ltr'>sunt</span> <span class='ocrx_word' id='word_1_77' title='bbox 754 1161 868 1214; x_wconf 89' lang='lat' dir='ltr'>textus</span> <span class='ocrx_word' id='word_1_78' title='bbox 883 1173 927 1214; x_wconf 93' lang='lat' dir='ltr'>ex</span> <span class='ocrx_word' id='word_1_79' title='bbox 943 1152 1063 1232; x_wconf 90' lang='lat' dir='ltr'>quibus</span> <span class='ocrx_word' id='word_1_80' title='bbox 1079 1151 1150 1214; x_wconf 89' lang='lat' dir='ltr'>the-</span> 
     </span>
     <span class='ocr_line' id='line_1_11' title="bbox 51 1251 1151 1334; baseline 0.002 -22"><span class='ocrx_word' id='word_1_81' title='bbox 51 1251 98 1312; x_wconf 89' lang='lat' dir='ltr'>sis</span> <span class='ocrx_word' id='word_1_82' title='bbox 115 1261 229 1314; x_wconf 90' lang='lat' dir='ltr'>nostra</span> <span class='ocrx_word' id='word_1_83' title='bbox 241 1273 261 1314; x_wconf 89' lang='lat' dir='ltr'>a</span> <span class='ocrx_word' id='word_1_84' title='bbox 274 1253 427 1315; x_wconf 89' lang='lat' dir='ltr'>Patribus</span> <span class='ocrx_word' id='word_1_85' title='bbox 443 1253 634 1330; x_wconf 89' lang='lat' dir='ltr'>deducitur;</span> <span class='ocrx_word' id='word_1_86' title='bbox 658 1252 749 1334; x_wconf 87' lang='lat' dir='ltr'>“Qui</span> <span class='ocrx_word' id='word_1_87' title='bbox 765 1261 877 1314; x_wconf 90' lang='lat' dir='ltr'>autem</span> <span class='ocrx_word' id='word_1_88' title='bbox 894 1251 1019 1314; x_wconf 90' lang='lat' dir='ltr'>dixerit</span> <span class='ocrx_word' id='word_1_89' title='bbox 1034 1259 1151 1314; x_wconf 88' lang='lat' dir='ltr'>contra</span> 
     </span>
     <span class='ocr_line' id='line_1_12' title="bbox 53 1353 1149 1438; baseline -0.002 -20"><span class='ocrx_word' id='word_1_90' title='bbox 53 1355 217 1435; x_wconf 87' lang='lat' dir='ltr'>Spiritum</span> <span class='ocrx_word' id='word_1_91' title='bbox 231 1357 263 1420; x_wconf 86' lang='lat' dir='ltr'>S.</span> <span class='ocrx_word' id='word_1_92' title='bbox 277 1376 343 1418; x_wconf 92' lang='lat' dir='ltr'>non</span> <span class='ocrx_word' id='word_1_93' title='bbox 356 1357 542 1420; x_wconf 89' lang='lat' dir='ltr'>remittetur</span> <span class='ocrx_word' id='word_1_94' title='bbox 554 1357 592 1432; x_wconf 94' lang='lat' dir='ltr'>ei,</span> <span class='ocrx_word' id='word_1_95' title='bbox 605 1376 711 1438; x_wconf 88' lang='lat' dir='ltr'>neque</span> <span class='ocrx_word' id='word_1_96' title='bbox 727 1357 760 1418; x_wconf 90' lang='lat' dir='ltr'>in</span> <span class='ocrx_word' id='word_1_97' title='bbox 777 1354 840 1416; x_wconf 92' lang='lat' dir='ltr'>hoc</span> <span class='ocrx_word' id='word_1_98' title='bbox 851 1353 981 1430; x_wconf 81' lang='lat' dir='ltr'>saeculo,</span> <span class='ocrx_word' id='word_1_99' title='bbox 993 1372 1101 1434; x_wconf 88' lang='lat' dir='ltr'>neque</span> <span class='ocrx_word' id='word_1_100' title='bbox 1116 1355 1149 1416; x_wconf 91' lang='lat' dir='ltr'>in</span> 
     </span>
     <span class='ocr_line' id='line_1_13' title="bbox 51 1456 1151 1541; baseline 0.001 -22"><span class='ocrx_word' id='word_1_101' title='bbox 51 1457 236 1537; x_wconf 83' lang='lat' dir='ltr'>futuro’&#39;¹;</span> <span class='ocrx_word' id='word_1_102' title='bbox 263 1461 575 1541; x_wconf 86' lang='lat' dir='ltr'>quomodocumque</span> <span class='ocrx_word' id='word_1_103' title='bbox 591 1460 679 1523; x_wconf 91' lang='lat' dir='ltr'>enim</span> <span class='ocrx_word' id='word_1_104' title='bbox 702 1459 773 1521; x_wconf 83' lang='lat' dir='ltr'>haec</span> <span class='ocrx_word' id='word_1_105' title='bbox 789 1457 890 1520; x_wconf 86' lang='lat' dir='ltr'>verba</span> <span class='ocrx_word' id='word_1_106' title='bbox 912 1456 1151 1539; x_wconf 84' lang='lat' dir='ltr'>intelligantur,</span> 
     </span>
     <span class='ocr_line' id='line_1_14' title="bbox 52 1560 1150 1645; baseline -0.001 -22"><span class='ocrx_word' id='word_1_107' title='bbox 52 1561 98 1623; x_wconf 93' lang='lat' dir='ltr'>ibi</span> <span class='ocrx_word' id='word_1_108' title='bbox 115 1565 314 1644; x_wconf 90' lang='lat' dir='ltr'>supponitur</span> <span class='ocrx_word' id='word_1_109' title='bbox 325 1565 478 1645; x_wconf 83' lang='lat' dir='ltr'>quaedam</span> <span class='ocrx_word' id='word_1_110' title='bbox 495 1572 632 1645; x_wconf 86' lang='lat' dir='ltr'>peccata</span> <span class='ocrx_word' id='word_1_111' title='bbox 648 1562 770 1626; x_wconf 89' lang='lat' dir='ltr'>remitti</span> <span class='ocrx_word' id='word_1_112' title='bbox 787 1580 885 1644; x_wconf 89' lang='lat' dir='ltr'>posse</span> <span class='ocrx_word' id='word_1_113' title='bbox 900 1560 932 1622; x_wconf 93' lang='lat' dir='ltr'>in</span> <span class='ocrx_word' id='word_1_114' title='bbox 945 1561 1013 1622; x_wconf 63' lang='lat' dir='ltr'>vita</span> <span class='ocrx_word' id='word_1_115' title='bbox 1029 1560 1150 1638; x_wconf 61' lang='lat' dir='ltr'>suturtu</span> 
     </span>
     <span class='ocr_line' id='line_1_15' title="bbox 52 1660 1150 1746; baseline 0.005 -26"><span class='ocrx_word' id='word_1_116' title='bbox 52 1660 189 1725; x_wconf 89' lang='lat' dir='ltr'>aliunde</span> <span class='ocrx_word' id='word_1_117' title='bbox 200 1673 326 1726; x_wconf 90' lang='lat' dir='ltr'>certum</span> <span class='ocrx_word' id='word_1_118' title='bbox 339 1675 389 1728; x_wconf 90' lang='lat' dir='ltr'>est</span> <span class='ocrx_word' id='word_1_119' title='bbox 406 1676 481 1746; x_wconf 87' lang='lat' dir='ltr'>post</span> <span class='ocrx_word' id='word_1_120' title='bbox 497 1676 637 1729; x_wconf 89' lang='lat' dir='ltr'>mortem</span> <span class='ocrx_word' id='word_1_121' title='bbox 651 1686 716 1728; x_wconf 93' lang='lat' dir='ltr'>non</span> <span class='ocrx_word' id='word_1_122' title='bbox 733 1663 857 1727; x_wconf 89' lang='lat' dir='ltr'>remitti</span> <span class='ocrx_word' id='word_1_123' title='bbox 874 1663 1047 1740; x_wconf 89' lang='lat' dir='ltr'>mortalia;</span> <span class='ocrx_word' id='word_1_124' title='bbox 1071 1683 1150 1744; x_wconf 88' lang='lat' dir='ltr'>ergo</span> 
     </span>
     <span class='ocr_line' id='line_1_16' title="bbox 51 1766 1149 1852; baseline 0.005 -27"><span class='ocrx_word' id='word_1_125' title='bbox 51 1766 165 1845; x_wconf 86' lang='lat' dir='ltr'>agitur</span> <span class='ocrx_word' id='word_1_126' title='bbox 179 1766 222 1827; x_wconf 88' lang='lat' dir='ltr'>de</span> <span class='ocrx_word' id='word_1_127' title='bbox 243 1768 436 1846; x_wconf 85' lang='lat' dir='ltr'>venialibus,</span> <span class='ocrx_word' id='word_1_128' title='bbox 451 1769 502 1831; x_wconf 90' lang='lat' dir='ltr'>vel</span> <span class='ocrx_word' id='word_1_129' title='bbox 525 1771 568 1832; x_wconf 93' lang='lat' dir='ltr'>de</span> <span class='ocrx_word' id='word_1_130' title='bbox 590 1774 689 1852; x_wconf 70' lang='lat' dir='ltr'>poent</span> <span class='ocrx_word' id='word_1_131' title='bbox 714 1768 844 1831; x_wconf 88' lang='lat' dir='ltr'>mortali</span> <span class='ocrx_word' id='word_1_132' title='bbox 869 1777 1006 1849; x_wconf 88' lang='lat' dir='ltr'>peccato</span> <span class='ocrx_word' id='word_1_133' title='bbox 1028 1768 1149 1831; x_wconf 71' lang='lat' dir='ltr'>debito.</span> 
     </span>
    </p>
   </div>
   <div class='ocr_carea' id='block_1_3' title="bbox 51 1867 1149 2052">
    <p class='ocr_par' dir='ltr' id='par_1_4' title="bbox 51 1867 1149 2052">
     <span class='ocr_line' id='line_1_17' title="bbox 53 1867 1149 1945; baseline 0.001 -15"><span class='ocrx_word' id='word_1_134' title='bbox 53 1867 211 1931; x_wconf 88' lang='lat' dir='ltr'>Citantur</span> <span class='ocrx_word' id='word_1_135' title='bbox 232 1871 333 1934; x_wconf 85' lang='lat' dir='ltr'>etiam</span> <span class='ocrx_word' id='word_1_136' title='bbox 357 1872 457 1935; x_wconf 89' lang='lat' dir='ltr'>verba</span> <span class='ocrx_word' id='word_1_137' title='bbox 475 1873 509 1936; x_wconf 85' lang='lat' dir='ltr'>S.</span> <span class='ocrx_word' id='word_1_138' title='bbox 527 1873 631 1936; x_wconf 79' lang='lat' dir='ltr'>Pauli</span> <span class='ocrx_word' id='word_1_139' title='bbox 639 1885 677 1945; x_wconf 80' lang='lat'>²,·</span> <span class='ocrx_word' id='word_1_140' title='bbox 704 1872 762 1933; x_wconf 91' lang='lat' dir='ltr'>sed</span> <span class='ocrx_word' id='word_1_141' title='bbox 785 1868 932 1932; x_wconf 87' lang='lat' dir='ltr'>difficilia</span> <span class='ocrx_word' id='word_1_142' title='bbox 954 1877 1032 1931; x_wconf 93' lang='lat' dir='ltr'>sunt</span> <span class='ocrx_word' id='word_1_143' title='bbox 1055 1870 1149 1932; x_wconf 90' lang='lat' dir='ltr'>intel-</span> 
     </span>
     <span class='ocr_line' id='line_1_18' title="bbox 51 1963 1149 2052; baseline 0.005 -26"><span class='ocrx_word' id='word_1_144' title='bbox 51 1963 159 2042; x_wconf 64' lang='lat' dir='ltr'>lectu;</span> <span class='ocrx_word' id='word_1_145' title='bbox 186 1967 327 2032; x_wconf 85' lang='lat' dir='ltr'>sufficiat</span> <span class='ocrx_word' id='word_1_146' title='bbox 343 1970 442 2051; x_wconf 88' lang='lat' dir='ltr'>igitur</span> <span class='ocrx_word' id='word_1_147' title='bbox 458 1971 493 2034; x_wconf 85' lang='lat' dir='ltr'>S.</span> <span class='ocrx_word' id='word_1_148' title='bbox 510 1971 680 2034; x_wconf 78' lang='lat' dir='ltr'>Ambrosii</span> <span class='ocrx_word' id='word_1_149' title='bbox 693 1969 966 2052; x_wconf 84' lang='lat' dir='ltr'>explanationem</span> <span class='ocrx_word' id='word_1_150' title='bbox 988 1967 1149 2032; x_wconf 87' lang='lat' dir='ltr'>reserre3:</span> 
     </span>
    </p>
   </div>
   <div class='ocr_carea' id='block_1_4' title="bbox 40 2069 1150 4007">
    <p class='ocr_par' dir='ltr' id='par_1_5' title="bbox 48 2069 1150 2462">
     <span class='ocr_line' id='line_1_19' title="bbox 50 2069 1149 2154; baseline 0.002 -21"><span class='ocrx_word' id='word_1_151' title='bbox 50 2069 167 2133; x_wconf 90' lang='lat' dir='ltr'>“Cum</span> <span class='ocrx_word' id='word_1_152' title='bbox 185 2071 306 2134; x_wconf 88' lang='lat' dir='ltr'>Paulus</span> <span class='ocrx_word' id='word_1_153' title='bbox 321 2072 427 2136; x_wconf 89' lang='lat' dir='ltr'>dicit:</span> <span class='ocrx_word' id='word_1_154' title='bbox 454 2076 527 2136; x_wconf 88' lang='lat' dir='ltr'>“sic</span> <span class='ocrx_word' id='word_1_155' title='bbox 548 2084 660 2137; x_wconf 89' lang='lat' dir='ltr'>tamen</span> <span class='ocrx_word' id='word_1_156' title='bbox 682 2073 777 2154; x_wconf 89' lang='lat' dir='ltr'>quasi</span> <span class='ocrx_word' id='word_1_157' title='bbox 799 2091 857 2154; x_wconf 92' lang='lat' dir='ltr'>per</span> <span class='ocrx_word' id='word_1_158' title='bbox 877 2071 988 2151; x_wconf 86' lang='lat' dir='ltr'>ignem</span> <span class='ocrx_word' id='word_1_159' title='bbox 999 2071 1023 2143; x_wconf 84' lang='lat'>&#39;’,</span> <span class='ocrx_word' id='word_1_160' title='bbox 1038 2081 1149 2135; x_wconf 88' lang='lat' dir='ltr'>osten-</span> 
     </span>
     <span class='ocr_line' id='line_1_20' title="bbox 49 2173 1150 2255; baseline 0.002 -21"><span class='ocrx_word' id='word_1_161' title='bbox 49 2173 101 2234; x_wconf 90' lang='lat' dir='ltr'>dit</span> <span class='ocrx_word' id='word_1_162' title='bbox 118 2174 264 2253; x_wconf 90' lang='lat' dir='ltr'>quidem,</span> <span class='ocrx_word' id='word_1_163' title='bbox 281 2174 373 2238; x_wconf 93' lang='lat' dir='ltr'>illum</span> <span class='ocrx_word' id='word_1_164' title='bbox 390 2176 517 2240; x_wconf 90' lang='lat' dir='ltr'>salvum</span> <span class='ocrx_word' id='word_1_165' title='bbox 534 2177 690 2249; x_wconf 86' lang='lat' dir='ltr'>futurum,</span> <span class='ocrx_word' id='word_1_166' title='bbox 706 2174 764 2236; x_wconf 92' lang='lat' dir='ltr'>sed</span> <span class='ocrx_word' id='word_1_167' title='bbox 781 2193 916 2255; x_wconf 88' lang='lat' dir='ltr'>poenam</span> <span class='ocrx_word' id='word_1_168' title='bbox 934 2173 1019 2254; x_wconf 89' lang='lat' dir='ltr'>ignis</span> <span class='ocrx_word' id='word_1_169' title='bbox 1036 2193 1150 2254; x_wconf 90' lang='lat' dir='ltr'>passu-</span> 
     </span>
     <span class='ocr_line' id='line_1_21' title="bbox 49 2275 1149 2363; baseline 0 -25"><span class='ocrx_word' id='word_1_170' title='bbox 49 2297 136 2352; x_wconf 87' lang='lat' dir='ltr'>rum,</span> <span class='ocrx_word' id='word_1_171' title='bbox 152 2288 189 2340; x_wconf 89' lang='lat' dir='ltr'>ut</span> <span class='ocrx_word' id='word_1_172' title='bbox 205 2299 262 2360; x_wconf 88' lang='lat' dir='ltr'>per</span> <span class='ocrx_word' id='word_1_173' title='bbox 279 2279 389 2361; x_wconf 83' lang='lat' dir='ltr'>ignem</span> <span class='ocrx_word' id='word_1_174' title='bbox 407 2289 567 2363; x_wconf 87' lang='lat' dir='ltr'>purgatus</span> <span class='ocrx_word' id='word_1_175' title='bbox 583 2278 641 2342; x_wconf 89' lang='lat' dir='ltr'>fiat</span> <span class='ocrx_word' id='word_1_176' title='bbox 656 2277 776 2353; x_wconf 88' lang='lat' dir='ltr'>salvus,</span> <span class='ocrx_word' id='word_1_177' title='bbox 792 2286 826 2339; x_wconf 91' lang='lat' dir='ltr'>et</span> <span class='ocrx_word' id='word_1_178' title='bbox 850 2295 915 2338; x_wconf 91' lang='lat' dir='ltr'>non</span> <span class='ocrx_word' id='word_1_179' title='bbox 932 2276 1017 2339; x_wconf 90' lang='lat' dir='ltr'>sicut</span> <span class='ocrx_word' id='word_1_180' title='bbox 1032 2275 1149 2357; x_wconf 85' lang='lat' dir='ltr'>perfidi</span> 
     </span>
     <span class='ocr_line' id='line_1_22' title="bbox 48 2377 779 2462; baseline 0.003 -25"><span class='ocrx_word' id='word_1_181' title='bbox 48 2389 179 2440; x_wconf 81' lang='lat' dir='ltr'>aetemo</span> <span class='ocrx_word' id='word_1_182' title='bbox 194 2377 271 2458; x_wconf 88' lang='lat' dir='ltr'>igne</span> <span class='ocrx_word' id='word_1_183' title='bbox 287 2380 319 2441; x_wconf 94' lang='lat' dir='ltr'>in</span> <span class='ocrx_word' id='word_1_184' title='bbox 336 2391 533 2462; x_wconf 86' lang='lat' dir='ltr'>perpetuum</span> <span class='ocrx_word' id='word_1_185' title='bbox 551 2387 743 2461; x_wconf 87' lang='lat' dir='ltr'>torqueatur</span> <span class='ocrx_word' id='word_1_186' title='bbox 754 2378 779 2440; x_wconf 88' lang='lat'>&#39;&#39;.</span> 
     </span>
    </p>

    <p class='ocr_par' dir='ltr' id='par_1_6' title="bbox 40 2477 1150 4007">
     <span class='ocr_line' id='line_1_23' title="bbox 91 2477 1149 2560; baseline 0.002 -18"><span class='ocrx_word' id='word_1_187' title='bbox 91 2493 144 2557; x_wconf 87' lang='grc' dir='ltr'>4ο.</span> <span class='ocrx_word' id='word_1_188' title='bbox 193 2489 228 2538; x_wconf 89' lang='lat'>2⁰</span> <span class='ocrx_word' id='word_1_189' title='bbox 249 2477 372 2540; x_wconf 82' lang='lat' dir='ltr'>Tradit.</span> <span class='ocrx_word' id='word_1_190' title='bbox 400 2477 459 2559; x_wconf 82' lang='lat' dir='ltr'>(A)</span> <span class='ocrx_word' id='word_1_191' title='bbox 475 2498 519 2541; x_wconf 87' lang='lat' dir='ltr'>ex</span> <span class='ocrx_word' id='word_1_192' title='bbox 535 2479 701 2542; x_wconf 82' lang='lat' dir='ltr'>Patribus.</span> <span class='ocrx_word' id='word_1_193' title='bbox 747 2480 796 2560; x_wconf 87' lang='lat' dir='ltr'>(a)</span> <span class='ocrx_word' id='word_1_194' title='bbox 814 2479 947 2543; x_wconf 87' lang='lat' dir='ltr'>Diserte</span> <span class='ocrx_word' id='word_1_195' title='bbox 962 2481 1149 2544; x_wconf 87' lang='lat' dir='ltr'>orationem</span> 
     </span>
     <span class='ocr_line' id='line_1_24' title="bbox 46 2580 1149 2665; baseline 0.006 -26"><span class='ocrx_word' id='word_1_196' title='bbox 46 2580 290 2642; x_wconf 89' lang='lat' dir='ltr'>commendant</span> <span class='ocrx_word' id='word_1_197' title='bbox 313 2601 372 2661; x_wconf 89' lang='lat' dir='ltr'>pro</span> <span class='ocrx_word' id='word_1_198' title='bbox 396 2581 542 2655; x_wconf 88' lang='lat' dir='ltr'>mortuis,</span> <span class='ocrx_word' id='word_1_199' title='bbox 558 2591 591 2644; x_wconf 91' lang='lat' dir='ltr'>et</span> <span class='ocrx_word' id='word_1_200' title='bbox 606 2583 777 2646; x_wconf 87' lang='lat' dir='ltr'>declarant</span> <span class='ocrx_word' id='word_1_201' title='bbox 793 2583 875 2646; x_wconf 87' lang='lat' dir='ltr'>tales</span> <span class='ocrx_word' id='word_1_202' title='bbox 891 2584 1058 2648; x_wconf 84' lang='lat' dir='ltr'>orationes</span> <span class='ocrx_word' id='word_1_203' title='bbox 1074 2603 1149 2665; x_wconf 84' lang='lat' dir='ltr'>pro·</span> 
     </span>
     <span class='ocr_line' id='line_1_25' title="bbox 45 2683 1150 2767; baseline 0.006 -24"><span class='ocrx_word' id='word_1_204' title='bbox 45 2683 148 2743; x_wconf 90' lang='lat' dir='ltr'>desse</span> <span class='ocrx_word' id='word_1_205' title='bbox 165 2701 230 2744; x_wconf 91' lang='lat' dir='ltr'>non</span> <span class='ocrx_word' id='word_1_206' title='bbox 246 2683 421 2761; x_wconf 82' lang='lat' dir='ltr'>damnatis,</span> <span class='ocrx_word' id='word_1_207' title='bbox 437 2684 494 2745; x_wconf 91' lang='lat' dir='ltr'>sed</span> <span class='ocrx_word' id='word_1_208' title='bbox 517 2684 556 2746; x_wconf 91' lang='lat' dir='ltr'>iis</span> <span class='ocrx_word' id='word_1_209' title='bbox 571 2686 626 2765; x_wconf 92' lang='lat' dir='ltr'>qui</span> <span class='ocrx_word' id='word_1_210' title='bbox 644 2687 697 2767; x_wconf 91' lang='lat' dir='ltr'>pie</span> <span class='ocrx_word' id='word_1_211' title='bbox 719 2686 751 2747; x_wconf 91' lang='lat' dir='ltr'>in</span> <span class='ocrx_word' id='word_1_212' title='bbox 770 2687 917 2748; x_wconf 92' lang='lat' dir='ltr'>Domino</span> <span class='ocrx_word' id='word_1_213' title='bbox 935 2687 1054 2749; x_wconf 90' lang='lat' dir='ltr'>mortui</span> <span class='ocrx_word' id='word_1_214' title='bbox 1071 2696 1150 2750; x_wconf 92' lang='lat' dir='ltr'>sunt</span> 
     </span>
     <span class='ocr_line' id='line_1_26' title="bbox 45 2784 1149 2871; baseline 0.005 -25"><span class='ocrx_word' id='word_1_215' title='bbox 45 2795 81 2846; x_wconf 89' lang='lat' dir='ltr'>et</span> <span class='ocrx_word' id='word_1_216' title='bbox 95 2784 222 2865; x_wconf 85' lang='lat' dir='ltr'>aliquid</span> <span class='ocrx_word' id='word_1_217' title='bbox 237 2787 394 2851; x_wconf 89' lang='lat' dir='ltr'>luendum</span> <span class='ocrx_word' id='word_1_218' title='bbox 407 2790 541 2854; x_wconf 85' lang='lat' dir='ltr'>habent.</span> <span class='ocrx_word' id='word_1_219' title='bbox 588 2789 671 2851; x_wconf 83' lang='lat' dir='ltr'>Haec</span> <span class='ocrx_word' id='word_1_220' title='bbox 684 2788 797 2871; x_wconf 85' lang='lat' dir='ltr'>praxis</span> <span class='ocrx_word' id='word_1_221' title='bbox 811 2808 870 2870; x_wconf 87' lang='lat' dir='ltr'>pro</span> <span class='ocrx_word' id='word_1_222' title='bbox 883 2789 1021 2850; x_wconf 84' lang='lat' dir='ltr'>mortuis</span> <span class='ocrx_word' id='word_1_223' title='bbox 1031 2789 1149 2851; x_wconf 88' lang='lat' dir='ltr'>orandi</span> 
     </span>
     <span class='ocr_line' id='line_1_27' title="bbox 44 2888 1150 2972; baseline 0.005 -24"><span class='ocrx_word' id='word_1_224' title='bbox 44 2899 100 2949; x_wconf 90' lang='lat' dir='ltr'>est</span> <span class='ocrx_word' id='word_1_225' title='bbox 113 2888 344 2968; x_wconf 83' lang='lat' dir='ltr'>antiquissima</span> <span class='ocrx_word' id='word_1_226' title='bbox 353 2915 368 2965; x_wconf 88' lang='lat'>,·</span> <span class='ocrx_word' id='word_1_227' title='bbox 391 2893 439 2958; x_wconf 88' lang='lat' dir='ltr'>ait</span> <span class='ocrx_word' id='word_1_228' title='bbox 454 2894 541 2956; x_wconf 88' lang='lat' dir='ltr'>enim</span> <span class='ocrx_word' id='word_1_229' title='bbox 560 2892 829 2954; x_wconf 67' lang='lat' dir='ltr'>Tertullianum:</span> <span class='ocrx_word' id='word_1_230' title='bbox 851 2890 1076 2954; x_wconf 89' lang='lat' dir='ltr'>“Oblationes</span> <span class='ocrx_word' id='word_1_231' title='bbox 1089 2911 1150 2972; x_wconf 89' lang='lat' dir='ltr'>pro</span> 
     </span>
     <span class='ocr_line' id='line_1_28' title="bbox 44 2987 1149 3075; baseline 0.004 -23"><span class='ocrx_word' id='word_1_232' title='bbox 44 2987 216 3054; x_wconf 69' lang='lat' dir='ltr'>defunctis</span> <span class='ocrx_word' id='word_1_233' title='bbox 239 2998 350 3055; x_wconf 80' lang='lat' dir='ltr'>annua</span> <span class='ocrx_word' id='word_1_234' title='bbox 365 2994 420 3057; x_wconf 93' lang='lat' dir='ltr'>die</span> <span class='ocrx_word' id='word_1_235' title='bbox 435 2995 582 3058; x_wconf 84' lang='lat' dir='ltr'>facimus.</span> <span class='ocrx_word' id='word_1_236' title='bbox 630 2995 759 3057; x_wconf 87' lang='lat' dir='ltr'>Harum</span> <span class='ocrx_word' id='word_1_237' title='bbox 784 3003 817 3056; x_wconf 90' lang='lat' dir='ltr'>et</span> <span class='ocrx_word' id='word_1_238' title='bbox 842 2994 979 3057; x_wconf 88' lang='lat' dir='ltr'>aliarum</span> <span class='ocrx_word' id='word_1_239' title='bbox 1003 2994 1149 3075; x_wconf 87' lang='lat' dir='ltr'>discipli-</span> 
     </span>
     <span class='ocr_line' id='line_1_29' title="bbox 44 3096 1149 3180; baseline 0.003 -23"><span class='ocrx_word' id='word_1_240' title='bbox 44 3114 168 3157; x_wconf 89' lang='lat' dir='ltr'>narum</span> <span class='ocrx_word' id='word_1_241' title='bbox 195 3097 221 3156; x_wconf 91' lang='lat' dir='ltr'>si</span> <span class='ocrx_word' id='word_1_242' title='bbox 246 3097 353 3178; x_wconf 87' lang='lat' dir='ltr'>legem</span> <span class='ocrx_word' id='word_1_243' title='bbox 379 3099 582 3180; x_wconf 87' lang='lat' dir='ltr'>expostules,</span> <span class='ocrx_word' id='word_1_244' title='bbox 600 3099 804 3179; x_wconf 81' lang='lat' dir='ltr'>Scriptorum</span> <span class='ocrx_word' id='word_1_245' title='bbox 831 3097 955 3160; x_wconf 85' lang='lat' dir='ltr'>nullam</span> <span class='ocrx_word' id='word_1_246' title='bbox 982 3096 1149 3176; x_wconf 89' lang='lat' dir='ltr'>invenies;</span> 
     </span>
     <span class='ocr_line' id='line_1_30' title="bbox 44 3197 1150 3281; baseline 0.005 -23"><span class='ocrx_word' id='word_1_247' title='bbox 44 3197 188 3259; x_wconf 74' lang='lat' dir='ltr'>traditio</span> <span class='ocrx_word' id='word_1_248' title='bbox 207 3197 267 3260; x_wconf 92' lang='lat' dir='ltr'>tibi</span> <span class='ocrx_word' id='word_1_249' title='bbox 282 3201 500 3281; x_wconf 66' lang='lat' dir='ltr'>propendetur</span> <span class='ocrx_word' id='word_1_250' title='bbox 512 3201 648 3276; x_wconf 57' lang='lat' dir='ltr'>notarios,</span> <span class='ocrx_word' id='word_1_251' title='bbox 663 3199 853 3264; x_wconf 80' lang='lat' dir='ltr'>consuetudo</span> <span class='ocrx_word' id='word_1_252' title='bbox 867 3199 1100 3280; x_wconf 78' lang='lat' dir='ltr'>confirmatrix,</span> <span class='ocrx_word' id='word_1_253' title='bbox 1116 3210 1150 3264; x_wconf 91' lang='lat' dir='ltr'>et</span> 
     </span>
     <span class='ocr_line' id='line_1_31' title="bbox 43 3299 1150 3367; baseline 0.006 -7"><span class='ocrx_word' id='word_1_254' title='bbox 43 3299 128 3361; x_wconf 75' lang='lat' dir='ltr'>fides</span> <span class='ocrx_word' id='word_1_255' title='bbox 154 3305 373 3364; x_wconf 80' lang='lat' dir='ltr'>conservatrix</span> <span class='ocrx_word' id='word_1_256' title='bbox 384 3303 407 3366; x_wconf 86' lang='lat'>&#39;’.</span> <span class='ocrx_word' id='word_1_257' title='bbox 466 3305 629 3367; x_wconf 88' lang='lat' dir='ltr'>Eamdem</span> <span class='ocrx_word' id='word_1_258' title='bbox 662 3304 762 3366; x_wconf 82' lang='lat' dir='ltr'>fuisse</span> <span class='ocrx_word' id='word_1_259' title='bbox 794 3302 1009 3366; x_wconf 80' lang='lat' dir='ltr'>universalem</span> <span class='ocrx_word' id='word_1_260' title='bbox 1036 3304 1150 3367; x_wconf 90' lang='lat' dir='ltr'>scribit</span> 
     </span>
     <span class='ocr_line' id='line_1_32' title="bbox 44 3403 1150 3485; baseline 0.004 -19"><span class='ocrx_word' id='word_1_261' title='bbox 44 3405 84 3467; x_wconf 79' lang='lat' dir='ltr'>S.</span> <span class='ocrx_word' id='word_1_262' title='bbox 102 3403 133 3464; x_wconf 84' lang='lat' dir='ltr'><em>A</em></span> <span class='ocrx_word' id='word_1_263' title='bbox 140 3406 336 3485; x_wconf 79' lang='lat' dir='ltr'>ugosttnnss</span> <span class='ocrx_word' id='word_1_264' title='bbox 349 3429 360 3469; x_wconf 94' lang='lat'>.·</span> <span class='ocrx_word' id='word_1_265' title='bbox 386 3408 488 3470; x_wconf 89' lang='lat' dir='ltr'>“Hoc</span> <span class='ocrx_word' id='word_1_266' title='bbox 504 3409 591 3470; x_wconf 90' lang='lat' dir='ltr'>enim</span> <span class='ocrx_word' id='word_1_267' title='bbox 609 3431 628 3470; x_wconf 87' lang='lat' dir='ltr'>a</span> <span class='ocrx_word' id='word_1_268' title='bbox 646 3408 799 3471; x_wconf 84' lang='lat' dir='ltr'>Patribus</span> <span class='ocrx_word' id='word_1_269' title='bbox 819 3408 979 3470; x_wconf 88' lang='lat' dir='ltr'>traditum</span> <span class='ocrx_word' id='word_1_270' title='bbox 997 3407 1150 3470; x_wconf 77' lang='lat' dir='ltr'>universo</span> 
     </span>
     <span class='ocr_line' id='line_1_33' title="bbox 41 3507 1149 3574; baseline 0.003 -5"><span class='ocrx_word' id='word_1_271' title='bbox 41 3507 205 3569; x_wconf 84' lang='lat' dir='ltr'>observat</span> <span class='ocrx_word' id='word_1_272' title='bbox 226 3507 376 3571; x_wconf 86' lang='lat' dir='ltr'>Ecclesia</span> <span class='ocrx_word' id='word_1_273' title='bbox 388 3510 411 3573; x_wconf 90' lang='lat'>’&#39;.</span> <span class='ocrx_word' id='word_1_274' title='bbox 459 3511 559 3573; x_wconf 91' lang='lat' dir='ltr'>Ratio</span> <span class='ocrx_word' id='word_1_275' title='bbox 583 3521 695 3574; x_wconf 88' lang='lat' dir='ltr'>autem</span> <span class='ocrx_word' id='word_1_276' title='bbox 721 3532 777 3573; x_wconf 89' lang='lat' dir='ltr'>cur</span> <span class='ocrx_word' id='word_1_277' title='bbox 799 3510 882 3572; x_wconf 88' lang='lat' dir='ltr'>tales</span> <span class='ocrx_word' id='word_1_278' title='bbox 906 3510 1071 3573; x_wconf 89' lang='lat' dir='ltr'>orationes</span> <span class='ocrx_word' id='word_1_279' title='bbox 1093 3512 1149 3573; x_wconf 93' lang='lat' dir='ltr'>de-</span> 
     </span>
     <span class='ocr_line' id='line_1_34' title="bbox 43 3605 1149 3696; baseline 0.004 -24"><span class='ocrx_word' id='word_1_280' title='bbox 43 3605 172 3672; x_wconf 66' lang='lat' dir='ltr'>functis</span> <span class='ocrx_word' id='word_1_281' title='bbox 195 3611 331 3690; x_wconf 88' lang='lat' dir='ltr'>prosint,</span> <span class='ocrx_word' id='word_1_282' title='bbox 347 3613 379 3673; x_wconf 93' lang='lat' dir='ltr'>in</span> <span class='ocrx_word' id='word_1_283' title='bbox 402 3611 530 3676; x_wconf 83' lang='lat' dir='ltr'>Constit.</span> <span class='ocrx_word' id='word_1_284' title='bbox 547 3615 674 3694; x_wconf 83' lang='lat' dir='ltr'>apostol.</span> <span class='ocrx_word' id='word_1_285' title='bbox 696 3613 812 3696; x_wconf 90' lang='lat' dir='ltr'>(VIII,</span> <span class='ocrx_word' id='word_1_286' title='bbox 826 3613 883 3696; x_wconf 85' lang='lat'>41)</span> <span class='ocrx_word' id='word_1_287' title='bbox 907 3613 953 3676; x_wconf 89' lang='lat' dir='ltr'>ita</span> <span class='ocrx_word' id='word_1_288' title='bbox 976 3613 1149 3676; x_wconf 87' lang='lat' dir='ltr'>redditur:</span> 
     </span>
     <span class='ocr_line' id='line_1_35' title="bbox 42 3713 1150 3798; baseline 0.002 -22"><span class='ocrx_word' id='word_1_289' title='bbox 42 3713 220 3776; x_wconf 87' lang='lat' dir='ltr'>“Oremus</span> <span class='ocrx_word' id='word_1_290' title='bbox 242 3734 302 3795; x_wconf 91' lang='lat' dir='ltr'>pro</span> <span class='ocrx_word' id='word_1_291' title='bbox 324 3714 478 3778; x_wconf 83' lang='lat' dir='ltr'>iratribus</span> <span class='ocrx_word' id='word_1_292' title='bbox 501 3719 630 3794; x_wconf 89' lang='lat' dir='ltr'>nostris,</span> <span class='ocrx_word' id='word_1_293' title='bbox 647 3717 703 3798; x_wconf 95' lang='lat' dir='ltr'>qui</span> <span class='ocrx_word' id='word_1_294' title='bbox 720 3717 753 3777; x_wconf 82' lang='lat' dir='ltr'>in</span> <span class='ocrx_word' id='word_1_295' title='bbox 773 3715 900 3781; x_wconf 80' lang='lat' dir='ltr'>Christo</span> <span class='ocrx_word' id='word_1_296' title='bbox 916 3715 1150 3796; x_wconf 79' lang='lat' dir='ltr'>requieverunt,</span> 
     </span>
     <span class='ocr_line' id='line_1_36' title="bbox 40 3815 1148 3903; baseline 0.005 -25"><span class='ocrx_word' id='word_1_297' title='bbox 40 3824 82 3878; x_wconf 90' lang='lat' dir='ltr'>ut</span> <span class='ocrx_word' id='word_1_298' title='bbox 102 3815 195 3878; x_wconf 89' lang='lat' dir='ltr'>Deus</span> <span class='ocrx_word' id='word_1_299' title='bbox 211 3835 350 3879; x_wconf 80' lang='lat' dir='ltr'>summae</span> <span class='ocrx_word' id='word_1_300' title='bbox 368 3839 445 3899; x_wconf 88' lang='lat' dir='ltr'>erga</span> <span class='ocrx_word' id='word_1_301' title='bbox 461 3821 613 3882; x_wconf 89' lang='lat' dir='ltr'>homines</span> <span class='ocrx_word' id='word_1_302' title='bbox 629 3823 785 3898; x_wconf 86' lang='lat' dir='ltr'>caritatis,</span> <span class='ocrx_word' id='word_1_303' title='bbox 797 3823 854 3903; x_wconf 91' lang='lat' dir='ltr'>qui</span> <span class='ocrx_word' id='word_1_304' title='bbox 871 3822 1017 3884; x_wconf 88' lang='lat' dir='ltr'>animam</span> <span class='ocrx_word' id='word_1_305' title='bbox 1031 3821 1148 3884; x_wconf 85' lang='lat' dir='ltr'>desun-</span> 
     </span>
     <span class='ocr_line' id='line_1_37' title="bbox 40 3917 1147 4007; baseline 0.004 -23"><span class='ocrx_word' id='word_1_306' title='bbox 40 3917 90 3984; x_wconf 68' lang='lat' dir='ltr'>cti</span> <span class='ocrx_word' id='word_1_307' title='bbox 108 3919 262 3999; x_wconf 88' lang='lat' dir='ltr'>suscepit,</span> <span class='ocrx_word' id='word_1_308' title='bbox 274 3921 422 3982; x_wconf 81' lang='lat' dir='ltr'>reoo&#39;ttat</span> <span class='ocrx_word' id='word_1_309' title='bbox 435 3923 466 3983; x_wconf 80' lang='lat' dir='ltr'>ol</span> <span class='ocrx_word' id='word_1_310' title='bbox 478 3943 569 3985; x_wconf 79' lang='lat' dir='ltr'>omne</span> <span class='ocrx_word' id='word_1_311' title='bbox 577 3934 751 4004; x_wconf 81' lang='lat' dir='ltr'>peccatum,</span> <span class='ocrx_word' id='word_1_312' title='bbox 763 3935 796 3988; x_wconf 88' lang='lat' dir='ltr'>et</span> <span class='ocrx_word' id='word_1_313' title='bbox 813 3925 976 4007; x_wconf 91' lang='lat' dir='ltr'>propitius</span> <span class='ocrx_word' id='word_1_314' title='bbox 993 3945 1031 3987; x_wconf 89' lang='lat' dir='ltr'>ac</span> <span class='ocrx_word' id='word_1_315' title='bbox 1048 3926 1147 3988; x_wconf 90' lang='lat' dir='ltr'>bene·</span> 
     </span>
    </p>
   </div>
   <div class='ocr_carea' id='block_1_5' title="bbox 77 4154 1100 4314">
    <p class='ocr_par' dir='ltr' id='par_1_7' title="bbox 77 4154 1100 4314">
     <span class='ocr_line' id='line_1_38' title="bbox 79 4154 1100 4229; baseline 0.007 -22"><span class='ocrx_word' id='word_1_316' title='bbox 79 4159 87 4181; x_wconf 89' lang='lat'><em>¹</em></span> <span class='ocrx_word' id='word_1_317' title='bbox 103 4155 191 4208; x_wconf 70' lang='lat' dir='ltr'>ttsatt.</span> <span class='ocrx_word' id='word_1_318' title='bbox 205 4154 274 4218; x_wconf 83' lang='lat' dir='ltr'>XII,</span> <span class='ocrx_word' id='word_1_319' title='bbox 291 4171 333 4224; x_wconf 81' lang='lat'>32·</span> <span class='ocrx_word' id='word_1_320' title='bbox 350 4185 384 4194; x_wconf 89' lang='lat'>-</span> <span class='ocrx_word' id='word_1_321' title='bbox 397 4164 406 4186; x_wconf 86' lang='lat'>²</span> <span class='ocrx_word' id='word_1_322' title='bbox 419 4157 436 4209; x_wconf 94' lang='lat' dir='ltr'><em>I</em></span> <span class='ocrx_word' id='word_1_323' title='bbox 449 4157 510 4212; x_wconf 89' lang='lat' dir='ltr'>Cor.</span> <span class='ocrx_word' id='word_1_324' title='bbox 529 4159 582 4227; x_wconf 86' lang='lat'>111,</span> <span class='ocrx_word' id='word_1_325' title='bbox 605 4173 689 4229; x_wconf 83' lang='lat' dir='ltr'>ro19.</span> <span class='ocrx_word' id='word_1_326' title='bbox 703 4191 738 4198; x_wconf 94' lang='lat'>—</span> <span class='ocrx_word' id='word_1_327' title='bbox 750 4167 760 4198; x_wconf 82' lang='lat'>³</span> <span class='ocrx_word' id='word_1_328' title='bbox 774 4161 874 4215; x_wconf 87' lang='lat' dir='ltr'>Sermo</span> <span class='ocrx_word' id='word_1_329' title='bbox 889 4175 923 4214; x_wconf 88' lang='lat'>20</span> <span class='ocrx_word' id='word_1_330' title='bbox 936 4159 965 4213; x_wconf 86' lang='lat' dir='ltr'>in</span> <span class='ocrx_word' id='word_1_331' title='bbox 980 4161 1025 4214; x_wconf 89' lang='lat' dir='ltr'>Ps.</span> <span class='ocrx_word' id='word_1_332' title='bbox 1043 4160 1100 4214; x_wconf 86' lang='lat'>118.</span> 
     </span>
     <span class='ocr_line' id='line_1_39' title="bbox 77 4243 692 4314; baseline 0.008 -19"><span class='ocrx_word' id='word_1_333' title='bbox 77 4245 88 4274; x_wconf 81' lang='lat'>⁴</span> <span class='ocrx_word' id='word_1_334' title='bbox 103 4245 151 4295; x_wconf 86' lang='lat' dir='ltr'>De</span> <span class='ocrx_word' id='word_1_335' title='bbox 166 4243 284 4313; x_wconf 72' lang='lat' dir='ltr'>Coronat,</span> <span class='ocrx_word' id='word_1_336' title='bbox 296 4260 320 4297; x_wconf 92' lang='lat' dir='ltr'>c.</span> <span class='ocrx_word' id='word_1_337' title='bbox 333 4263 358 4313; x_wconf 89' lang='lat'>4.</span> <span class='ocrx_word' id='word_1_338' title='bbox 373 4274 404 4282; x_wconf 89' lang='lat'><em>—</em></span> <span class='ocrx_word' id='word_1_339' title='bbox 419 4247 428 4278; x_wconf 91' lang='lat'>⁵</span> <span class='ocrx_word' id='word_1_340' title='bbox 441 4243 539 4299; x_wconf 86' lang='lat' dir='ltr'>Sermo</span> <span class='ocrx_word' id='word_1_341' title='bbox 556 4261 613 4314; x_wconf 87' lang='lat'>172,</span> <span class='ocrx_word' id='word_1_342' title='bbox 627 4263 654 4300; x_wconf 92' lang='lat' dir='ltr'>n.</span> <span class='ocrx_word' id='word_1_343' title='bbox 669 4261 692 4300; x_wconf 88' lang='lat'>2.</span> 
     </span>
    </p>
   </div>
   <div class='ocr_carea' id='block_1_6' title="bbox 0 0 1408 4664">
    <p class='ocr_par' dir='ltr' id='par_1_8' title="bbox 0 0 1408 4664">
     <span class='ocr_line' id='line_1_40' title="bbox 0 0 1408 4664; baseline 0 3"><span class='ocrx_word' id='word_1_344' title='bbox 0 0 1408 4664; x_wconf 95' lang='lat' dir='ltr'> </span> 
     </span>
    </p>
   </div>
  </div>
 </body>
</html>
