2738 4646
238 179 306 231 326
412 207 417 218 ·
695 175 832 229 crrPU'r
849 178 873 226 1.

242 404 322 494 511.
341 421 470 472 nantis
493 421 710 471 Pamsaums
733 421 969 471 mammona
992 414 1312 472 osuousmsrurit
1359 375 1360 400 ¹

285 543 496 625 Argumenta
506 565 549 607 ex
561 544 731 625 Scriptura
743 545 923 626 desumpta
932 543 1126 606 Traditione
1138 537 1311 603 confirman-

242 657 303 723 tur,
319 663 395 728 quae
418 647 592 711 manifeste
615 647 762 710 ostendit
784 645 885 710 verba
905 664 1005 726 supra
1026 643 1127 705 allata
1152 639 1316 703 litteraliter

242 751 460 833 interpretata
476 750 585 814 fuisse.
631 751 731 834 Quod
748 759 901 814 constat:

533 868 534 875 ἵ
632 889 659 945 1.
678 888 737 946 Ex
755 864 948 946 Patribus.

265 1077 268 1084 ,
289 1015 397 1084 Pauca
413 1014 604 1078 testimonia
620 1035 664 1078 ex
681 1013 862 1079 innumeris
878 1034 953 1094 quae
973 1011 1082 1075 afferri
1104 1019 1239 1094 possunt
1257 1005 1317 1069 seli·

243 1115 370 1198 gemus.
524 1127 526 1131 ’
1224 1165 1227 1174 .
1265 1163 1267 1168 ,

269 1222 335 1290 28.
387 1235 418 1284 1⁰
432 1222 508 1304 Jam
525 1221 635 1303 primo
656 1219 776 1293 soeculo,
794 1216 829 1280 S.
845 1216 1007 1300 Igrratius,
1024 1215 1057 1281 S.
1080 1217 1218 1302 Joannis
1239 1211 1319 1276 disci-

244 1324 351 1406 pulus,
367 1325 569 1388 condemnat
590 1323 753 1405 quosdam
772 1321 954 1398 haereticoS,
972 1328 986 1386 ‘f
998 1321 1055 1402 qui
1070 1321 1115 1383 ab
1132 1318 1321 1384 Eucharistiei

245 1447 280 1488 se
296 1424 475 1502 abstinent,
491 1447 531 1491 eo
552 1426 642 1508 quod
667 1445 733 1492 non
758 1423 979 1489 confiteantur
995 1425 1103 1506 ipsam
1119 1445 1191 1488 esse
1207 1439 1320 1486 carnem

246 1527 429 1595 Salvatoris
445 1530 549 1593 nostri
561 1527 590 1612 J
603 1529 657 1594 C.”
669 1529 733 1611 (ep.
747 1529 790 1592 ad
808 1528 915 1610 Smyr.
929 1529 971 1610 7).
1011 1529 1111 1610 Ergo.
1116 1527 1215 1610 juxta
1230 1529 1322 1609 ipsum

248 1631 458 1696 Eucharistia
474 1643 524 1696 est
540 1654 616 1696 vere
630 1653 704 1695 caro
721 1634 822 1716 ipsius
837 1630 967 1696 Christi.

292 1748 327 1798 2⁰
345 1736 490 1804 Secundo
510 1737 629 1826 soerulo,
656 1735 691 1800 S.
716 1735 883 1810 Justinus,
906 1735 962 1815 qui
987 1733 1019 1798 in
1045 1735 1211 1799 Palestina
1233 1742 1323 1803 natus,

247 1839 424 1902 orientales
434 1839 589 1902 ecclesias
600 1839 743 1921 primum
754 1838 908 1914 visitavit,
915 1848 949 1903 et
959 1837 1080 1902 deinde
1092 1839 1210 1902 Romae
1219 1833 1323 1908 docuit,

249 1939 280 2004 in
300 1941 467 2024 Apologia
491 1942 520 2005 1⁸
539 1944 581 2006 ad
607 1943 846 2024 Imperatorem
865 1939 1075 2006 Antoninum
1099 1943 1222 2025 scripta
1243 1941 1323 2002 docet

251 2040 298 2130 (n.
315 2041 375 2129 66)
396 2069 402 2107 :
426 2051 441 2076 “
454 2045 698 2108 Eucharistiam
724 2065 788 2107 non
812 2063 884 2106 esse
899 2063 1112 2110 communem
1137 2063 1263 2126 panem,
1276 2037 1324 2103 sed

249 2141 418 2210 Incarnati
441 2147 545 2211 Verbi
568 2167 702 2214 carnem
726 2155 759 2209 et
782 2147 978 2228 sanguinem
990 2148 1013 2211 ''.
1061 2147 1191 2210 Eodem
1213 2143 1325 2216 seculo,

251 2243 288 2313 S.
304 2251 454 2326 Ircuceus,
469 2252 501 2313 in
515 2251 599 2313 Asia
613 2251 736 2312 Minori
753 2260 860 2325 natus,
872 2260 906 2314 et
919 2250 951 2315 S.
966 2250 1139 2334 Polycarpi
1154 2246 1326 2332 discipulus,

248 2355 356 2436 quiin
374 2355 483 2418 Gallia
499 2355 708 2436 evangelium
733 2355 936 2436 praedicavit,
952 2365 986 2418 et
1004 2355 1191 2435 Episcopus
1209 2351 1325 2434 Lugdu·

251 2457 361 2520 nensis
379 2458 447 2532 fuit,
460 2459 603 2521 affirmat
619 2459 741 2538 pariter
753 2478 873 2540 panem
890 2455 1143 2521 eucharisticum
1161 2477 1232 2518 esse
1245 2459 1326 2515 “cor-

251 2551 313 2642 pus
331 2561 477 2634 Domini,
494 2569 526 2624 et
543 2560 679 2623 calicem
697 2581 768 2624 esse
784 2562 980 2642 sanguinem
997 2559 1068 2640 ejus
1079 2559 1095 2583 ''
1107 2571 1127 2620 ².

297 2676 331 2742 30
351 2663 381 2724 Τ
378 2664 456 2725 ertt'o
471 2665 589 2739 saecula,
608 2663 639 2725 in
666 2663 816 2727 Ecclesia
840 2663 970 2738 Latina,
993 2661 1216 2724 Tertullianus
1236 2657 1326 2722 decla·

252 2777 322 2827 rata
338 2769 426 2827 “nos
442 2786 578 2848 corpore
591 2776 624 2828 et
638 2767 802 2848 sanguine
816 2766 937 2830 Christi
953 2764 1040 2827 vesci
1052 2766 1089 2843 ”;
1113 2764 1194 2827 alibi
1210 2762 1327 2826 adhibet

251 2869 388 2950 quidem
411 2870 660 2949 expressionem
684 2871 898 2950 aequivocam,
916 2888 960 2930 ex
983 2871 1048 2950 qua
1072 2867 1216 2930 inserunt
1232 2868 1327 2930 Prote·

251 2981 378 3034 stantes
404 2971 647 3036 Eucharistiam
671 2993 742 3034 esse
767 2971 905 3055 figuram
930 2971 1076 3053 corporis
1101 2971 1244 3046 Christi;
1275 2963 1329 3032 sed.

253 3073 403 3155 inspecto
434 3086 608 3150 contextu,
635 3096 751 3138 sensus
779 3076 972 3139 Tertulliani
999 3075 1053 3138 hic
1084 3094 1157 3137 esse
1188 3075 1330 3137 videtur:

252 3165 269 3210 ἦ·
280 3177 369 3252 illud,
386 3179 475 3257 quod
493 3177 526 3238 in
542 3177 584 3240 V.
601 3179 638 3240 T.
656 3185 726 3242 erat
742 3179 849 3242 solum
869 3178 972 3261 figura
988 3179 1134 3261 corporis
1152 3177 1280 3252 Christi,
1294 3173 1330 3235 sa·

253 3279 343 3344 ctum
368 3291 418 3342 est
442 3301 553 3343 verum
575 3302 694 3363 corpus
715 3281 836 3344 Christi
861 3282 893 3343 in
918 3282 1036 3344 ultima
1059 3283 1214 3344 coena’''4.
1260 3279 1329 3341 nen

253 3387 285 3447 in
305 3384 453 3446 Ecclesia
469 3384 595 3459 Graeca,
609 3383 784 3466 Origeness
801 3404 924 3448 manna
940 3404 1014 3447 eum
1034 3366 1243 3446 Eucharistia
1258 3397 1330 3444 conr·

253 3507 373 3570 parans
389 3487 487 3548 docet
504 3486 594 3567 prius
611 3485 710 3549 fuisse
726 3487 837 3550 cibum
855 3487 887 3549 In
905 3489 1084 3568 {enigmate
1100 3507 1158 3549 seu
1181 3488 1214 3548 in
1236 3485 1331 3566 figuti.

287 3695 296 3727 1
312 3675 376 3728 Hoc
389 3685 585 3743 argumentum
599 3673 658 3727 fuse
673 3673 818 3743 solideque
829 3684 1016 3742 exposuerunt
1033 3671 1163 3728 auctores
1177 3673 1266 3743 operis
1277 3671 1331 3722 Per·

248 3763 358 3830 pituita
368 3762 401 3813 de
413 3762 443 3812 la
447 3761 502 3830 soi,
517 3759 671 3828 praesertim
685 3762 736 3813 vol.
750 3761 787 3825 ll,
796 3777 821 3828 p.
835 3763 882 3825 187
897 3777 938 3830 sq.
950 3760 993 3814 ed.
1003 3760 1104 3829 thrym
1117 3761 1195 3830 ¹84¹*
1216 3757 1330 3812 Bellant-

254 3849 271 3900 l.
287 3846 334 3912 ll;
354 3847 465 3901 brevius
485 3859 587 3913 autem,
601 3845 667 3900 licet
680 3847 795 3912 erudite,
809 3844 971 3912 Fratres-lin,
986 3847 1023 3899 th.
1038 3847 1064 3898 V
1068 3847 1156 3910 ll·X;
1177 3845 1281 3904 fredar,
1295 3854 1328 3906 ορ·
1359 3905 1360 3908 ¹

254 3932 301 3986 cit.
317 3951 344 4002 p.
360 3935 394 3998 89
408 3948 467 4000 sq.;
488 3933 606 3999 Hurter,
624 3950 651 3985 n.
668 3945 792 3999 4ο3-43ο,
815 3933 848 3984 da
867 3934 1047 4000 Augustinr's,
1068 3949 1094 4001 p.
1115 3949 1137 3996 r,
1154 3950 1179 3985 a.
1196 3947 1239 3999 4.;
1256 3931 1292 3983 E.
1303 3923 1328 3976 Β·

253 4021 353 4085 Pusry,
368 4015 504 4072 Dodtrine
518 4021 549 4071 of
559 4020 606 4072 the
621 4020 691 4072 Real
705 4036 846 4088 presence.

289 4104 382 4156 2Adv.
398 4104 494 4157 haeres.
509 4104 555 4158 lib.
572 4107 620 4172 lV,
637 4122 659 4159 c.
678 4107 715 4159 18.
730 4135 763 4144 ›-
776 4104 786 4136 ³
801 4107 845 4158 De
860 4107 957 4160 Resur.
972 4105 1072 4172 carnis,
1085 4121 1109 4159 e.
1126 4105 1151 4158 8.

289 4191 394 4242 *Cone
412 4191 498 4242 hlarc.
513 4191 559 4243 lib.
578 4191 625 4258 lV,
639 4209 662 4246 c.
679 4208 714 4258 ro
725 4213 732 4257 ;
745 4223 779 4230 —
793 4193 840 4246 eir.
858 4192 1020 4258 Franzelr'n,
1034 4193 1072 4246 th.
1090 4193 1124 4246 X.

288 4273 299 4302 ³
315 4275 418 4328 Homil.
436 4276 492 4327 Vll
508 4276 536 4328 in
552 4278 635 4331 Num.
