2770 4646
262 142 323 196 186
370 181 379 192 „
434 177 436 182 ·
714 143 853 196 CAPUT
870 143 929 192 111.

261 325 388 401 sitinus,
403 327 538 407 quando
552 326 634 407 quiS,
650 326 726 387 licet
749 325 890 406 propriae
916 322 1180 405 indispositionis
1203 319 1352 385 conscius¹

263 428 305 489 ad
332 438 574 490 sacramentum
602 429 753 504 accedit;
785 428 835 508 (b)
863 426 1056 508 Negativus,
1081 425 1107 486 si
1134 421 1351 504 dispositionis

263 528 411 592 deset‘tus
428 550 493 592 non
510 531 552 592 sit
568 531 781 606 voluntarius,
797 539 932 612 propter
948 528 1170 609 ignorantiam
1191 521 1350 588 invincibi-

264 631 327 694 lem
353 651 409 694 seu
433 633 553 695 bonam
576 632 684 696 fidem.
733 635 771 696 ln
793 644 934 714 utroque
950 652 1038 706 casu,
1053 627 1202 694 desedtus
1223 624 1350 706 disposi-

264 735 362 797 tionis
378 735 621 820 vocaturfille'e,
636 747 670 799 et
692 747 936 800 sacramentum
960 737 1006 799 ita
1027 743 1219 817 susceptum
1243 732 1350 794 dicitur

254 839 531 920 fillesusceptam,
546 841 624 920 quia
647 843 828 924 suscipiens
852 845 964 926 aliquo
989 844 1091 906 modo
1112 841 1210 924 fingit
1233 861 1268 902 se
1290 855 1350 899 esse

262 941 470 1023 dispositum,
486 944 565 1004 dum
583 963 694 1006 revera
711 965 776 1006 non
793 957 852 1008 est.

478 1103 693 1161 Existentla
718 1104 824 1162 illius
848 1103 1133 1163 reviviscentlae

232 1236 236 1245 ’
304 1244 353 1311 61.
406 1255 436 1304 1⁰
451 1242 639 1322 Baptismus
645 1242 725 1322 fille
738 1252 906 1323 susceptus,
922 1252 1040 1304 remota
1062 1241 1151 1316 abice,
1167 1238 1275 1320 quoad
1280 1257 1348 1318 gra·

262 1343 344 1404 tiam
359 1341 529 1404 reviviscit.
576 1342 628 1404 Ita
644 1343 865 1405 communiter
880 1350 996 1403 contra
1012 1341 1151 1405 Scotum
1172 1355 1347 1420 paucosque

262 1443 351 1506 alios.
395 1444 586 1524 Baptismus
601 1452 713 1506 autem
731 1441 806 1506 fiete
822 1445 999 1525 suscipitur
1014 1445 1046 1506 in
1064 1443 1182 1505 adulto
1197 1461 1256 1523 per
1271 1440 1347 1502 attri·
1371 1519 1372 1524 ἵ

262 1546 361 1608 tionis
377 1546 634 1626 supernaturalis
650 1539 827 1616 descitum,
842 1552 900 1604 aut
916 1565 935 1604 a
951 1543 1077 1605 fortiori
1094 1540 1180 1604 fidei.
1371 1529 1372 1536 ἵ

305 1648 363 1728 (Α)
381 1650 618 1722 Praenotamus‚
631 1647 730 1728 juxta
747 1646 846 1709 Cone.
869 1645 899 1706 T
897 1645 1010 1708 redeat.
1027 1645 1129 1725 (Sess.
1146 1645 1206 1720 VI,
1222 1663 1289 1724 cap.
1308 1657 1345 1714 14;

263 1751 358 1813 XIV.
374 1771 442 1832 cap.
459 1752 494 1832 4)
511 1750 635 1813 nullum
653 1749 792 1811 mortale
808 1758 981 1830 peccatum
1006 1748 1129 1811 remitti
1154 1748 1187 1809 in
1213 1747 1253 1808 N.
1270 1745 1345 1822 Lege

263 1855 324 1916 nisi
341 1875 398 1937 per
414 1855 547 1935 aliquod
564 1863 807 1916 sacramentum
824 1852 905 1932 (scil.
924 1853 1018 1934 Bapt.
1035 1853 1086 1915 vel
1109 1847 1343 1926 Paenitentiam)

263 1959 294 2020 in
313 1979 345 2020 re
361 1958 411 2020 vel
429 1959 461 2020 in
478 1970 557 2020 voto
580 1967 793 2038 susceptum:
817 1956 993 2018 “docet„..
1014 1957 1121 2037 ipsam
1146 1953 1343 2016 nihilominus

262 2062 561 2124 reconciliationem
580 2062 639 2142 ipsi
659 2059 858 2135 contritioni,
872 2060 941 2120 siae
960 2058 1158 2121 sacramenti
1176 2068 1254 2132 voto,
1268 2053 1341 2136 quod

262 2165 294 2226 in
312 2165 366 2226 illa
383 2163 567 2237 includitur,
580 2183 645 2226 non
662 2183 733 2225 esse
748 2163 977 2226 ascribendam
988 2163 1011 2225 ”.
1061 2162 1162 2228 Unde
1177 2163 1243 2224 sic:
1260 2161 1341 2242 juxta

261 2287 387 2344 omnes,
402 2267 546 2328 existere
569 2253 668 2328 debet
691 2267 789 2328 etiam
815 2287 875 2348 pro
899 2265 954 2328 illo
977 2267 1032 2347 qui
1058 2266 1265 2347 Baptismum
1281 2259 1341 2324 lide

262 2373 393 2452 recepit,
410 2371 556 2432 medium
575 2371 747 2432 obtinendi
772 2369 998 2433 remissionem
1023 2367 1193 2451 originalis
1216 2366 1339 2450 peccati;

262 2477 362 2558 atqui,
379 2475 440 2537 nisi
459 2468 648 2556 Baptismus
665 2475 836 2538 reviviscat
856 2475 965 2555 quoad
985 2474 1138 2555 gratiam,
1154 2471 1278 2534 nullum
1292 2469 1339 2530 erit

263 2579 431 2658 medium,
455 2577 578 2639 scilicet
601 2592 668 2670 non·
692 2597 813 2639 novum
842 2579 1023 2660 Baptisma,
1039 2597 1141 2659 quum
1166 2575 1229 2638 hoc
1251 2575 1338 2636 valide

261 2692 450 2763 susceptum
475 2681 622 2743 renovari
648 2692 809 2761 nequeat;
837 2701 902 2743 non
925 2679 1134 2743 Poenitentiae
1157 2698 1246 2754 sacr,
1267 2676 1337 2758 quod

262 2786 397 2848 minime
420 2785 591 2846 ordinatur
615 2784 656 2844 ad
681 2784 859 2847 delendum
884 2783 1044 2865 originale
1068 2792 1261 2864 peccatum;
1292 2797 1337 2839 nec

261 2888 396 2950 tandem
421 2887 576 2949 contritio
603 2909 675 2950 cum
705 2888 866 2970 Baptismi
899 2898 989 2962 v0t0,
1016 2885 1094 2967 quia
1123 2906 1223 2948 nemo
1249 2895 1336 2967 potest

261 2990 446 3052 desiderare
462 2989 669 3052 iterationem
687 2991 849 3070 Baptismi
867 2991 937 3071 jam
957 2989 1066 3052 valide
1085 2990 1245 3070 suscepti;
1269 3005 1331 3067 ergo

261 3092 391 3154 unicum
414 3101 562 3153 remanet
583 3094 742 3170 medium,
757 3093 823 3156 scil.
841 3093 1068 3156 reviviscentia
1082 3093 1200 3172 gratiae
1216 3113 1270 3174 per
1283 3089 1335 3151 obi·

261 3215 332 3256 cem
351 3193 527 3273 impeditae.

306 3296 364 3377 (Β)
388 3295 441 3358 Ex
465 3293 660 3358 audioritate
686 3299 819 3359 Patrum
841 3307 875 3360 et
896 3296 1154 3377 Theologorum,
1175 3294 1332 3377 praesertim

262 3403 296 3464 S.
313 3400 496 3482 ‘digrediar'
509 3400 563 3480 qui
580 3400 622 3461 de
639 3400 811 3481 Baptismo
833 3403 922 3482 apud
944 3400 1116 3462 haereticos
1132 3400 1183 3462 vel
1200 3400 1332 3462 schisma·

260 3508 342 3568 ticos
358 3504 479 3566 collato
498 3504 670 3580 disserens,
685 3505 831 3566 declarat
855 3503 945 3566 illum
972 3523 1037 3565 non
1063 3502 1259 3583 produxisse
1278 3521 1332 3583 gra·

260 3609 339 3670 tiam
362 3606 497 3688 quando
519 3605 775 3682 ministrabatur,
791 3619 823 3670 et
842 3608 956 3670 addit:
980 3613 995 3638 ‘⁴
1009 3616 1087 3668 tunc
1111 3607 1227 3687 incipit
1248 3605 1332 3667 valere

259 3713 347 3774 idem
373 3711 572 3792 Baptismus,
594 3697 670 3771 ¹cum
699 3710 739 3770 ad
766 3710 924 3772 Ecclesiae
949 3728 1064 3790 pacem
1089 3705 1262 3778 venerint’'
1280 3706 1330 3788 (De

260 3811 354 3894 Bapt.
371 3814 423 3875 lib.
442 3831 468 3892 3,
486 3834 510 3874 c.
534 3812 592 3892 13).
1113 3877 1116 3884 ,

302 3915 359 3995 (C)
389 3915 528 3975 Ratione
557 3936 640 3976 cerev.
698 3915 913 3978 Sacramenta
943 3914 1030 3976 enim
1061 3925 1241 3996 operantur
1265 3911 1330 3973 sicut

258 4037 365 4080 cansae
382 4017 546 4077 naturales
560 4037 566 4091 ;
591 4017 739 4097 jamvero
756 4038 863 4079 causae
880 4017 1054 4091 naturales,
1063 4037 1205 4098 quarum
1219 4013 1329 4078 effeetus

258 4141 315 4201 per
330 4117 537 4180 obstaculum
555 4119 741 4199 impeditur,
750 4121 932 4201 generatim
952 4119 1043 4181 illum
1059 4117 1216 4182 effedtum
1232 4118 1327 4200 produ·

258 4230 346 4294 cunt,
362 4219 534 4281 obstaculo
550 4231 693 4300 remoto;
716 4243 743 4283 v.
759 4243 789 4302 g.
807 4222 889 4302 lapis
906 4244 931 4290 a¹
941 4241 1073 4286 summo
1090 4231 1206 4286 monte
1221 4224 1327 4286 descen·
