2770 4646
71 173 123 222 DE
136 175 311 226 NATURA
326 175 377 224 ET
389 177 647 226 Exisvnnrth
661 175 1061 227 SACRAMENTORUM.
1095 175 1157 226 16⁵

961 291 1156 300 --———-·

67 356 143 418 tales
171 377 296 422 errasse
328 361 359 420 in
392 359 669 432 determinatione
699 359 904 440 singulorum
936 365 1158 419 sacramento·

66 477 142 531 rum,
157 462 212 524 sed
230 461 446 524 nihilominus
467 471 596 544 septem
618 471 815 525 enumerant
830 483 837 537 ;
861 461 1065 542 proindeque
1081 475 1156 519 curn

66 561 206 625 Ecclesia
221 563 385 627 catholica
402 566 615 627 consentiunt
631 562 717 624 circa
733 561 956 624 substantiam
980 557 1156 638 dogmatis,

63 673 96 726 et
111 666 321 745 particulares
335 688 468 741 errores,
481 669 514 730 in
531 688 615 749 quos
632 665 826 740 inciderunt,
840 664 934 730 facile
946 662 1157 744 explicantur

61 767 88 828 si
104 789 166 849 prae
181 769 285 833 oculis
302 772 463 834 habeatur
479 769 667 835 Orientales
683 767 837 830 ecclesias
850 787 873 834 a
890 774 1003 828 centro
1020 762 1156 837 unitatis

61 871 211 946 divulsas,
227 875 596 957 tyrannideoppressas
612 883 645 936 et
660 870 812 938 barbarie
827 868 1003 934 obvolutas
1023 866 1122 930 fuisse
1134 876 1154 920 ¹.

102 997 145 1064 25
197 987 258 1069 (B)
272 988 437 1053 Probatur
447 991 578 1054 rm'nor:
593 987 685 1070 atqui
700 986 754 1050 illa
766 985 847 1049 fides
858 985 1029 1064 utriusque
1041 979 1153 1044 Eccle-

59 1091 114 1150 siae
133 1099 164 1153 et
184 1093 335 1155 omnium
359 1089 523 1155 sedtarum
548 1089 758 1154 orientalium
783 1086 943 1169 explicari
961 1084 1075 1165 nequit
1092 1082 1153 1142 nisi

58 1191 100 1251 ab
128 1192 205 1274 ipsis
239 1193 411 1274 Apostolis
442 1193 589 1269 oriatur;
620 1212 697 1255 nam
730 1190 838 1254 Graeci
866 1210 938 1252 saec.
967 1188 1027 1262 IX,
1054 1183 1153 1248 setta

58 1292 239 1357 Orientales
263 1316 336 1358 saec.
354 1296 396 1359 V.
415 1295 458 1358 ab
483 1295 634 1358 Ecclesia
658 1296 812 1358 Romana
833 1291 903 1373 jam
927 1293 1153 1353 secesserant;

54 1393 197 1472 jamvero
221 1398 248 1458 si
272 1407 350 1460 ante
373 1397 517 1460 schisma
541 1397 672 1460 nonnisi
697 1401 764 1461 duo
783 1397 834 1459 vel
859 1397 921 1459 tria
945 1399 1153 1456 sacramenta

56 1499 272 1576 admisissent,
286 1510 374 1564 certe
390 1501 455 1563 alia
468 1519 641 1582 nunquam
652 1520 672 1561 a
686 1501 815 1563 Latinis
827 1499 1059 1578 suscepissent,
1070 1513 1153 1574 prae·

57 1604 162 1665 sertim
187 1623 291 1685 quum
317 1605 446 1667 Latinis
470 1624 601 1684 semper
625 1605 765 1684 infensos
787 1623 859 1664 sese
886 1601 1096 1683 praebuerint,
1118 1605 1152 1656 et

56 1724 182 1768 suarum
201 1707 417 1769 traditionum
434 1706 659 1769 terrocr'ssr'mos.
706 1706 847 1790 Quoties
866 1705 954 1766 enim
972 1704 1014 1764 de
1030 1702 1152 1764 unione

56 1827 126 1869 cum
145 1807 274 1871 Latinis
291 1807 402 1872 abtum
419 1820 479 1883 est,
496 1806 595 1872 toties
619 1807 757 1871 infinitae
782 1827 885 1889 prope
908 1805 1151 1886 disputationes

56 1907 173 1971 habitas
189 1920 268 1974 sunt
285 1914 327 1974 de
343 1913 515 1974 additione
532 1917 547 1942 “
561 1911 706 1992 Filioque
718 1913 744 1985 '',
760 1913 802 1973 de
822 1911 923 1972 modo
941 1909 1149 1990 baptismum

57 2013 270 2089 ministrandi,
282 2015 325 2077 de
342 2034 428 2096 pane
445 2033 573 2095 azymo,
586 2014 628 2076 de
640 2013 784 2095 jejuniis
801 2013 842 2086 de
859 2012 989 2074 cantico
1005 2008 1150 2072 Alleluia

56 2117 232 2197 ceterisque
249 2117 439 2197 hujusmodi
456 2139 463 2178 :
487 2136 547 2178 nec
571 2113 682 2178 tamen
709 2115 776 2178 ulla
793 2115 853 2178 suit
869 2112 1093 2176 controversia
1109 2110 1151 2171 de

56 2221 239 2297 septenario
251 2239 389 2282 numero
402 2229 695 2292 sacramentorum,
707 2218 783 2280 licet
796 2218 868 2280 haec
879 2216 1018 2278 materia
1030 2213 1061 2275 in
1076 2231 1150 2293 pro·

56 2310 247 2382 sessionibus
264 2319 340 2383 fidei
358 2321 483 2384 inclusa
508 2320 626 2383 luerit:
650 2340 761 2382 nonne
778 2320 840 2382 hoc
857 2328 907 2381 est
924 2316 1083 2380 invidtum
1099 2335 1149 2376 ar-

55 2435 246 2500 gumentum
264 2423 363 2486 fidem
381 2424 422 2486 de
439 2434 569 2504 septem
582 2423 798 2486 sacramentis
812 2433 880 2485 tam
891 2422 1064 2503 antiquam
1078 2437 1149 2481 esse

54 2535 86 2586 ut
102 2535 179 2588 ante
195 2527 440 2607 separationem
463 2529 532 2589 sive
557 2527 748 2590 Graecorum
771 2527 841 2590 sive
858 2525 1089 2598 Orientalium,
1106 2544 1148 2586 sc.

55 2639 126 2690 ante
142 2631 295 2710 quintum
310 2631 478 2705 saeculum,
486 2630 555 2711 jam
569 2629 743 2703 exstiterit,
756 2640 790 2694 et
803 2632 936 2712 quidem
952 2631 982 2691 in
997 2629 1148 2691 universa

56 2728 218 2794 Ecclesia?
269 2733 425 2814 Jamvcro
449 2734 522 2796 talis
547 2733 726 2796 consensus
750 2735 899 2796 omnium
925 2731 1146 2794 Ecclesiarum

55 2831 82 2892 in
100 2854 133 2896 re
148 2835 349 2916 dogmatica,
365 2838 407 2898 ad
425 2836 558 2916 praxim
575 2837 805 2917 quotidianam
823 2837 1017 2917 pertinente.
1031 2833 1148 2912 quinto

55 2936 169 2998 saeculo
186 2937 306 3018 ubique
322 2939 448 3019 vigens,
465 2958 530 3000 non
549 2940 659 3020 potuit
681 2960 739 3021 per
764 2939 1010 3001 innovationem
1027 2935 1148 3007 induci,

54 3038 105 3098 sed
130 3041 172 3100 ab
198 3039 371 3119 Apostolis
395 3041 475 3121 ipsis
499 3042 660 3121 originem
685 3043 799 3119 ducit;
826 3062 903 3103 nam
928 3059 986 3122 per
1006 3047 1148 3120 quatuor

56 3141 156 3218 priora
173 3141 305 3216 saecula,
318 3153 434 3206 notum
449 3153 499 3205 est
513 3143 699 3224 Episcopos
712 3145 859 3206 veritatis
871 3144 1025 3206 custodes
1043 3141 1147 3223 pervi-

54 3242 128 3320 giles
145 3253 179 3306 et
197 3245 383 3308 novitatum
408 3245 620 3326 impatientes
646 3245 753 3318 luisse,
770 3258 803 3309 et
820 3247 933 3309 fideles
951 3247 1050 3308 fuisse
1068 3264 1145 3323 apo-

56 3346 237 3410 stolicarum
255 3347 470 3410 traditionum
490 3349 727 3410 tenacissimos
740 3351 785 3411 ita
802 3360 838 3412 ut
855 3353 969 3414 statim
987 3371 1024 3409 ac
1042 3368 1146 3410 novus

55 3464 143 3522 error,
153 3451 206 3511 vel
222 3449 347 3530 aliquid
366 3451 506 3513 inauditi
524 3454 655 3534 prodiit,
667 3455 779 3516 statim
797 3455 1053 3516 reclamaverint.
1094 3451 1146 3512 Ita

56 3552 182 3627 quando
194 3551 377 3616 Donotrlrtoe
392 3552 598 3618 validitatem
617 3555 780 3636 Baptismi
797 3557 840 3618 ab
856 3556 1017 3618 haereticis
1035 3551 1145 3616 collati

56 3649 297 3734 impugnarunt,
310 3655 486 3718 Encrotr'toe
503 3657 720 3720 Eucharistiae
738 3663 919 3734 materiam,
935 3659 1149 3722 Montanistoe

56 3763 84 3814 et
97 3757 282 3820 Norrotr'onl·
291 3767 493 3840 potestatem
511 3763 624 3824 omnia
641 3773 779 3843 peccata
794 3762 993 3836 remittendi,
1006 3760 1035 3821 Α
1041 3758 1149 3820 ενίιιηί

56 3858 199 3922 ordinum
223 3845 485 3938 ¹dis'tIndtionem,
501 3863 680 3927 Monidvcei
702 3866 903 3928 matrimonii
928 3865 1146 3936 honestatem,

58 3959 99 4018 vel
115 3963 216 4025 dubia
231 3973 305 4026 orta
321 3974 398 4027 sunt
421 3966 507 4027 eirca
531 3967 718 4030 ministrum
734 3978 768 4031 et
784 3965 973 4048 subjedlum
991 3967 1054 4028 Ex.
1073 3967 1145 4030 Un-

57 4054 174 4141 trionis,
187 4067 300 4128 Patres
314 4066 541 4130 indubitanter
557 4078 756 4151 strenueque
772 4070 970 4133 catholicam
988 4069 1087 4132 fidem
1104 4071 1146 4131 de

88 4253 95 4284 ¹
109 4257 148 4313 De
161 4276 217 4325 quo
230 4258 294 4314 vide
307 4230 471 4326 Franaelr‘n,
487 4263 524 4317 th.
541 4264 610 4326 XX;
629 4265 725 4331 Pescla,
738 4283 764 4320 n.
779 4280 827 4330 92..
