2776 4644
400 200 455 249 DE
474 199 635 254 ettam
654 199 846 250 ac'runu.
1124 196 1159 246 61

67 382 161 461 juxta
172 384 370 464 posteriores,
386 403 459 448 eam
484 393 629 448 meretur
643 384 686 446 dc
701 403 847 464 congruo,
863 402 920 445 seu
945 401 988 443 ex
1014 379 1161 461 quidam

69 486 222 548 decentia.
575 495 579 504 ’
733 521 736 528 .

108 589 166 667 (B)
183 587 345 652 Doiirina
361 589 526 652 catholica
544 590 576 654 in
591 599 666 652 tuto
673 590 876 670 jampositi,
886 589 962 651 duae
980 587 1055 650 atiae
1071 605 1161 667 quae-

69 692 187 753 stiones
210 692 444 772 expendendae
465 690 710 754 remanebunt:
734 686 1035 775 (a)utrumh01n0
1057 688 1162 769 possit

68 813 97 852 se
109 792 273 872 disponere
284 794 325 855 ad
343 795 484 874 primam
502 796 663 875 gratiam?
708 793 886 874 Dispositio
901 793 990 854 enim
1007 812 1027 854 a
1044 791 1162 853 merito

69 893 196 957 differt:
234 895 399 976 siquidem
425 897 552 959 nullum
576 897 630 976 jus
652 904 750 970 creat,
766 896 824 957 sed
846 894 953 957 solum
977 890 1160 973 subjeftum

70 999 169 1060 reddit
186 998 293 1079 magis
308 998 464 1061 idoneum
474 996 516 1058 ad
529 996 672 1078 gratiam
687 995 923 1076 recipiendam;
946 994 1075 1074 duplex
1086 1003 1136 1054 est
1152 1015 1158 1053 :

69 1101 223 1178 negativa,
236 1119 312 1180 qua:
329 1109 477 1162 removet
493 1097 621 1172 obices;
639 1097 795 1177 positivo,
805 1116 880 1177 quae
897 1105 947 1158 est
964 1095 1060 1166 realis
1076 1093 1162 1175 apti-

69 1202 144 1262 tudo
166 1204 233 1283 quei
256 1199 444 1282 subjeetum
462 1201 618 1262 idoneum
643 1198 680 1262 fit
704 1200 746 1261 ad
774 1199 899 1279 aliquid
921 1198 1161 1278 accipiendum.

52 1303 217 1382 'Jamvero
232 1323 350 1365 omnes
366 1302 555 1365 concedunt
578 1301 749 1363 hominem
766 1321 864 1382 posse
880 1301 1020 1382 propriis
1037 1299 1161 1362 viribus

70 1425 100 1466 se
115 1406 155 1467 ad
171 1407 315 1487 primam
332 1405 474 1484 gratiam
499 1403 647 1485 negative
662 1403 847 1483 disponere,
864 1403 975 1465 obices
997 1402 1162 1483 quosdam

70 1503 274 1577 removendo,
290 1523 333 1566 sc.
346 1512 492 1583 peccata,
508 1501 665 1563 duritiam
681 1500 791 1563 cordis
807 1509 880 1576 etc.;
906 1501 964 1562 sed
977 1499 1162 1561 communi-

71 1615 114 1666 ter
138 1617 270 1669 tenetur
294 1625 372 1668 eum
394 1625 461 1667 non
485 1623 584 1685 posse
597 1603 739 1684 positive
760 1622 795 1664 se
820 1605 861 1666 ad
881 1623 955 1665 eam
977 1603 1162 1684 disponere.

71 1708 115 1785 (b)
128 1707 248 1782 Utrum
260 1708 373 1782 oratio,
383 1707 461 1768 solis
472 1707 596 1768 viribus
613 1715 740 1766 naturae
757 1701 853 1779 fasta,
865 1706 1006 1785 primam
1020 1704 1162 1785 gratiam

73 1809 238 1888 inpetrare
253 1809 380 1890 possit?
426 1808 544 1872 Oratio
560 1805 737 1886 dupliciter
752 1807 950 1869 considerari
967 1815 1097 1888 potest:
1125 1816 1162 1868 ut

73 1908 157 1973 auus
179 1911 331 1992 obsequii
348 1930 427 1992 erga
444 1909 565 1982 Deum,
581 1917 614 1970 et
631 1916 668 1968 ut
690 1907 824 1968 humilis
841 1908 1030 1970 decentium
1053 1928 1072 1969 a
1090 1907 1165 1969 Deo

73 2013 189 2091 petitio
238 2012 366 2077 Omnes
382 2011 570 2074 concedunt
586 2009 781 2084 orationem,
797 2010 896 2090 priori
917 2029 1016 2071 sensu
1036 2009 1164 2072 intelle-

74 2111 163 2192 iiam,
175 2135 243 2177 non
256 2133 353 2195 posse
366 2113 504 2193 primam
517 2113 632 2174 mereri
648 2113 806 2193 gratiam;
833 2112 1054 2174 communiter
1062 2114 1163 2176 etiam

75 2218 203 2280 docetur
220 2237 295 2280 eam
313 2215 486 2297 posteriori
502 2234 601 2276 sensu
626 2225 798 2298 acceptam
823 2235 888 2276 non
912 2234 1009 2296 posse
1034 2215 1164 2297 proprie

76 2318 236 2400 loquendo
252 2301 385 2381 movere
403 2318 513 2378 Deum
528 2317 570 2378 ad
587 2317 728 2397 primam
745 2317 887 2397 gratiam
905 2315 1165 2394 concedendam,

75 2422 184 2483 saltem
195 2423 230 2484 in
241 2420 398 2503 praesenti
414 2439 522 2480 rerum
534 2421 668 2480 ordine:
692 2438 758 2480 non
775 2420 863 2480 enim
880 2418 1076 2500 inquirimus
1086 2421 1165 2499 quid

77 2521 136 2584 fieri
151 2524 317 2605 potuisset
332 2541 376 2584 ex
393 2522 465 2602 ipsa
482 2521 527 2582 rei
544 2524 670 2583 natura.

110 2643 155 2711 70.
203 2635 303 2694 anesis
321 2647 379 2695 1⁶:
415 2632 469 2696 De
491 2631 561 2695 tide
585 2636 642 2696 est
663 2630 814 2709 primam
838 2630 995 2710 gratiam
1019 2631 1069 2695 ita
1090 2649 1168 2711 gra-

76 2730 196 2794 tuitam
207 2746 292 2814 esse
308 2736 347 2793 ut
362 2728 459 2792 nulla
468 2745 577 2806 opera
591 2727 769 2792 naturalia
784 2727 880 2791 illam
890 2728 1018 2792 mereri
1028 2730 1167 2807 possint

78 2824 116 2887 de
129 2827 325 2904 condigno;
356 2831 495 2888 certum
518 2829 575 2887 est
596 2839 705 2902 opera
725 2824 903 2889 naturalia
922 2827 1078 2904 gratiam
1097 2844 1168 2890 me-

78 2923 139 2984 reri
153 2941 222 2987 non
239 2938 347 3000 posse
372 2921 417 2984 de
438 2938 608 3000 congruo.
654 2922 747 2987 Prius
766 2921 941 2985 definitum
967 2923 1028 2987 suit
1053 2934 1168 2986 contra

80 3026 269 3108 Pelagianos
285 3036 318 3088 et
335 3025 621 3107 Semipelagianos
638 3026 670 3087 in
687 3025 785 3086 variis
801 3025 968 3100 conciliis,
985 3027 1167 3107 praesertim

80 3128 277 3192 Arausicano
293 3127 340 3204 Ii,
359 3128 549 3190 ubidicitur·
567 3151 573 3190 ι
601 3126 666 3190 “Si
683 3127 757 3207 quis
773 3147 831 3208 per
847 3128 1091 3192 invocationem
1109 3127 1169 3190 hu-

82 3249 205 3293 manam
222 3231 366 3312 gratiam
385 3230 448 3292 Dei
465 3231 545 3292 dicit
562 3251 660 3311 posse
677 3229 827 3304 conferri,
843 3251 909 3293 non
927 3241 1038 3294 autem
1061 3234 1168 3314 ipsam

83 3332 212 3408 gratiam
230 3332 340 3396 iacere
356 3341 393 3394 ut
409 3332 581 3393 invocetur
601 3352 621 3394 a
645 3332 750 3406 nobis,
766 3334 964 3396 contradicit
983 3334 1078 3396 lsaiae
1096 3355 1169 3415 pro-

83 3433 191 3510 phetae,
202 3434 432 3515 velApostolo
445 3435 532 3497 idem
548 3435 671 3496 dicenti
687 3457 694 3496 :
711 3435 860 3497 inventus
876 3456 950 3498 sum
968 3457 987 3497 a
1003 3457 1069 3499 non
1080 3456 1169 3517 qure-

85 3537 221 3600 rcntibus
234 3556 298 3610 me,
307 3537 418 3618 palam
436 3539 574 3617 apparui
591 3537 642 3599 his
658 3537 714 3618 qui
732 3557 867 3600 menon
885 3539 1135 3618 interrogabant
1143 3539 1157 3562 ’¹
1164 3561 1171 3616 ;

86 3647 113 3698 et
128 3640 223 3718 paulo
239 3639 324 3701 inira
342 3663 348 3702 :
386 3639 568 3700 “Debetur
592 3659 717 3700 merces
735 3640 831 3701 bonis
848 3641 1013 3720 operibus,
1029 3642 1055 3702 si
1073 3640 1170 3718 fiant3

87 3741 136 3801 sed
156 3741 279 3822 gratia,
298 3761 370 3822 quie
393 3762 455 3802 nen
480 3741 618 3816 debetur,
634 3743 788 3821 praecedit
811 3743 974 3824 utfinnt’'
1001 3744 1171 3826 (Deneing.

91 3842 150 3915 146,
170 3843 251 3924 161).
262 3879 306 3888 -
322 3844 488 3905 Posterius
505 3853 616 3905 autem
635 3862 700 3904 non
718 3845 780 3907 iuit
796 3843 980 3920 definitum,
996 3849 1074 3927 quia
1085 3849 1172 3912 Con-

89 3943 154 4006 cilia
168 3942 416 4008 distiniiionem
443 3965 508 4008 non
535 3947 714 4008 instituunt
735 3947 820 4008 inter
843 3949 996 4011 meritum
1013 3950 1052 4013 de
1066 3952 1172 4013 cendi-

86 4063 142 4120 gno
156 4056 187 4108 et
202 4049 239 4111 de
254 4069 414 4128 congruo,·
450 4049 507 4110 sed
535 4049 673 4111 insertur
697 4070 741 4110 ex
765 4049 872 4111 verbis
890 4050 1115 4113 Conciliorum
1140 4063 1173 4114 et

92 4145 265 4230 Scriptura,
281 4172 356 4236 quae
379 4162 447 4214 tam
465 4152 633 4233 generalia
653 4163 731 4214 sunt
752 4162 789 4214 ut
811 4173 910 4216 omne
926 4174 1060 4235 prorsus
1077 4156 1174 4216 meri-

92 4255 154 4311 tum
168 4254 356 4330 excludant,
372 4256 507 4335 quando
524 4255 632 4336 agitur
647 4256 690 4317 de
705 4257 859 4336 operibus
877 4257 1090 4320 naturalibus,
