2758 4652
264 175 333 228 5⁴⁴
473 175 529 225 DE
547 177 840 228 POENITENTIAE
859 179 1158 231 sncnnussum

265 296 636 304 ..-.—--—...—-——.-
1086 303 1120 308 —
1179 305 1184 309 ,

264 360 304 420 id
318 370 465 439 prestat,
488 361 515 422 si
541 361 696 423 videlicet
719 364 875 424 contritio
901 364 944 424 sit
971 365 1199 427 intensissima.
1241 365 1342 447 Quum

263 464 352 525 enim
376 463 566 544 hujusmodi
590 464 782 544 temporalis
808 486 908 547 poena
931 467 974 529 sit
999 465 1102 543 finita,
1128 469 1277 530 contritio
1305 471 1343 530 ita

265 567 394 630 intensa
410 587 481 629 esse
496 577 608 649 potest
624 578 661 630 ut
676 588 750 631 eam
767 570 923 650 adaequet
938 578 972 632 et
987 571 1137 633 totaliter
1153 573 1300 634 remittat

497 715 531 779 3⁰
548 702 602 765 De
623 703 832 767 meritorum
854 703 1103 768 reviviscentia
1115 719 1134 770 ¹.

306 829 356 896 95.
404 819 522 880 Status
535 819 729 900 quaesrionis.
776 821 922 902 Quando
937 823 1011 903 quis
1026 836 1236 886 sacramento
1248 825 1346 887 Poeni-

264 923 376 986 tentiae
389 921 598 1002 justificatur,
615 925 735 1005 accipit
750 925 848 987 simul
865 944 940 988 cum
957 927 1066 1006 gratia
1076 926 1238 990 habituali
1254 928 1345 990 virtu-

264 1034 314 1086 tes
330 1024 455 1087 inlusas
470 1045 552 1106 quas
569 1047 627 1108 per
642 1039 813 1109 peccatum
830 1030 1007 1093 amiserat:
1033 1050 1137 1111 quum
1153 1032 1240 1094 enirn
1256 1033 1346 1094 virtu-

265 1139 313 1192 tes
344 1127 535 1207 hujusmodi
562 1149 582 1190 a
617 1131 725 1210 gratia
755 1131 931 1211 profluant,
957 1131 1041 1196 sicut
1067 1135 1284 1215 proprietates
1311 1135 1346 1196 ab

223 1241 226 1250 '
266 1231 418 1306 essentia,
434 1233 585 1295 restituta
601 1235 716 1314 gratia,
728 1235 946 1299 restituuntur
957 1237 1079 1318 pariter
1090 1238 1233 1312 virtutes
1244 1249 1277 1302 et
1286 1239 1345 1319 qui-

261 1336 338 1398 dem
362 1355 403 1398 eo
421 1336 617 1398 intensiores
643 1358 711 1418 quo
737 1338 912 1420 perfectior
934 1349 985 1403 est
1008 1337 1148 1422 subjecti
1176 1341 1345 1422 dispositio.
1371 1353 1372 1386 ³

201 1483 202 1486 κ
264 1439 331 1503 Sed
348 1441 635 1522 insuper-quaestio
651 1451 701 1504 est
718 1452 828 1504 utrum
847 1443 966 1506 merita
980 1463 1040 1524 per
1055 1454 1229 1524 peccatum
1245 1445 1347 1506 morti·

263 1541 361 1605 ficata
378 1543 583 1606 reviviscant.

307 1644 363 1706 Ad
376 1645 469 1726 cujus
480 1647 732 1729 intelligentiam
747 1668 853 1729 pauca
863 1659 940 1712 sunt
952 1649 1179 1730 praenotanda
1214 1651 1261 1730 (a)
1276 1649 1304 1711 V
1303 1652 1348 1710 iva

263 1748 419 1812 dicuntur
445 1768 547 1829 opera
577 1771 652 1831 quae
677 1751 709 1813 in
741 1761 829 1815 statu
860 1753 977 1831 gratiae
1005 1750 1097 1827 fiunt,
1124 1753 1296 1814 excitante
1323 1767 1350 1814 et

263 1850 443 1932 adjuvante
458 1855 563 1933 gratia
580 1851 710 1930 actuali,
723 1863 794 1916 tum
807 1855 885 1937 quia
896 1866 975 1918 sunt
987 1873 1006 1918 a
1018 1854 1182 1936 principio
1198 1855 1349 1936 spirituali

264 1957 403 2030 vivente,
419 1966 490 2019 tum
514 1958 592 2038 quia
616 1959 719 2020 vitam
741 1968 900 2022 aeternam
926 1966 1101 2022 merentur.
1147 1953 1201 2040 (b)
1221 1956 1350 2018 Mortua

264 2080 341 2122 vero
353 2082 393 2123 ea
408 2073 485 2124 sunt
501 2081 585 2143 quae,
598 2061 674 2123 licet
687 2061 775 2122 bona
789 2071 823 2124 et
835 2059 1108 2142 supernaturalia,
1122 2057 1205 2122 fiunt
1221 2061 1253 2121 in
1272 2069 1350 2124 statu

264 2165 400 2245 peccati,
416 2185 476 2226 nec
493 2163 631 2245 proinde
648 2167 814 2228 meritoria
830 2175 907 2228 sunt
928 2165 1005 2227 vitae
1020 2173 1163 2226 aetemae
1209 2164 1258 2244 (c)
1269 2163 1350 2224 Μον-

264 2268 361 2346 tisera
376 2288 416 2329 ea
431 2277 510 2330 sunt
524 2288 600 2348 quae
614 2266 784 2329 hominem
800 2267 870 2329 vita
885 2265 1001 2346 gratiae
1018 2263 1159 2345 privant,
1171 2273 1209 2326 ut
1224 2275 1352 2345 peccata

265 2372 425 2434 mortalia
472 2370 525 2452 (d)
541 2369 745 2452 Mortificate
761 2380 873 2432 autem
884 2369 1040 2431 dicuntur
1055 2386 1094 2429 ea
1110 2387 1213 2448 opera
1228 2388 1311 2448 quae,
1326 2369 1350 2430 in

264 2484 353 2536 statu
369 2473 486 2554 gratiae
502 2470 599 2549 facia,
615 2494 673 2554 per
689 2474 895 2554 subsequens
906 2470 1046 2534 mortale
1062 2479 1238 2550 peccatum
1256 2471 1350 2554 impe·

264 2577 400 2638 diuntur
415 2595 435 2636 a
450 2595 511 2637 suo
522 2573 825 2656 effectuquatenus
836 2574 1007 2636 hominem
1024 2571 1066 2634 ad
1077 2573 1181 2633 vitam
1199 2583 1348 2635 aeternam

264 2681 384 2742 ducere
407 2699 472 2740 non
497 2678 640 2760 amplius
664 2678 785 2744 valent.
829 2679 985 2760 Jamvero
1008 2677 1150 2756 quaestio
1171 2686 1222 2737 est
1250 2687 1348 2739 utrum

265 2783 383 2844 merita
399 2783 445 2843 sic
471 2779 665 2860 retortificata
682 2780 873 2842 reviviscere
890 2780 1026 2862 possint.
1075 2777 1288 2842 AffirmatIVe
1312 2801 1348 2842 re·

265 2887 432 2969 spondent
447 2883 594 2964 theologi
610 2883 840 2959 communiter,
855 2885 912 2946 sed
929 2884 971 2946 de
988 2881 1089 2945 modo
1108 2893 1142 2945 et
1157 2883 1265 2964 gradu
1289 2903 1344 2964 quo

265 2990 463 3053 reviviscant
479 2987 741 3050 controvertitur.
1075 2991 1078 2994 '

302 3111 352 3190 96.
399 3113 519 3172 These:
550 3110 718 3176 Remissa
734 3111 1064 3190 perPoenitentiam
1077 3119 1237 3194 peccato,
1253 3132 1349 3193 opera

264 3211 364 3288 prius
378 3210 413 3272 in
429 3208 580 3276 caritate
592 3209 687 3273 lacta
699 3214 736 3272 et
748 3225 811 3287 per
825 3210 1054 3289 subsequens
1068 3215 1260 3289 peccatum
1275 3229 1349 3275 mor·

263 3307 409 3386 tificata,
426 3308 654 3374 reviviscunt.
702 3309 752 3370 Ita
769 3311 997 3372 communiter.

268 3411 321 3500 (a)
335 3415 506 3495 Scriptura
517 3415 587 3478 sola
603 3435 654 3477 res
671 3410 857 3495 apodidiice
874 3412 1005 3492 probari
1023 3414 1155 3494 nequit;
1177 3415 1236 3476 sed
1253 3417 1347 3479 solum

264 3520 443 3582 accedente
460 3521 596 3583 Patrum
613 3529 647 3581 et
666 3517 899 3596 theologorum
924 3514 1129 3579 auctoritate.
1175 3517 1239 3580 Ait
1261 3522 1348 3602 siqui·

264 3625 340 3686 dem
368 3623 488 3686 Paulus
517 3647 523 3686 ε
562 3623 666 3684 “Non
690 3623 778 3683 enim
807 3621 946 3700 injustus
976 3621 1068 3683 Deus
1093 3630 1130 3682 ut
1152 3619 1351 3684 obliviscatur

264 3729 366 3803 operis
386 3728 489 3790 vestri
516 3737 547 3789 et
576 3727 765 3800 dilectionis,
792 3745 894 3806 quam
930 3723 1125 3786 ostendistis
1160 3723 1193 3786 in
1227 3729 1349 3788 nomine

266 3831 376 3910 ipsius,
393 3832 448 3911 qui
474 3830 682 3892 ministrastis
706 3827 828 3892 sanctis
851 3838 885 3890 et
907 3837 1101 3889 ministratis
1132 3837 1162 3905 ²;
1200 3830 1300 3910 atqui,
1321 3842 1348 3890 ut

300 4011 348 4062 ιδ’.
367 4008 496 4074 Thomas,
512 4027 527 4081 3
542 4031 568 4082 p.
582 4029 608 4081 q.
622 4014 657 4081 89
664 4034 671 4077 ;
701 4017 818 4076 Suarea,
835 4015 923 4082 Opus.
941 4013 974 4077 V,
991 4012 1035 4064 De
1048 4011 1156 4065 meritis
1170 4013 1348 4066 mortificatis:

268 4097 432 4150 Salmantic.
449 4099 485 4150 de
509 4101 536 4151 Μ
541 4101 620 4162 erno,
636 4101 708 4168 disp.
725 4102 762 4164 V3
792 4101 930 4162 Bt'lluar!‚
948 4099 1015 4154 diss.
1033 4101 1088 4165 111,
1107 4117 1133 4152 a.
1151 4112 1181 4167 53
1210 4101 1347 4156 Palma-n.

201 4207 208 4216 ·
267 4185 306 4236 th.
326 4199 367 4248 193
387 4184 608 4252 chugusle‘m's,
623 4203 648 4254 p.
668 4189 689 4250 1,
706 4199 755 4241 art.
775 4205 815 4252 10;
838 4189 1089 4258 Br'llot,p.94·108.

303 4271 405 4324 ’Hebe
420 4269 471 4332 Vl,
490 4289 528 4326 ro.
