2752 4648
216 193 272 242 DE
292 192 581 245 SACRAMENTO
599 193 917 244 EUCHARISTIAE.
1049 197 1119 248 ⁴05

70 383 132 451 127.
178 371 237 454 (C)
260 373 333 436 Nee
355 394 395 435 ex
416 371 536 435 naturrl
562 372 659 453 hujus
690 373 887 436 sacramenti
919 373 1118 443 deducitur:

33 493 99 536 nam
125 475 222 538 unica
249 475 358 556 specie
385 475 585 539 sufficienter
610 475 814 557 significatur
838 477 990 558 specialis
1015 478 1118 539 virtus

31 575 118 656 hujus
140 579 450 660 sacramentique
473 579 505 641 in
530 577 688 642 alimonia
711 578 872 660 spirituali
897 580 1061 654 consistit,
1084 589 1118 642 et

30 680 142 758 pariter
157 681 254 742 unica
277 681 387 763 specie
410 681 672 745 substantialiter
694 682 888 763 producitur
911 683 1018 763 gratia
1042 682 1116 745 huic

30 792 227 844 sacramento
246 784 388 866 propria,
404 803 478 846 cum
496 784 559 847 sub
575 789 714 865 utraque
731 785 841 866 specie
858 783 1009 849 Christus
1025 794 1116 848 totus

30 885 235 947 contineatur.
283 885 364 948 Dixi
388 891 404 919 ‘⁶
416 887 677 950 substantialiter
686 889 711 963 ”,
728 889 815 968 quia,
828 886 929 967 juxta
951 889 1115 970 quosdam

30 985 201 1066 theologos,
218 986 325 1067 major
340 989 447 1068 gratia
468 988 682 1051 accidentalis
698 988 866 1053 confertur
881 1011 939 1072 per
955 992 1115 1072 receptio-

30 1107 95 1150 nem
111 1091 281 1171 utriusque
297 1110 396 1171 quam
415 1092 511 1155 unius
527 1092 649 1174 speciei
664 1113 670 1168 ;
694 1093 784 1173 quod
801 1092 938 1154 concedi
955 1102 1075 1174 potest,
1087 1093 1114 1154 si

28 1192 164 1254 caritatis
192 1193 299 1256 servor
325 1195 357 1256 in
386 1197 576 1277 sumptione
603 1194 758 1257 secundae
788 1196 908 1277 speciei
940 1205 1109 1278 augeatur.

30 1293 87 1358 Sed
110 1316 153 1358 ex
177 1317 212 1360 se
236 1318 302 1360 non
326 1299 424 1361 datur
440 1297 547 1378 major
567 1299 674 1378 gratia
698 1317 756 1380 per
771 1298 855 1361 duas
870 1299 997 1379 species
1013 1318 1113 1378 quam
1159 1323 1163 1332 ,

29 1415 78 1475 per
99 1419 208 1472 unam,
232 1400 317 1463 sicut
339 1401 371 1462 in
398 1401 571 1482 Baptismo
594 1420 660 1464 non
685 1401 854 1464 confertur
877 1401 984 1484 major
1006 1403 1113 1484 gratia

29 1495 103 1558 trina
120 1499 332 1562 immersione
347 1519 449 1580 quam
466 1503 532 1563 una
548 1509 686 1562 tantum.

65 1637 129 1702 128.
179 1639 291 1704 Coroll.
315 1641 458 1703 Ecclesia
476 1641 588 1723 potuit
609 1642 754 1722 legitime
773 1643 882 1705 calicis
904 1664 999 1705 usum
1022 1643 1114 1706 [αἰτεῖς

29 1739 210 1817 interdicere,
219 1752 321 1823 prout
334 1744 373 1805 de
378 1743 472 1823 faiio
488 1743 665 1806 interdixit.
714 1745 858 1820 Etenim,
877 1746 908 1806 in
926 1747 1022 1809 rebus
1038 1766 1112 1827 quae

26 1841 90 1920 jure
104 1845 217 1908 divino
234 1867 300 1908 non
318 1846 520 1928 regulantur,
534 1846 684 1910 Ecclesia
703 1847 757 1929 jus
779 1849 881 1911 habet
897 1850 986 1930 leges
1003 1849 1113 1930 prohi-

30 1943 137 2010 bitivas
161 1949 339 2026 statuendi,
356 1950 539 2012 dummodo
555 1949 675 2012 validae
696 1950 807 2013 adsint
825 1951 968 2014 rationes
986 1974 993 2028 ;
1019 1954 1112 2033 atqui

29 2066 65 2108 ex
87 2049 182 2114 dictis
206 2072 284 2114 usus
307 2052 417 2114 calicis
441 2072 507 2114 non
533 2051 593 2114 suit
613 2051 686 2132 jure
709 2053 823 2114 divino
846 2054 1056 2134 praescriptus
1080 2064 1113 2116 et

29 2148 152 2216 aliunde
161 2155 281 2216 validae
292 2164 387 2216 erant
399 2156 543 2221 rationes
556 2155 597 2215 ad
611 2153 712 2216 talem
726 2174 821 2217 usum
839 2155 1112 2232 interdicendum,

29 2271 63 2314 sc.
82 2277 88 2315 ε
110 2255 159 2337 (a)
176 2256 357 2337 periculum
376 2258 571 2339 sanguinem
589 2276 717 2320 sacrum
734 2255 925 2320 effundendi
943 2279 949 2334 ;
973 2278 1059 2333 nam,
1076 2267 1113 2321 ut

30 2356 68 2416 ait
84 2356 118 2420 S.
138 2358 277 2420 Thomas
295 2359 329 2441 (l.
346 2362 386 2441 c.)
402 2361 506 2440 “quia
522 2361 623 2422 crevit
640 2359 820 2422 multitudo
836 2361 950 2442 populi
965 2360 1113 2424 christia-

30 2457 66 2532 ni,
80 2461 110 2521 in
127 2466 192 2543 qua
208 2463 422 2525 continentur
438 2483 542 2537 senes,
558 2474 592 2525 et
604 2463 752 2544 juvenes,
768 2473 801 2526 et
820 2463 956 2546 parvuli,
972 2485 1111 2545 quorum

30 2563 154 2640 quidam
178 2585 244 2626 non
269 2575 346 2628 sunt
369 2575 472 2628 tantae
488 2566 704 2642 discretionis
720 2577 756 2629 ut
779 2566 942 2631 cautelam
964 2567 1112 2631 debitam

30 2663 105 2725 circa
130 2679 238 2744 usuny
254 2667 352 2747 hujus
378 2669 576 2730 sacramenti
601 2669 793 2746 adhibeant,
817 2671 891 2732 ideo
916 2672 1052 2752 provide
1080 2671 1111 2732 in

31 2767 217 2845 quibusdam
232 2771 378 2832 ecelesiis
390 2771 584 2834 observatur
598 2782 634 2835 ut
650 2773 774 2854 populo
786 2774 921 2854 sanguis
933 2773 1113 2836 sumendus

31 2887 88 2930 non
104 2873 208 2948 detur,
225 2874 282 2935 sed
300 2873 407 2935 solum
424 2894 443 2935 a
459 2875 630 2937 sacerdote
651 2886 801 2937 sumatur
810 2875 826 2899 '’
840 2896 847 2951 ;
872 2876 921 2954 lb)
936 2874 1113 2937 difficultas

31 2969 78 3032 diu
93 2976 281 3037 asservandi
298 2976 442 3057 speciem
459 2977 536 3051 vini,
551 2977 638 3057 quod
656 2977 751 3038 facile
767 2976 897 3052 acescit,
912 2985 947 3038 et
961 2978 1112 3039 eamdem

31 3075 65 3134 ad
81 3087 220 3157 aegrotos
236 3078 426 3154 deserendi;
449 3079 497 3160 (c)
508 3079 575 3140 vini
592 3079 730 3160 penuria
745 3080 776 3139 in
794 3071 992 3159 quibusdam
1009 3081 1112 3161 regio-

32 3177 137 3258 nibus;
165 3180 216 3262 (d)
232 3181 465 3245 nonnullorum
491 3183 711 3264 repugnantia
726 3202 746 3243 a
761 3182 907 3245 bibendo
928 3203 972 3244 ex
995 3185 1112 3245 eodem

32 3279 130 3356 calice,
152 3285 220 3345 imo
243 3285 424 3366 periculum
449 3282 646 3358 infectionis,
668 3285 756 3364 quod
781 3285 956 3348 incurritur
979 3287 1114 3366 quando

32 3380 129 3457 plures
152 3385 249 3449 simul
273 3407 317 3448 ex
340 3386 459 3449 eodem
482 3385 584 3448 calice
607 3385 748 3463 bibunt;
778 3387 823 3468 (e)
842 3389 976 3450 tandem
1001 3387 1113 3448 confu-

32 3485 104 3546 tatio
126 3487 356 3551 haereticorum
379 3491 436 3570 qui
462 3488 695 3551 necessitatem
720 3489 919 3570 sumptionis
945 3489 1114 3569 utriusque

31 3590 139 3665 speciei
155 3590 239 3653 falso
255 3591 448 3654 asserebant
459 3604 478 3653 1,

61 3837 181 3896 ¹Cateclr.
208 3843 235 3895 T
232 3842 331 3895 n'dent.
353 3842 389 3894 de
411 3842 532 3894 Euchar.
556 3857 583 3892 n.
608 3855 648 3906 71.
663 3871 696 3880 —·
712 3838 930 3895 Protestantium
951 3851 1116 3908 argumenta

32 3929 144 3994 exposita
158 3931 222 3986 vide
235 3929 312 3999 apud
325 3929 484 3994 Lr'ttledale,
495 3927 575 3982 Plain
590 3929 726 3993 Reasons,
740 3943 766 3995 p.
782 3941 814 3992 77
829 3926 1026 3996 conlutataque
1040 3929 1115 3997 apud

32 4013 120 4082 Ryrter,
134 4017 261 4072 Catholic
281 4026 470 4082 controversy,
491 4032 517 4084 p.
535 4033 545 4067 r
550 4015 592 4081 38.
633 4014 774 4082 Objicitur
791 4013 905 4082 quidem
926 4014 954 4068 S.
972 4015 1116 4070 Gelasium

33 4099 127 4170 Papam
138 4107 263 4171 (Decret.
274 4103 352 4157 Crat.
364 4119 380 4172 3
391 4120 417 4171 p.
431 4102 495 4156 dist.
507 4116 532 4166 2,
543 4119 565 4154 c.
582 4102 623 4166 12)
637 4101 700 4154 illos
713 4101 927 4169 reprehendisse
938 4101 985 4171 qui
998 4119 1016 4155 a
1028 4103 1116 4158 calice

32 4191 93 4242 sacri
106 4191 208 4246 emotis
222 4189 424 4256 abstinebant;
444 4189 495 4243 sed
508 4189 652 4242 decretum
665 4187 733 4241 illud
747 4189 834 4242 latum
846 4188 898 4242 luit
911 4198 1010 4243 contra
1024 4189 1114 4242 Mani·

32 4273 115 4328 chaeos
137 4279 237 4332 Romae
257 4277 387 4338 latentes,
404 4274 460 4344 qui,
482 4275 568 4344 impia
588 4275 793 4343 superstitione,
812 4293 830 4329 a
851 4276 915 4330 vino
935 4286 962 4329 et
982 4292 999 4328 a
1020 4275 1113 4345 specie
