2738 4646
193 193 248 243 DE
268 193 487 244 Mrs'mmo
505 193 777 244 PRAESENTIAE
797 194 964 243 nunus.
1063 193 1130 245 329

42 391 104 434 sarn
117 385 127 416 ¹
141 395 148 450 ;
169 371 220 455 (b)
232 374 366 438 aliunde
383 375 466 438 ratio
482 375 635 438 habenda
652 384 702 438 est
718 375 798 455 legis
812 376 935 450 arcani,
948 395 1023 456 quae
1036 383 1127 436 veta-

42 475 92 537 bat
111 497 153 538 ne
173 479 285 540 cor'am
304 479 459 541 omnibus
474 478 593 541 clarius
614 487 837 558 exponeretur
850 478 977 559 dogma
995 475 1127 539 Eucha-

42 573 142 648 ristiae,
155 585 191 639 ut
207 575 291 638 infra
307 576 549 640 declarabimus
563 598 570 653 ;
593 575 642 658 (c)
655 577 801 650 tandem,
814 595 921 657 pauca
937 575 1128 638 testimonia

42 695 108 754 quae
123 676 221 756 objici
244 685 385 758 possunt
406 677 533 739 nullum
555 676 622 740 sere
639 674 795 739 ellectum
811 679 900 758 apud
920 677 1050 739 Fideles
1072 675 1128 737 ha·

42 776 182 853 buerunt,
193 799 296 860 quum
313 780 436 860 ubique
448 789 608 842 terrarum
626 780 657 841 in
675 783 735 840 sua
752 777 817 842 fide
833 781 874 842 de
891 780 968 842 reali
983 798 1128 861 praesen-

42 879 80 940 ris
96 883 385 960 perseveraverint,
401 902 461 945 nec
483 881 623 963 proinde
639 891 755 944 contra
773 901 972 944 consensum
997 879 1128 945 morali·

41 989 84 1042 ter
97 984 287 1046 unanimem
305 985 464 1048 Ecclesiae
481 983 675 1046 universalis
692 983 834 1046 militare
850 995 997 1066 possunt.

78 1083 135 1166 (B)
151 1085 386 1150 Particularia.
434 1083 491 1171 (a)
514 1086 708 1168 Aliquando
733 1087 941 1149 Eucharistia
964 1087 1085 1149 dicitur
1108 1105 1128 1146 a

42 1187 184 1252 Patribus
198 1190 340 1270 signum,
356 1201 456 1271 typus,
464 1192 590 1274 figura,
603 1190 715 1272 imergo
730 1189 868 1270 corporis
887 1187 1027 1262 Christe·
1050 1189 1128 1268 quia

41 1293 243 1357 constituitur
271 1313 382 1356 revera
409 1294 533 1376 duplici
562 1294 742 1367 elemento,
763 1292 919 1373 speciebus
946 1303 979 1355 et
1004 1303 1128 1373 corpore

43 1391 171 1469 Christi;
194 1397 320 1477 species
336 1407 448 1460 autern
466 1398 561 1477 panis
574 1406 607 1459 et
620 1397 687 1458 vini
701 1397 765 1458 dici
783 1406 923 1476 possunt
940 1393 1045 1478 figura
1056 1414 1127 1455 cor-

42 1496 121 1574 poris
142 1498 205 1566 sub
230 1498 292 1561 illis
316 1500 488 1581 speciebus
512 1500 670 1574 contenti,
686 1499 766 1580 quin
790 1518 831 1560 eo
855 1499 927 1578 ipso
950 1497 1127 1578 praesentia

42 1598 127 1660 realis
143 1611 327 1682 negetur2;
350 1623 512 1684 nusquam
531 1623 608 1664 vero
624 1603 780 1664 asseritur
794 1600 1038 1663 Eucharistiam
1055 1619 1127 1661 esse

3 1715 4 1718 ’
42 1711 159 1764 tannim
167 1703 317 1785 figuram
329 1705 459 1768 Christi.
506 1704 556 1784 (b)
576 1704 659 1766 Item
674 1703 811 1784 quidam
829 1703 1126 1783 negantcontineri

42 1803 69 1862 in
83 1803 288 1870 Eucharistia
304 1809 411 1890 ipsum
429 1809 508 1871 illud
525 1828 645 1888 corpus
657 1807 747 1888 quod
765 1815 880 1868 natum
898 1815 947 1867 est
964 1805 1006 1867 de
1021 1805 1126 1866 Maria

3 1943 4 1948 .
42 1905 191 1988 Virgine3
214 1913 303 1993 quod
325 1914 461 1993 quidem
478 1912 674 1993 explicatur,
690 1912 717 1972 si
741 1930 809 1992 pra:
833 1919 944 1971 mente
967 1908 1128 1971 habeatur

43 2010 194 2090 triplicem
207 2015 367 2096 distingui
385 2035 482 2097 posse
498 2024 622 2076 statum
636 2013 783 2095 corporis
794 2011 926 2087 Christi,
936 2010 1126 2092 passibilem

43 2122 110 2175 ante
126 2115 423 2191 Resurredtionem,
439 2117 619 2197 gloriosum
645 2117 677 2176 in
698 2115 782 2176 coelo
804 2123 838 2176 et
854 2113 1126 2175 sacramentalem

3 2275 4 2304 3
43 2214 70 2275 ΙΙΙ
83 2216 300 2296 ΕΙΙεΙΙεΙΙΙεΙΙέ;
323 2219 385 2281 hoc
401 2220 490 2281 enirn
508 2220 618 2299 posito
633 2219 698 2280 dici
717 2227 836 2298 potest,
847 2237 922 2279 cum
939 2216 1128 2294 Lanfrancu

3 2305 4 2368 Ι
42 2316 117 2390 (saec.
135 2320 212 2402 XI),
229 2320 472 2383 Eucharistiam
498 2327 599 2382 “vere
622 2340 720 2402 posse
744 2320 808 2383 dici
828 2329 861 2382 et
884 2320 992 2400 ipsum
1009 2337 1128 2400 corpus

43 2423 120 2497 quod
136 2423 179 2484 de
191 2423 329 2504 Virgine
345 2435 516 2505 sumptum
530 2433 589 2497 est,
602 2434 635 2486 et
653 2434 764 2486 tamen
779 2444 844 2485 non
863 2424 993 2503 ipsum:
1018 2421 1125 2502 ipsum

3 2547 5 2626 Ι
43 2525 164 2601 quidem
182 2537 344 2608 quantum
361 2529 403 2590 ad
428 2527 646 2589 essentiam...
665 2546 731 2588 non
750 2527 857 2607 ipsum
882 2535 993 2588 autem
1011 2525 1037 2586 si
1054 2544 1127 2606 spe-

43 2622 102 2688 cles
117 2631 211 2709 panis
227 2631 360 2711 vinique
377 2631 521 2712 speciem
533 2628 666 2709 ”.(Adv
681 2630 816 2710 Bereng.
828 2651 852 2690 c.
870 2631 929 2708 18).
976 2631 1021 2707 (c)
1038 2629 1127 2690 Pari-

3 2667 4 2780 Ι
44 2739 85 2791 ter
106 2735 199 2813 pauci
224 2754 345 2816 negare
360 2736 513 2797 videntur
535 2754 595 2795 nos
619 2735 820 2796 manducare
843 2751 962 2812 corpus
979 2729 1128 2794 Christi.

3 2785 5 2840 Ι

61 2857 132 2965 ¹ita
146 2930 170 2965 v.
184 2930 210 2981 g.
223 2914 254 2966 S
265 2913 519 2982 Augustr'mrsffle
533 2908 619 2963 dodtr.
633 2909 732 2962 Christ.
745 2908 760 2960 l.
775 2908 829 2974 ΙΙΙ,
838 2923 861 2960 c.
876 2906 917 2972 ΙΙ)
931 2905 1030 2959 asserit
1043 2907 1129 2958 verba

46 2994 170 3053 Domini.
191 3001 278 3053 ‘Nisi
293 2996 569 3052 manducaveritis
571 2995 708 3064 figurata
721 3011 793 3048 esse
835 2992 891 3045 Sed
905 2991 971 3044 alibi
985 2991 1129 3046 diserteet

3 3099 4 3140 ξ
44 3085 159 3151 explicite
181 3088 264 3142 docet
288 3085 431 3140 Christum
457 3085 567 3137 realiter
590 3100 652 3136 esse
678 3082 705 3133 in
733 3077 912 3132 Eucharistiit
937 3090 1128 3148 praesentem:

3 3155 4 3216 Ι
45 3166 56 3190 ‘'
65 3169 183 3226 Christus
196 3191 263 3242 ergo
277 3183 378 3243 praesto
391 3182 434 3225 est
453 3172 481 3224 in
501 3169 607 3233 mensal,
623 3167 752 3221 Christus
764 3168 822 3234 rpsc
836 3165 872 3218 ibi
886 3165 1031 3233 occiditur,
1047 3166 1125 3218 Clrri·

45 3263 94 3307 stus
111 3258 275 3325 immolatur,
297 3258 424 3311 Christus
450 3257 488 3309 ibi
514 3257 541 3308 in
567 3272 617 3307 suo
635 3257 748 3321 corpore
773 3261 800 3305 et
825 3252 963 3321 sunguine
988 3252 1127 3305 sumitur”

46 3342 125 3400 iserm.
145 3361 200 3416 143,
217 3363 245 3398 n.
262 3343 298 3414 3).
341 3343 459 3397 Proinde
473 3344 558 3396 verba
573 3343 693 3394 obscura
712 3339 788 3408 prius
808 3339 918 3408 prolata
930 3337 1062 3407 explicari
1082 3338 1128 3390 de·

46 3427 114 3483 bent-
109 3435 205 3504 quod
220 3434 279 3487 lien
293 3443 384 3501 potest
399 3448 432 3494 si
448 3448 512 3485 cum
526 3430 626 3483 eodem
640 3424 971 3496 hugustinolDedottr.
989 3425 1091 3478 Christ
1108 3427 1125 3478 l.

3 3507 5 3576 Ι
49 3514 92 3582 ΙΙΙ,
102 3537 122 3574 c.
135 3523 185 3588 η),
200 3521 301 3591 duplex
314 3520 464 3587 sensuslig
446 3529 560 3572 auratus
573 3517 770 3584 distinguatur,
787 3531 858 3568 unus
873 3529 948 3566 mere
961 3512 1127 3580 metaphori-

3 3587 4 3682 ᾗ
46 3618 91 3667 cus,
102 3609 167 3662 alter
179 3612 297 3679 typr'cus,
313 3609 367 3678 qui,
384 3619 485 3676 praeter
505 3607 533 3659 id
552 3605 627 3675 quod
647 3604 732 3658 verba
744 3602 910 3671 exprimunt,
927 3599 1032 3668 aliquid
1052 3599 1147 3663 aliud¹

3 3709 5 3744 Ι
47 3687 177 3760 designem
197 3711 253 3763 quo
267 3710 350 3748 sensu
364 3691 546 3746 manducatio
559 3707 683 3759 corporis
699 3688 823 3743 Christi
817 3705 845 3739 m
860 3684 1046 3752 Eucharistrt
1063 3685 1126 3738 licet

47 3779 123 3846 realis,
141 3781 233 3852 typica
253 3781 307 3834 dici
328 3791 419 3848 potest
439 3777 590 3848 spiritualis
609 3774 844 3839 manducationis,
863 3776 919 3840 quir
938 3772 997 3839 ejus
1016 3771 1080 3825 vitae
1100 3785 1126 3825 et

47 3866 152 3926 passioni
167 3867 415 3922 communicamus.
453 3866 506 3933 (ΕΙ.
518 3866 638 3930 Hurrer,
653 3881 678 3916 n.
694 3865 766 3930 392.)

74 3949 179 4020 ¹''Quod
208 3957 267 4025 jam
294 3955 529 4008 animadverterat
558 3951 706 4006 Gerbcrlus
730 3949 874 4001 lirinensis
898 3943 1061 4015 (Sylvcster
1086 3949 1124 4010 ll,

48 4031 59 4095 Ι
78 4041 145 4107 1003)
162 4061 167 4096 :
198 4041 393 4110 “Simpliciter
411 4041 555 4107 fateamur,
579 4039 646 4108 quia
664 4038 753 4105 figura
772 4044 814 4088 est
834 4031 1039 4102 (eucharistia),
1058 4033 1125 4086 dum

48 4125 114 4187 Panis
131 4140 157 4184 et
175 4130 271 4182 vinum
291 4140 368 4184 extra
387 4129 519 4182 videtur:
549 4125 651 4180 veritas
673 4135 782 4189 autern,
801 4113 868 4176 dum
888 4138 989 4190 corpus
1012 4131 1039 4173 et
1063 4136 1125 4172 san-

46 4211 98 4274 guis
110 4216 208 4271 Christi
228 4217 256 4270 in
270 4217 385 4270 veritate
398 4216 514 4269 interius
528 4213 649 4267 creditur
659 4213 672 4238 ³¹
690 4212 737 4279 (de
752 4212 834 4278 Corp.
851 4221 879 4264 et
894 4210 979 4276 Sang.
999 4206 1123 4268 Domini,

48 4299 111 4366 ΙΙ).
