2770 4646
223 164 279 212 DE
299 161 689 215 SACRAMENTORUM
710 156 974 209 EFFECTIBUS.
1085 153 1145 202 187

46 345 138 416 dens,
150 344 305 424 apposito
320 342 502 416 obstaculo,
513 342 665 404 consistit
677 363 684 416 ;
707 340 764 402 sed
781 339 894 400 statim
908 356 946 398 ac
959 342 1146 397 removetur

46 449 144 522 obex,
163 449 279 510 iterum
296 447 450 507 deorsum
467 445 594 520 tendit;
617 464 703 523 ergo

85 553 136 616 62.
187 562 222 612 20
240 549 335 622 Ordo,
360 548 584 630 Confirmatio,
599 546 854 609 Matrimonium
876 555 907 605 ct
928 543 1002 606 Exi.
1033 541 1146 605 Untiio

46 652 234 714 reviviscere
248 661 388 731 possunt
407 651 515 731 quoad
529 651 685 732 gratiam.
734 649 784 710 lta
804 645 1008 730 probabilius
1031 654 1145 706 contra

46 754 202 836 Vasquez
217 775 407 835 paucosque
422 755 511 816 alios

86 857 147 940 (A)
160 857 379 922 Confirmatio
392 868 424 920 et
438 857 531 922 Ordo
543 855 765 920 characterem
779 856 981 938 imprimunt,
994 863 1026 916 et
1039 853 1144 914 homi-

47 980 119 1022 nem
145 962 353 1024 constituunt
375 961 514 1023 instato
537 981 641 1042 aquo
660 957 811 1022 recedere
833 959 955 1038 nequit,
970 967 1003 1018 et
1025 957 1056 1017 in
1079 968 1145 1036 quo

46 1064 179 1142 speciali
204 1065 333 1144 indiget
356 1065 461 1144 gratiis
485 1064 526 1126 ad
554 1063 775 1144 obligationes
799 1082 875 1124 suas
898 1059 1146 1141 adimplendas;

47 1166 146 1248 atqui,
162 1168 190 1228 si
207 1167 278 1228 haec
294 1176 501 1229 sacramenta
517 1187 581 1230 non
599 1167 804 1240 reviviscant,
818 1165 920 1226 homo
935 1183 1066 1243 semper
1081 1164 1145 1242 pri-

47 1270 176 1333 vabitur
200 1271 257 1332 ille
279 1271 412 1350 speciali
437 1271 543 1351 gratia
566 1270 625 1332 sibi
649 1268 818 1331 moraliter
840 1267 1032 1342 necessaria,
1048 1285 1145 1346 quum

47 1371 184 1450 praelata
199 1383 407 1435 sacramenta
423 1373 531 1435 iterari
549 1393 614 1435 non
632 1372 781 1452 possint:
805 1371 895 1452 quod
911 1369 1046 1451 quidem
1063 1367 1145 1430 divi·

48 1492 95 1534 nae
110 1475 254 1536 bonitati
272 1495 455 1556 repugnare
471 1477 621 1551 videtur;
647 1495 733 1557 ergo.

87 1577 147 1657 (B)
165 1577 260 1641 Idem
284 1577 349 1640 iere
368 1577 431 1639 dici
456 1587 567 1658 potest
587 1578 629 1638 de
654 1577 879 1652 MatrimoniO,
901 1576 990 1657 quod
1014 1596 1058 1636 ex
1080 1578 1145 1636 unit

47 1691 137 1756 parte
152 1680 324 1742 hominem
341 1681 513 1742 constituit
529 1680 560 1742 in
578 1689 668 1742 statu
684 1681 717 1741 in
734 1700 801 1761 quo
817 1679 912 1741 valde
928 1678 1056 1758 indiget
1071 1697 1144 1759 spe·

48 1783 115 1843 ciali
131 1784 249 1864 gratia,
265 1793 299 1845 et
320 1804 364 1844 ex
386 1784 489 1846 altera
507 1784 616 1846 iterari
639 1784 762 1864 nequit,
777 1783 908 1845 vivente
929 1781 1090 1864 conjuge;
1112 1790 1145 1844 et

48 1884 85 1944 de
103 1885 198 1946 Extr.
213 1883 391 1961 Unctione,
404 1906 478 1966 quae
490 1888 614 1968 gratias
630 1887 756 1950 confert
768 1887 864 1948 valde
881 1886 977 1949 utiles
993 1906 1052 1968 pro
1068 1884 1144 1947 arti-

49 1986 118 2048 culo
141 1989 268 2062 mortis,
291 2008 350 2050 nec
374 1988 507 2050 aliunde
530 1989 562 2050 in
587 1991 704 2051 eodem
729 1989 844 2051 mortis
867 1988 1011 2070 periculo
1034 1987 1144 2052 iterari

49 2101 174 2167 potest;
197 2111 284 2172 ergo.

86 2191 133 2272 63
184 2206 219 2272 30
233 2193 303 2255 Pro
318 2193 433 2257 Penii.
449 2204 480 2255 et
495 2195 714 2258 Eucharr'stirt.
760 2187 819 2278 (Α)
835 2187 955 2277 Quoad
980 2193 1143 2257 Poeniten-

49 2293 133 2370 tiam,
155 2314 260 2375 quum
288 2305 354 2358 tres
377 2293 471 2358 attus
494 2298 687 2378 poenitentis
713 2299 788 2373 sint,
809 2298 908 2377 juxta
931 2317 1142 2359 communem

50 2399 253 2472 sententiam,
270 2400 408 2460 materia
424 2401 578 2479 proxima
592 2401 799 2476 sacramenti,
814 2401 871 2462 vix
888 2400 1016 2482 concipi
1033 2410 1144 2482 potest

50 2503 213 2576 quomodo
236 2501 300 2566 hoc
325 2512 568 2564 sacramentum
583 2487 739 2566 'validum
767 2491 838 2565 esse
861 2503 966 2584 possit
989 2512 1021 2565 et
1045 2502 1142 2565 simul

50 2602 283 2669 infructuosum
299 2631 306 2684 ;
328 2607 423 2669 adest
439 2616 550 2669 tamen
567 2629 671 2685 casuS,
682 2610 713 2671 in
730 2629 797 2690 quo
804 2607 1018 2688 probabiliter
1028 2607 1143 2668 revivi-

51 2726 131 2770 scere
155 2718 287 2790 potest,
310 2709 336 2770 si
353 2710 435 2790 quiS,
450 2731 479 2774 v.
495 2729 534 2790 g,
550 2711 616 2772 duo
640 2723 776 2792 peccata
798 2710 949 2773 mortalia
969 2709 1142 2771 commise-

51 2809 94 2884 rit,
109 2833 211 2874 unum
229 2813 316 2888 furti,
332 2813 470 2875 alterum
489 2812 712 2895 blasphemiae,
729 2825 762 2876 et
777 2812 994 2894 blasphemiae
1010 2831 1141 2894 prorsus

52 2911 227 2990 immemor,
243 2915 351 2978 solum
369 2917 491 2978 lurtum
509 2928 650 2992 accuset,
666 2930 700 2980 et
721 2918 762 2980 de
784 2937 823 2979 eo
844 2917 956 2978 doleat
971 2935 1014 2976 ex
1031 2935 1142 2995 super-

51 3021 183 3082 naturali
200 3019 287 3081 illius
304 3020 429 3100 peccati
446 3021 659 3100 turpitudine,
675 3030 918 3082 sacramentum
936 3019 967 3081 in
984 3018 1051 3116 boe
1063 3039 1140 3082 casu

52 3135 117 3180 rere
142 3119 323 3196 conficitur,
352 3142 413 3183 nec
440 3131 551 3184 tamen
579 3143 674 3185 suum
700 3123 851 3204 producit
876 3121 1040 3196 eflectum,
1063 3123 1141 3204 quia

52 3224 136 3286 adest
151 3227 251 3297 obex,
261 3224 328 3286 scil.
341 3236 512 3305 peccatum
527 3225 741 3307 blasphemiae
758 3226 799 3287 de
816 3246 882 3308 quo
894 3227 1060 3306 poenitens
1073 3245 1139 3286 non

53 3326 151 3403 dolet;
174 3329 201 3390 si
218 3337 330 3390 autem
348 3338 463 3409 postea
480 3341 687 3392 removeatur
703 3331 800 3405 obex,
818 3332 924 3410 gratia
941 3328 1139 3391 sacramenti

53 3429 244 3504 probabilius
261 3431 431 3493 reviviscit.
837 3491 838 3494 ,

90 3533 144 3612 (B)
156 3532 365 3595 Eucharistia
381 3543 501 3605 autem,
511 3535 610 3614 juxta
622 3555 832 3598 communem
850 3534 1058 3607 sententiam,
1072 3552 1137 3593 non

54 3634 213 3710 reviviscit,
236 3635 354 3697 saltem
378 3637 513 3717 quando
539 3637 627 3698 obex
652 3638 712 3700 suit
734 3637 947 3711 voluntarius,
971 3635 1031 3696 nisi
1056 3635 1139 3696 forte

55 3747 249 3800 removeatur
278 3739 366 3799 obex
395 3749 574 3820 antequam
602 3761 703 3802 sacrae
730 3741 856 3821 species
883 3751 1138 3802 consumantur:

55 3853 119 3899 nam
141 3841 190 3922 (a)
214 3841 305 3903 nulla
328 3837 422 3903 adest
446 3843 598 3923 specialis
621 3845 809 3920 necessitas
831 3865 905 3908 curn
928 3844 1008 3907 illud
1032 3864 1138 3907 sacra·

55 3953 188 4005 mentum
200 3945 318 4006 iterum
332 3946 448 4027 suscipi
460 3949 579 4028 possit;
596 3946 646 4029 (b)
657 3949 790 4029 insuper
800 3949 990 4009 indecorum
1002 3948 1139 4009 omnino

55 4031 177 4138 videtur,
203 4057 240 4109 ut
270 4049 327 4127 qui
357 4049 514 4130 sacrilege
544 4053 813 4112 communionem
845 4051 998 4132 suscepit,
1022 4060 1138 4132 postea

58 4140 184 4228 frustum,
196 4151 441 4212 communionis
457 4153 602 4233 recipiat,
613 4163 647 4214 et
663 4154 797 4233 quidem
815 4175 855 4215 eo
871 4154 1053 4216 uberiorem
1071 4173 1138 4233 quo

58 4250 161 4327 sepius
176 4252 348 4334 sacrilegia
363 4255 571 4318 commiserit.
896 4236 898 4242 ¹
