2794 4662
230 155 298 207 6⁴6
601 153 657 202 DE
676 149 972 202 Mnrnmomo.

230 331 314 398 teria
329 331 430 397 debet
446 351 518 395 esse
534 332 647 415 aliquo
664 333 765 396 modo
781 332 955 408 sensibilis,
966 329 1311 414 independenteralor·

231 442 303 512 ma;
320 437 413 519 atqui
426 457 609 500 consensus
621 457 710 500 mere
723 437 871 501 internus
882 437 974 500 nullo
985 438 1094 500 modo
1107 436 1313 498 sensibilisest

277 537 344 626 (B)
365 540 432 604 Alii
449 551 637 618 tenuerunt,
653 561 728 605 cum
752 541 903 622 Vosquez,
914 559 1056 622 corpora
1073 539 1316 602 contrahentium

231 665 288 708 seu
306 645 491 708 dominium
515 646 546 707 in
570 665 610 708 ea
629 665 702 709 esse
726 645 910 720 materiam,
927 643 1070 708 sormam
1097 652 1217 706 autem
1240 643 1319 704 serbis

231 767 429 812 consensum
453 747 718 830 significantibus
741 748 907 812 constitui.
953 746 1188 810 Admittimus
1212 747 1322 827 quiden

232 853 417 916 dominium
442 853 474 915 in
500 872 640 934 corpora
663 873 735 916 esse
756 853 927 915 materiam
952 859 1121 926 remotam,
1139 850 1324 931 circaquan

202 998 210 1050 ,Ι
232 963 382 1016 versatur
392 961 648 1028 sacramentum,
660 955 719 1016 sed
733 971 895 1034 negamus
905 954 986 1018 illud
997 973 1071 1016 esse
1082 953 1264 1016 materiam
1271 965 1327 1034 pro

210 1057 374 1130 'ximam,·
400 1075 477 1118 nam
495 1056 561 1119 tale
581 1056 766 1120 dominium
787 1057 982 1122 nullomodo
1003 1057 1151 1138 gratiam
1168 1054 1330 1138 significat

229 1159 379 1240 jamvero
401 1159 539 1222 materia
564 1160 719 1241 proxima
740 1162 938 1225 sacramenti
960 1161 1181 1243 aliquomodo
1203 1161 1332 1242 gratiam

232 1263 275 1325 ab
291 1283 331 1326 eo
347 1261 542 1346 produdtam
560 1261 746 1344 significare
762 1265 870 1329 debet.

278 1364 341 1453 (C)
366 1367 562 1432 Communis
587 1369 687 1452 igitur
712 1371 880 1434 sententia
904 1379 955 1432 est
979 1370 1157 1432 materiam
1188 1379 1336 1432 remotam

232 1492 303 1534 esse
324 1471 377 1552 jus
402 1472 433 1534 in
458 1492 597 1554 corpora
621 1471 653 1535 in
677 1472 794 1536 ordine
823 1474 866 1536 ad
890 1470 985 1536 adius
1008 1470 1220 1553 conjugales,
1245 1483 1337 1535 mate·

234 1577 314 1638 riam
329 1576 514 1656 proximam
538 1595 611 1638 esse
633 1595 843 1651 consensum,
859 1585 1024 1657 quatenus
1041 1575 1255 1656 reciprocam
1280 1595 1339 1636 cor·

234 1699 351 1761 porum
368 1680 583 1742 traditionem
601 1680 770 1762 exprimit,
787 1679 927 1742 sormam
951 1689 1063 1743 autem
1087 1697 1164 1740 esse
1186 1681 1341 1742 eumdem

233 1803 443 1858 consensum,
459 1793 624 1864 quatenus
645 1796 796 1848 mutuam
820 1803 933 1846 eorum
956 1783 1231 1864 acceptationem
1250 1785 1344 1865 signi·
1380 1769 1382 1844 l

234 1886 318 1950 licat.
369 1889 418 1970 (a)
447 1887 546 1970 Quod
580 1888 742 1970 imprimis
772 1888 953 1951 declaravit
984 1885 1179 1950 Benedilius
1204 1887 1345 1950 XJV1=

234 1995 249 2022 “
265 1991 450 2072 Legitimos
467 1989 657 2056 contrat'tus
681 1991 819 2054 materia
837 1989 969 2053 insimul
986 2010 1024 2051 ac
1041 1989 1148 2052 forma
1166 2001 1222 2053 est
1241 2011 1346 2053 sacra·
1385 1985 1387 2062 l

236 2097 339 2158 menti
368 2095 595 2171 Matrimonii;
629 2105 744 2158 mutua
772 2114 893 2176 nempe
921 2114 959 2157 ac
984 2093 1135 2175 legitima
1161 2113 1347 2175 corporum

235 2199 371 2261 traditio
388 2198 495 2261 verbis
512 2219 550 2260 ac
567 2198 702 2260 nutibus
719 2199 907 2260 interiorem
925 2215 1096 2259 assensum
1120 2197 1349 2278 exprimenti·
1390 2201 1392 2278 l,

235 2303 306 2377 bus,
323 2303 470 2376 materia,
486 2312 519 2364 et
537 2311 652 2364 mutua
672 2302 795 2383 pariter
818 2320 857 2363 ac
881 2301 1030 2381 legitima
1053 2319 1236 2380 corporum
1256 2321 1349 2364 acce·
1392 2287 1393 2320 ¹

235 2407 343 2486 ptatio
371 2405 511 2467 sorma’'.
557 2405 608 2486 (b)
634 2406 777 2467 Ratione
801 2403 1036 2467 confirmatur:
1061 2402 1142 2466 illud
1168 2404 1267 2466 enim
1295 2424 1351 2486 per

238 2509 374 2570 modum
398 2509 544 2569 materias
568 2527 602 2568 se
627 2507 727 2571 habet
751 2510 839 2589 quod
864 2518 915 2570 est
937 2505 1201 2583 determinabile,
1226 2518 1267 2571 et
1294 2529 1352 2590 per

236 2613 370 2674 modum
389 2610 503 2672 lormae
519 2611 608 2693 quod
626 2621 676 2674 est
692 2613 918 2675 determinans
935 2633 942 2690 ;
965 2611 1056 2693 atqui
1070 2631 1252 2693 corporum
1274 2633 1350 2674 mu·

235 2725 292 2777 tua
309 2714 444 2776 traditio
460 2723 510 2777 est
527 2715 606 2794 quid
622 2715 865 2776 detorrm'nabr'lc
881 2723 1020 2788 tantum,
1037 2733 1138 2795 quum
1163 2714 1208 2776 sit
1230 2715 1351 2778 solum

235 2817 403 2880 inchoatio
419 2813 617 2890 contraditis,
633 2826 667 2878 ct
684 2819 715 2878 in
734 2837 896 2898 suspenso
913 2826 1055 2891 maneat,
1071 2817 1179 2878 donec
1201 2819 1351 2880 accedat

234 2921 420 3003 acceptatio
431 2943 437 2998 ;
451 2941 625 3003 corporum
638 2931 749 2984 autem
761 2922 946 3003 acceptatio
957 2931 1007 2983 est
1017 2919 1096 3001 quid
1109 2921 1353 2994 determinans,

235 3046 336 3106 quum
355 3023 561 3089 contractum
579 3025 746 3106 compleat
759 3046 902 3106 eumque
915 3025 1081 3088 efficacem
1096 3024 1231 3100 reddat;
1251 3047 1353 3110 erg0.

273 3133 417 3205 Oin'cilur
428 3133 550 3204 quidem
567 3133 751 3190 contradium
771 3131 1018 3190 matrimonialem
1032 3149 1092 3190 non
1106 3149 1171 3190 esse
1183 3135 1352 3192 materiam

234 3233 263 3280 et
278 3223 402 3279 sormam
416 3221 503 3292 hujus
517 3222 703 3286 sacramenti,
718 3221 788 3292 quia
806 3221 928 3291 gratiam
947 3218 1069 3278 minime
1082 3219 1238 3291 significat.
1285 3223 1353 3280 Sed

236 3307 403 3378 immerito;
429 3325 495 3364 nam
517 3306 687 3378 hujusmodi
709 3308 878 3366 contrattus
898 3308 1045 3380 significat
1065 3307 1208 3366 unionem
1228 3307 1353 3368 Christi

235 3414 299 3453 cum
314 3394 456 3462 Ecclesia,
470 3411 537 3464 quae
550 3405 593 3450 est
609 3393 697 3451 veluti
718 3395 783 3452 lons
802 3414 836 3452 ac
855 3415 944 3454 causa
957 3396 1057 3468 gratiae
1070 3395 1140 3453 huic
1152 3409 1353 3456 sacramento

235 3482 368 3556 propriae,
382 3480 568 3553 proindeque
588 3480 680 3551 ipsam
702 3481 824 3552 gratiam
845 3483 954 3555 quibus
973 3485 1116 3554 conjuges
1136 3483 1191 3554 ipsi
1211 3485 1353 3542 sanetifi-

234 3580 353 3635 cantur;
373 3567 425 3625 sed
441 3569 561 3638 insuper
574 3585 737 3624 consensus
757 3569 805 3626 ille
825 3569 937 3628 diredle
950 3569 1038 3627 etiam
1053 3579 1243 3641 repraesentat
1256 3572 1352 3644 spiri-

235 3655 342 3714 tualem
359 3655 437 3712 illam
452 3654 618 3710 animorum
640 3655 782 3712 unionem
802 3675 869 3729 quae
888 3667 931 3714 est
951 3674 1009 3714 una
1029 3676 1045 3714 e
1064 3657 1221 3730 praecipuis
1240 3661 1353 3729 gratiis

234 3742 303 3800 huic
316 3752 501 3800 sacramento
515 3741 645 3798 annexis.

695 3840 880 3906 Corollaria.

276 3966 324 4029 28.
373 3961 426 4022 Ex
445 3961 548 4023 tribus
565 3961 714 4025 thesibus
730 3983 829 4045 supra
845 3963 1095 4045 expositis,jam
1109 3965 1178 4027 erui
1196 3979 1351 4046 possunt

234 4065 388 4144 quaedam
406 4063 587 4126 corollaria.

272 4265 278 4288 ¹
295 4267 406 4320 Decret.
422 4265 477 4333 Ep.
492 4265 527 4318 acl
542 4267 671 4336 Archiep.
690 4271 828 4336 Gonnum,
849 4284 879 4335 19
893 4281 972 4324 mart.
992 4271 1065 4339 1758.
