2776 4644
246 147 292 198 62
695 151 834 207 CAPUT
851 153 876 205 1.

288 339 340 408 71·
386 333 444 414 (A)
465 332 581 416 Scrr'pt.
605 335 655 416 (a)
681 335 737 398 Ex
762 336 918 400 omnibus
945 335 1104 410 textibus,
1126 335 1243 416 quibus
1262 334 1322 414 jam

246 453 346 514 supra
361 435 406 516 (n.
426 441 477 516 51)
495 440 726 502 necessitatem
743 440 859 521 gratiae
880 441 923 502 ad
946 459 1047 521 opera
1068 437 1321 519 justificationem

246 539 469 618 praecedentia
484 543 699 622 probavimus
717 567 724 606 :
751 563 794 604 ex
812 543 862 606 his
878 543 966 604 enim
983 542 1149 623 colligitur
1169 541 1321 602 hominem

246 659 307 702 nec
323 643 478 724 cogitare,
494 665 555 708 nec
571 645 663 720 velle,
680 667 741 708 nec
762 646 927 727 perficere,
944 667 1004 708 nec
1021 656 1132 726 petere
1157 665 1250 726 posse
1272 643 1322 703 ali-

245 743 429 824 quid,sicut
444 757 585 828 oportet,
596 749 628 810 in
644 749 760 811 ordine
771 749 812 812 ad
826 748 967 811 salutern
985 749 1046 810 nisi
1063 748 1171 829 gratia
1182 748 1242 809 Dei
1253 767 1321 826 pra:-

245 847 398 910 veniatur
412 859 445 911 et
458 850 607 930 juvetur;
630 873 674 916 ex
690 871 758 932 quo
774 853 881 932 logice
901 853 1050 932 sequitur
1064 872 1140 914 eurn
1159 870 1223 912 non
1240 867 1322 931 posse

245 951 387 1030 primam
404 956 519 1018 mereri
539 957 689 1036 gratiam.
737 954 791 1041 (b)
809 958 950 1036 Insuper
972 963 1061 1018 totus
1086 965 1136 1015 est
1153 951 1322 1034 Apostolus

245 1053 278 1114 in
304 1053 362 1134 Ep.
389 1056 437 1118 ad
456 1057 622 1122 Romanos
644 1061 676 1121 in
701 1059 964 1123 demonstranda
984 1058 1099 1138 gratiae
1123 1056 1322 1137 gratuitate:

244 1156 364 1236 probat
382 1159 536 1224 videlicet
552 1183 659 1244 neque
674 1163 820 1243 Judaeos‚
836 1162 944 1242 legem
962 1160 1141 1222 mosaicam
1166 1156 1321 1223 servando

245 1279 352 1340 neque
368 1259 528 1338 Gentiles
545 1275 671 1328 naturae
689 1266 795 1347 legem
820 1264 1001 1346 sequendo,
1016 1261 1158 1344 primam
1184 1259 1321 1342 gratiam,

243 1381 300 1423 seu
316 1366 525 1428 vocationem
542 1369 585 1430 ad
602 1367 711 1442 fidem,
728 1370 895 1443 meruisse,
910 1376 944 1429 et
961 1367 1084 1428 exinde
1100 1365 1227 1446 colligit
1239 1361 1320 1442 justi-

243 1462 431 1529 ficationem
448 1489 521 1531 esse
537 1491 668 1552 prorsus
690 1473 870 1553 gratuitam
890 1495 896 1532 :
930 1489 1037 1550 pauca
1052 1467 1195 1531 sufficiat
1217 1465 1321 1528 referre

243 1569 452 1633 testimonia:
476 1573 592 1654 “Quia
607 1595 647 1636 ex
658 1575 803 1654 operatus
817 1575 898 1654 legis
912 1567 1320 1653 rronsirstificabiluromnis

238 1661 319 1732 ¹caro
338 1692 448 1736 coram
471 1675 561 1738 illo...
574 1677 874 1758 Jiestificatr'gratis
895 1697 954 1757 per
968 1676 1111 1758 gratiam
1129 1675 1262 1754 ipsius...
1279 1689 1319 1729 ar·
1368 1759 1369 1762 Ἴ

243 1772 404 1836 bitramur
419 1777 507 1840 enim
521 1779 694 1858 justificari
718 1781 888 1842 hominem
899 1790 962 1860 per
974 1778 1078 1859 fidem
1099 1777 1169 1839 sinc
1191 1773 1320 1856 operibus

241 1874 402 1954 legu‘s”¹,·
435 1881 497 1944 “Si
515 1883 604 1944 enirn
627 1882 799 1946 Abraham
816 1904 860 1944 ex
876 1882 1032 1963 operibus
1045 1879 1246 1960 justificatus
1270 1887 1320 1944 est,
1368 1943 1369 1948 η

242 1977 342 2042 habet
358 1980 509 2062 gloriam,
521 1986 579 2046 sed
597 2005 663 2047 non
681 1987 770 2067 apud
789 1985 900 2048 Deum
912 1985 963 2058 ''²;
989 1983 1125 2046 tandem
1142 1983 1262 2044 diserte
1276 1997 1318 2039 as-

241 2083 319 2143 serit
334 2086 476 2163 gratiam
494 2109 566 2150 esse
582 2091 783 2169 gratuitam:
816 2087 882 2153 “Si
907 2097 1019 2150 autern
1044 2085 1159 2166 gratia,
1172 2083 1240 2164 jani
1263 2099 1318 2143 non

240 2202 285 2244 ex
297 2189 472 2266 operibus:
499 2191 645 2270 alioquin
662 2193 771 2269 gratia
784 2191 853 2271 jarn
871 2210 938 2251 non
955 2199 1005 2250 est
1020 2188 1127 2268 gratia
1139 2187 1174 2241 ”³
1190 2187 1243 2248 i.e.
1258 2203 1319 2265 gra·

241 2285 333 2350 tulta.
378 2289 535 2369 Jarnrero
551 2294 621 2354 haec
637 2295 751 2355 omnia
767 2293 854 2355 ctare
869 2293 1026 2354 evincunt
1049 2290 1190 2371 primam
1213 2288 1317 2349 saltern

241 2390 382 2466 gratiam
399 2413 470 2454 csse
487 2416 618 2475 prorsus
630 2399 832 2478 gratuitam:
859 2397 886 2457 si
898 2397 986 2458 enim
998 2414 1071 2456 eam
1089 2393 1204 2454 mereri
1220 2409 1319 2472 possc-

242 2510 324 2561 rnus,
332 2493 402 2573 jam
420 2517 484 2558 non
503 2509 538 2560 ut
554 2503 669 2580 gratia,
679 2502 736 2562 sed
754 2511 789 2562 ut
805 2499 954 2562 debitum
973 2497 1067 2559 nobis
1082 2495 1224 2569 daretur,
1232 2494 1319 2574 juxta

241 2593 321 2656 illud
340 2597 371 2660 S.
391 2599 480 2662 Pauli
499 2627 506 2664 :
532 2611 549 2634 ‘⁸
562 2605 602 2666 Ei
618 2617 731 2668 autem
748 2606 804 2685 qui
820 2613 986 2686 operatur.
1003 2619 1128 2662 merces
1144 2618 1210 2660 non
1228 2599 1319 2676 impu·

241 2701 331 2756 tatur
345 2701 526 2764 secundum
543 2705 695 2782 gratiam.
712 2708 769 2768 secl
787 2708 969 2769 secundum
986 2702 1136 2765 debitum
1144 2701 1159 2724 ''
1169 2713 1191 2762 ⁴.

284 2792 342 2872 (13⁸
387 2797 512 2862 Tradit.
546 2805 594 2880 gal
630 2805 782 2886 Pelagius
818 2805 1009 2884 compulsus
1046 2810 1096 2862 est
1129 2801 1162 2861 in
1202 2797 1319 2878 synodo
1369 2771 1370 2798 1

240 2896 464 2978 Driursl.·'.‘.nnr
491 2907 658 2968 declarare
684 2918 701 2938 ‘⁸
713 2911 855 2990 gratiam
875 2909 938 2970 Dei
964 2926 1029 2966 non
1053 2904 1125 2966 dari
1148 2903 1316 2964 secundum

241 3003 357 3062 merita
375 3019 486 3067 nostra
497 3007 534 3076 '';
573 3009 651 3072 item
670 3011 771 3076 Cone.
788 3013 1032 3074 .lrnrrsri·nnnm
1048 3007 1090 3069 II
1102 3005 1250 3068 definivit
1271 3023 1319 3085 per

240 3117 367 3166 natura¹
387 3110 533 3188 rigorem
554 3113 597 3172 nil
622 3113 699 3176 tani
724 3119 765 3178 nd
788 3117 929 3178 salutern
951 3123 1109 3175 aeternam
1136 3108 1317 3190 pertinentis

239 3209 377 3286 cogitari
395 3213 444 3272 rel
462 3214 533 3273 clici
552 3235 648 3293 posse
664 3218 790 3298 absque
807 3217 1049 3279 illuminatione
1064 3222 1098 3275 et
1114 3213 1318 3294 inspiratione

240 3309 382 3390 Spiritus
399 3312 513 3376 Sarrc'ti
534 3317 700 3398 xl‘‹·r.¹.·r'ug2
725 3317 810 3402 130).
860 3321 906 3398 xbl
925 3319 959 3380 S.
978 3315 1184 3396 Augustinus
1198 3334 1239 3376 ex
1257 3317 1318 3395 ipso

239 3417 355 3492 gratiae
381 3419 515 3478 nomine
541 3419 637 3480 infert
661 3441 734 3480 enm
756 3423 902 3500 gratuito
918 3419 1014 3480 clari:
1047 3415 1190 3496 “Ipsum
1214 3417 1317 3496 gratia:

240 3536 360 3577 nemer.
374 3533 405 3579 et
423 3521 493 3598 ejus
511 3523 652 3581 nominis
669 3519 855 3584 intellectus
871 3521 1025 3586 aufertur.
1037 3519 1064 3579 si
1081 3538 1146 3579 non
1160 3519 1259 3597 gratis
1269 3519 1316 3580 da·

239 3632 300 3684 tar.
317 3625 371 3680 ser!
390 3645 463 3684 earn
480 3627 534 3704 qui
552 3627 672 3706 dignus
689 3639 737 3686 est
755 3627 875 3706 accipit
887 3627 902 3642 “
921 3622 980 3706 (tle
997 3622 1108 3684 Gestis
1125 3621 1230 3702 pelag.
1242 3621 1316 3696 na).

281 3737 329 3801 32
397 3730 424 3794 C
457 3728 638 3789 Kauarirsl.
687 3728 777 3788 luter
800 3725 1141 3806 nircrnctprarmium
1159 3724 1316 3805 proportio

238 3847 310 3885 csse
327 3828 433 3892 sier.
446 3847 481 3890 u:
492 3831 545 3908 jus
562 3831 723 3891 habentur
735 3831 776 3890 nel
795 3831 996 3896 mercedem:
1020 3827 1111 3906 atqui
1128 3827 1213 3888 inter
1227 3845 1315 3907 opera

239 3931 400 3990 raturalia
424 3944 456 3992 et
474 3934 613 4011 prunam
631 3935 771 4012 gratiani
790 3933 879 3992 nulia
896 3945 944 3992 cst
962 3943 1018 3992 aut
1040 3950 1112 3990 csse
1128 3939 1238 4009 potest
1253 3949 1314 4012 pro·

272 4137 315 4186 ²1
339 4157 360 4186 ·.·
386 4140 440 4190 :12
456 4155 496 4192 τε.
513 4155 555 4197 21.
573 4141 612 4192 εδ.
627 4171 658 4178 -
674 4140 726 4194 ·.Ξ’.
790 4143 837 4196 ll'.
852 4157 875 4196 2.
893 4173 924 4180 —
938 4141 947 4172 ⁵
960 4143 1034 4194 .'t'.·.·.
1051 4142 1102 4194 xl.
1115 4143 1140 4194 6.
