2770 4652
247 144 313 192 472
365 157 368 170 =
426 128 432 148 ¹
619 144 674 193 ne
693 143 982 196 ammineum.

247 325 302 392 tiae,
315 323 417 396 agnito
436 332 569 394 peccato,
585 332 614 380 et
633 322 724 380 fidem
742 332 920 397 conceptam
933 341 969 383 ex
984 325 1156 397 Evangelio,
1169 329 1213 385 vel
1225 329 1331 387 absolu·

247 415 336 481 tione,
352 410 411 482 qua
423 409 517 467 credit
529 409 596 481 quis
608 409 663 468 sibi
678 428 730 482 per
743 410 894 470 Christum
909 413 1029 471 remissa
1043 424 1184 486 peccata;
1203 418 1236 473 Α.
1251 416 1277 474 S.

282 519 306 573 5.
346 498 376 556 Si
390 496 456 570 quis
469 495 582 564 dixerit,
595 512 661 554 earu
680 498 900 566 contritionem,
914 516 981 570 quae
995 508 1113 572 paratur
1125 519 1178 573 per
1189 503 1331 562 discussio

248 605 325 657 nem,
338 583 544 644 colletlionem
558 591 587 640 et
599 583 825 642 detestationem
838 597 1038 658 peccatorum,
1052 588 1112 660 qud
1126 589 1191 660 quis
1203 592 1332 662 recogitat

247 691 341 732 annos
360 689 429 730 suos
449 671 478 728 in
500 671 696 730 amaritudine
719 672 827 730 animae
849 690 918 740 suae,
938 675 1134 746 ponderando
1156 689 1331 748 peccatorum

247 778 367 819 suorum
386 758 566 830 gravitatem,
586 758 816 830 multitudinem,
834 760 1007 831 foeditatem,
1020 763 1211 822 amissionem
1227 777 1331 825 aetemae

248 846 447 916 beatitudinis,
463 856 492 904 et
508 856 624 904 aeternae
641 847 841 906 damnationis
859 849 1018 922 incursum,
1034 868 1104 909 cum
1121 854 1269 926 proposito
1280 873 1331 912 rue-

247 936 326 994 lioris
345 935 420 1000 vitae,
436 950 496 991 non
515 951 580 992 esse
598 952 699 991 verum
718 944 747 992 et
767 936 871 993 utilem
889 936 1033 1006 dolorem,
1053 957 1109 997 nec
1127 957 1283 1012 praeparare
1298 941 1331 998 ad

246 1025 378 1097 gratiam,
389 1021 441 1080 sed
455 1021 550 1080 lacere
563 1021 716 1080 hominem
728 1023 912 1095 hypocritam
926 1034 955 1082 et
968 1027 1063 1097 magis
1077 1039 1275 1100 peccatorem,
1289 1031 1332 1088 de·

248 1129 330 1170 mum
345 1110 423 1166 illam
437 1126 502 1166 esse
514 1108 647 1167 dolorem
662 1110 809 1182 coactum,
825 1122 854 1169 et
868 1130 928 1168 non
942 1113 1067 1171 liberum
1085 1133 1121 1173 ac
1135 1117 1332 1182 voluntarium;

249 1201 284 1257 A.
301 1198 329 1256 S.

281 1297 306 1348 6.
351 1292 379 1349 Si
400 1290 467 1364 quis
486 1290 643 1362 negaverit,
667 1291 885 1350 consessionem
904 1297 1149 1355 sacramentalem
1168 1299 1213 1358 vel
1235 1301 1332 1359 iustitu-

153 1383 155 1390 ’
248 1389 316 1450 tam,
330 1379 375 1437 vel
388 1378 426 1435 ad
440 1377 564 1435 salutem
585 1379 781 1436 necessariam
798 1397 863 1437 esse
881 1381 945 1451 jure
961 1383 1070 1456 divino,
1086 1397 1137 1443 aut
1157 1387 1267 1454 dixerit,
1281 1407 1332 1446 mo

247 1467 320 1525 dum
334 1475 445 1524 secrete
458 1463 619 1522 confitendi
640 1465 693 1522 soli
713 1465 874 1538 Sacerdoti,
890 1485 980 1539 quem
995 1471 1129 1531 Ecclesia
1143 1473 1333 1533 Catholicaab

249 1554 332 1612 initio
345 1569 462 1624 semper
475 1550 641 1609 observavit
654 1561 683 1608 et
696 1552 842 1624 observat,
853 1554 983 1612 alienum
996 1572 1061 1612 esse
1074 1556 1113 1613 ab
1126 1557 1301 1616 institutione
1309 1571 1333 1616 et

249 1640 390 1698 mandato
403 1637 522 1702 Christi,
538 1647 567 1695 et
581 1638 731 1696 inventum
745 1656 808 1697 esse
822 1639 985 1698 humanum
997 1661 1004 1711 ;
1024 1641 1058 1697 A.
1073 1641 1101 1699 S.

285 1755 309 1810 7.
349 1737 379 1795 Si
400 1737 467 1808 quis
486 1737 600 1802 dixerit,
622 1737 651 1794 iu
671 1749 857 1796 sacramento
877 1739 1063 1797 Poenitentiae
1085 1740 1123 1798 ad
1147 1742 1334 1800 remissionem

250 1837 440 1900 peccatorum
461 1825 659 1884 necessarium
680 1843 740 1882 non
759 1843 824 1882 esse
842 1827 906 1897 jure
925 1826 1034 1896 divino,
1054 1827 1188 1886 confiteri
1204 1829 1297 1887 omnia
1311 1840 1336 1886 et

189 1983 191 1987 ¹
250 1915 366 1987 singula
380 1922 501 1986 peccata
515 1912 658 1982 mortalia,
674 1930 801 1984 quorum
822 1914 964 1971 memoria
977 1932 1045 1972 cum
1060 1915 1163 1974 debita
1175 1925 1204 1972 et
1217 1915 1334 1988 diligenti

251 2002 504 2077 praemeditatione
524 2001 676 2068 habeatur,
695 2001 785 2057 etiam
804 1999 933 2068 occulta,
948 2010 977 2058 et
997 2019 1064 2074 quae
1082 2013 1152 2060 sunt
1170 2013 1268 2060 contra
1284 2003 1336 2060 duo

250 2091 353 2150 ultima
369 2088 511 2159 Decalogi
525 2096 682 2160 praecepta,
698 2097 727 2144 et
745 2087 987 2159 circumstantias,
1004 2107 1071 2160 quae
1090 2091 1204 2160 peccati
1220 2091 1335 2163 speciem

251 2187 366 2236 mutant
377 2196 385 2248 ;
404 2176 456 2234 sed
471 2193 537 2232 eam
550 2173 779 2233 Confessionem
790 2183 905 2232 tantum
916 2193 979 2233 esse
990 2175 1090 2233 utilem
1104 2176 1142 2234 ad
1155 2177 1336 2235 erudiendum

252 2276 280 2323 et
294 2262 511 2322 consolandum
531 2262 734 2334 poenitentem,
749 2271 778 2318 et
797 2260 867 2319 olim
887 2262 1070 2321 observatam
1086 2264 1174 2322 luisse
1187 2274 1293 2322 tanturn
1305 2263 1336 2321 ad

252 2349 482 2409 satisfactionem
514 2347 689 2405 canonicam
722 2347 956 2420 imponendam,
986 2361 1038 2407 aut
1068 2349 1182 2421 dixerit,
1206 2369 1262 2420 eos,
1294 2349 1335 2420 qui

252 2439 353 2498 omnia
372 2446 494 2510 peccata
511 2434 644 2493 confiteri
664 2434 795 2500 student,
811 2435 884 2492 nihil
903 2436 1069 2508 relinquere
1087 2437 1161 2496 velle
1180 2437 1281 2496 divinae
1293 2436 1336 2492 mi·

253 2525 419 2584 sericordiae
440 2524 654 2595 ignoscendum
667 2545 674 2590 ;
693 2531 743 2580 aut
762 2522 894 2593 demum,
911 2540 971 2581 non
985 2523 1072 2582 licere
1085 2523 1217 2582 confiteri
1231 2533 1334 2596 perena

253 2613 399 2683 venialia,
418 2613 452 2668 A.
468 2612 495 2670 S.

288 2702 313 2756 8.
354 2698 383 2756 Si
402 2698 469 2771 quis
488 2697 599 2764 dixerit,
622 2701 840 2760 consessionem
860 2697 995 2756 omnium
1015 2709 1212 2771 peccatorum,
1233 2697 1334 2771 qualem

255 2786 390 2844 Ecclesia
402 2795 506 2855 servat,
522 2803 586 2844 esse
600 2787 824 2860 impossibilem,
838 2795 867 2843 et
880 2784 1069 2843 traditionem
1083 2785 1242 2843 humanam
1259 2803 1275 2842 a
1290 2783 1334 2855 piis

254 2875 453 2941 abolendam;
474 2885 525 2931 aut
544 2875 583 2932 ad
602 2892 667 2931 eam
688 2893 748 2932 non
769 2874 860 2932 teneri
880 2891 984 2930 omnes
1003 2882 1033 2931 et
1051 2872 1184 2943 singulos
1202 2873 1333 2942 utriusque

255 2979 340 3020 sexus
354 2960 462 3021 Christi
476 2960 587 3031 fideles
603 2962 684 3032 Juxta
698 2961 795 3032 magni
810 2959 938 3018 Concilii
954 2959 1159 3018 lateranensis
1172 2959 1334 3018 constitutio·

255 3067 334 3113 nem,
349 3047 440 3106 semel
455 3049 483 3106 in
497 3065 586 3117 anno,
599 3058 627 3106 et
647 3048 687 3106 ob
707 3047 737 3106 id
752 3046 940 3105 suadendum
959 3065 1024 3106 esse
1041 3046 1151 3106 Christi
1166 3047 1300 3115 fidelibus,
1310 3053 1334 3102 ut

256 3153 315 3193 uon
328 3128 527 3192 confiteantur
539 3145 674 3206 tempore
688 3134 951 3206 Quadragesimte3
971 3134 1005 3188 Α.
1021 3135 1049 3191 S.

289 3249 314 3300 9.
354 3228 385 3286 Si
402 3227 470 3299 quis
489 3227 603 3296 dixerit,
619 3227 837 3285 absolutionem
857 3227 1100 3285 sacramentalem
1115 3227 1276 3288 Sacerdotis
1287 3244 1333 3284 nou

255 3335 319 3374 esse
340 3314 441 3373 actum
462 3313 644 3385 judicialem,
664 3314 716 3372 sed
737 3315 851 3372 nudum
874 3315 1069 3372 ministerium
1093 3315 1295 3388 pronuntiandi
1313 3323 1335 3369 et

256 3401 426 3462 declarandi
441 3402 562 3459 remissa
574 3419 639 3459 esse
652 3412 774 3474 peccata
793 3403 953 3472 confitenti,
971 3403 1063 3461 modo
1082 3413 1198 3462 tautum
1211 3405 1302 3464 credat
1312 3419 1335 3458 se

256 3508 319 3548 esse
338 3489 527 3548 absolutum:
555 3497 605 3546 aut
625 3487 769 3546 Sacerdos
790 3508 849 3548 non
869 3490 954 3554 serio,
976 3489 1029 3548 sed
1045 3492 1116 3561 ioco
1134 3492 1282 3560 absolvat;
1297 3500 1335 3547 aut

256 3577 368 3646 dixerit,
394 3593 453 3633 non
479 3575 586 3646 requiri
613 3576 831 3634 consessionem
859 3576 1039 3647 poenitentis,
1065 3587 1096 3634 ut
1121 3579 1263 3638 Sacerdos
1282 3595 1335 3636 eum

256 3665 409 3722 absolvere
423 3664 533 3736 possit;
554 3665 588 3719 A.
605 3663 634 3720 S.
909 3676 912 3682 ·

295 3772 333 3809 ro.
374 3752 403 3809 Si
424 3750 490 3822 quis
508 3751 623 3812 dixerit.
640 3751 823 3821 Sacerdotes
840 3751 890 3823 qui
905 3750 934 3808 in
949 3762 1073 3822 peccato
1086 3754 1201 3811 mortali
1215 3765 1285 3820 sunt,
1297 3769 1334 3824 po·

257 3849 392 3896 testatem
407 3839 518 3907 ligandi
532 3848 561 3895 et
575 3839 709 3897 solvendi
723 3858 783 3898 nou
797 3839 926 3910 habere;
944 3847 994 3896 aut
1015 3857 1075 3898 nou
1091 3840 1170 3898 solos
1184 3840 1333 3898 Sacerdotes

257 3943 321 3983 esse
341 3927 489 3983 ministros
507 3925 712 3994 absolutionis,
730 3927 781 3984 sed
801 3925 940 3983 omuibus
962 3935 991 3984 et
1013 3927 1134 3998 singulis
1155 3928 1262 3986 Christi
1281 3925 1333 3982 fide

258 4011 335 4067 libus
358 4029 421 4068 esse
444 4013 577 4070 dictum:
604 4013 830 4085 “Quaecunque
849 4012 1006 4084 ligaveritis
1024 4029 1113 4084 super
1132 4022 1249 4082 terram,
1267 4017 1332 4067 emat

260 4097 347 4165 ligata
360 4107 388 4152 et
403 4097 431 4152 in
445 4098 538 4166 coelo:
551 4110 579 4154 et
590 4118 777 4172 ‹quaecunque
788 4101 930 4158 solveritis
941 4111 1154 4172 superterram,
1166 4095 1333 4157 eruntsoluta

260 4193 290 4239 et
309 4183 338 4238 in
358 4183 477 4253 coelo'¹;
496 4195 545 4240 et:
567 4187 733 4258 “Quorum
752 4187 919 4245 remiseritis
939 4197 1069 4258 peccata,
1090 4183 1274 4242 remittuntur
1288 4181 1333 4242 cist

265 4276 292 4322 et
311 4284 436 4336 quorum
457 4269 639 4340 retinueritis,
658 4283 770 4331 retenta
788 4274 898 4330 sunt’':
925 4290 1051 4344 quorum
1074 4269 1229 4330 verborum
1251 4269 1334 4324 virtute
