2780 4646
242 155 298 208 irs
692 155 833 220 cnrur
850 155 892 203 11.

237 335 333 403 ritate,
346 351 415 405 quae
434 334 463 390 in
483 333 625 392 cordibus
644 352 748 392 eorum
768 353 821 406 per
838 335 982 408 Spiritum
999 333 1027 390 S.
1043 333 1234 400 diffundatur,
1246 341 1323 400 atque

238 419 295 476 illis
308 419 448 478 inbaereat
459 421 482 476 ’'.

238 507 277 576 (c)
290 506 360 563 Rat.
375 507 455 563 theol.
471 507 551 564 Illud
565 508 646 579 quod
659 508 768 566 residet
790 509 819 565 in
839 510 968 567 essentia
980 508 1089 565 animae
1108 517 1137 564 et
1156 516 1201 564 est
1219 505 1325 562 habitus

237 593 416 664 entitativus,
434 612 495 652 non
509 605 608 667 potest
627 613 693 654 esse
706 595 787 654 idem
800 614 835 652 ac
851 596 932 666 illud,
949 596 1033 668 quod
1046 594 1156 652 residet
1175 595 1205 650 iu
1224 594 1278 649 una
1294 607 1326 647 ex

237 679 428 738 facultatibus
440 691 470 738 et
489 691 533 740 est
547 680 666 740 habitus
678 683 866 754 operativus3
885 683 967 754 atqui
981 682 1087 740 caritas
1100 681 1209 738 residet
1222 688 1326 736 tantum

237 768 267 824 in
281 767 442 837 voluntate,
458 769 531 825 dum
545 767 639 840 gratia
652 769 842 828 sanctificans
856 769 965 828 residet
978 769 1009 826 in
1022 769 1150 827 essentia
1162 769 1274 834 animae,
1284 765 1326 822 cui

237 851 370 917 inhaeret,
385 863 414 910 et
428 869 517 923 quam
533 853 668 924 pervadit
681 863 711 911 et
724 853 859 921 deificam
887 854 963 912 sicut
981 854 1060 912 enim
1075 852 1243 912 intelledtus
1254 851 1327 910 deifi-

237 947 321 994 catur
335 954 387 1008 per
400 937 536 996 virtutem
552 938 632 1004 fidei,
648 949 678 996 et
687 939 825 1002 voluntas
838 957 892 1011 per
904 941 1067 1010 caritatem,
1080 939 1121 997 ita
1132 939 1239 1011 pariter
1250 937 1327 995 decet

238 1031 269 1080 ut
282 1022 347 1095 ipsa
360 1023 488 1081 essentia
501 1023 609 1081 animae
627 1024 759 1082 divinem
780 1025 1008 1084 similitudinem
1028 1025 1187 1098 participet
1206 1043 1256 1096 per
1272 1041 1327 1093 gra-

237 1109 307 1166 tiam
321 1109 512 1170 habitualem.
555 1111 686 1170 Aliunde
699 1113 792 1180 gratia
805 1124 850 1170 est
863 1113 983 1171 habitus
1003 1113 1182 1181 entitativus‚
1195 1130 1245 1169 seu
1259 1110 1327 1182 prin·

236 1195 347 1268 cipium
358 1197 476 1255 essendi
491 1197 760 1268 supernaturaliter,
777 1197 850 1256 dum
861 1199 967 1256 caritas
980 1209 1025 1256 est
1038 1198 1158 1256 habitus
1170 1198 1327 1270 operativus

235 1281 275 1338 ad
288 1281 437 1340 actionem
452 1283 596 1352 tendens3
609 1300 688 1354 ergo,
704 1283 769 1341 Nec
782 1283 860 1342 valet
873 1284 947 1342 ratio
959 1302 978 1340 a
991 1284 1126 1342 Scotistis
1137 1285 1234 1342 allata.
1246 1283 1327 1348 Nam,

236 1383 327 1438 quum
351 1368 443 1438 gratia
468 1378 497 1424 et
521 1368 628 1425 caritas
658 1370 717 1426 sint
742 1369 979 1440 inseparabiliter
1004 1370 1103 1436 unitae,
1130 1370 1239 1428 mirum
1273 1386 1328 1424 non

236 1455 326 1513 estin
340 1454 368 1512 S.
386 1455 537 1526 Scriptura
550 1455 672 1512 eosdem
687 1456 747 1514 fere
761 1456 885 1516 effectus
898 1457 1016 1530 utrique
1030 1457 1120 1516 tribui
1136 1479 1143 1515 ε
1164 1458 1222 1516 hoc
1232 1456 1329 1529 probat

236 1541 387 1599 caritatem
402 1541 490 1600 simul
504 1541 679 1612 cumgratia
692 1543 825 1610 existere,
841 1561 901 1601 non
915 1554 1016 1603 autem
1028 1562 1094 1603 esse
1106 1545 1180 1616 quid
1194 1561 1282 1602 unum
1298 1553 1329 1600 et

237 1625 317 1685 idem
331 1645 399 1684 cum
414 1627 458 1684 ea.

273 1716 328 1780 1⁶3·
368 1729 398 1788 30
414 1714 524 1774 Gratia
537 1715 697 1772 habitualis
709 1716 752 1772 ita
766 1717 1003 1789 nrartalipeccato
1014 1719 1172 1790 opponitur
1184 1725 1218 1776 ul
1226 1737 1282 1776 cam
1302 1733 1332 1773 ca

237 1800 268 1857 ia
281 1799 372 1856 eodem
385 1801 508 1872 subjecto
520 1802 668 1858 subsistere
681 1805 825 1873 aqueae.

275 1886 346 1944 Hoc
369 1887 491 1957 quidem
513 1897 628 1944 certum
647 1897 691 1946 est
710 1897 739 1945 et
758 1887 797 1946 ab
820 1888 961 1946 omnibus
984 1889 1138 1948 catholicis
1159 1891 1327 1954 admittitur,

238 1991 329 2048 quum
343 1974 499 2032 manifeste
512 1986 652 2046 sequatur
662 1992 698 2032 ex
711 1974 786 2033 thesi
800 1976 936 2048 superius
949 1979 990 2047 (n.
1005 1981 1054 2034 128
1066 1979 1126 2049 sq.)
1139 1977 1331 2036 demonstrati

237 2062 276 2119 de
289 2062 393 2120 natura
402 2061 629 2132 justificationis.
670 2061 729 2120 Sed
740 2064 968 2121 controvertitur
982 2066 1058 2123 inter
1071 2065 1228 2138 theologos
1240 2077 1331 2123 utrum

237 2147 301 2206 haec
321 2147 604 2220 incompossibilitas
624 2148 700 2204 inter
719 2149 843 2218 gratiam
863 2160 892 2207 et
911 2162 1069 2222 peecatum
1086 2152 1123 2210 sit
1135 2151 1272 2210 absoluta
1288 2151 1330 2208 vel

237 2252 306 2305 non,
318 2245 347 2293 et
359 2252 395 2292 ex
408 2252 470 2306 quo
483 2235 565 2292 sonte
578 2234 696 2291 oriatur.
736 2236 824 2308 Juxta
838 2235 983 2306 Scotistas,
992 2238 1056 2297 haec
1069 2239 1263 2310 repugnantia
1276 2255 1332 2295 non

237 2320 333 2380 existit
346 2338 381 2380 ex
395 2321 499 2378 natura
512 2322 563 2387 rei,
579 2320 632 2378 sed
646 2320 741 2377 solum
757 2338 792 2379 ex
806 2321 906 2379 favore
920 2323 976 2380 Dei
996 2324 1141 2395 gratuit03
1169 2329 1251 2398 Juxta
1264 2325 1332 2382 Saa-

238 2424 292 2475 rea,
306 2405 370 2462 haec
385 2424 445 2463 non
459 2424 494 2463 ex
509 2405 695 2464 institutione
708 2407 774 2476 Dei,
785 2408 839 2465 sed
849 2425 885 2465 ex
894 2408 1053 2468 intrinseca
1063 2411 1164 2482 gratiae
1177 2429 1213 2468 ac
1226 2410 1333 2483 peccati

238 2491 343 2549 natura
355 2490 427 2560 fluit,
437 2492 476 2548 ita
487 2503 519 2548 ut
530 2502 686 2563 peccatum
697 2493 822 2550 mortale
835 2505 864 2551 et
874 2495 967 2564 gratia
980 2497 1044 2554 sine
1058 2497 1202 2556 miraculo
1214 2498 1298 2555 simul
1306 2497 1333 2552 in

238 2578 346 2638 eodem
360 2577 499 2648 subjeeto
513 2578 635 2636 existere
650 2590 816 2650 nequeant;
849 2580 1003 2639 Thoaristae
1016 2583 1138 2643 tandem
1152 2585 1333 2643 contendunt

239 2661 318 2720 illam
338 2664 565 2734 repugnantiam
586 2675 645 2722 tam
671 2666 858 2723 essentialem
878 2685 943 2724 esse
963 2679 994 2726 ut
1013 2671 1107 2740 gratia
1129 2681 1159 2729 et
1184 2683 1333 2744 peccatum

239 2747 363 2806 mortale
374 2766 434 2806 non
449 2749 564 2822 possint
577 2751 665 2807 etiam
679 2750 821 2808 diuinitus
834 2752 863 2808 in
878 2753 983 2811 eidem
997 2755 1097 2812 anima
1109 2757 1198 2815 simul
1210 2757 1317 2816 sociari.

275 2835 374 2910 Quam
389 2836 523 2894 ultimam
538 2838 715 2894 sententiam
729 2849 761 2896 ut
776 2839 870 2896 multo
880 2839 1111 2910 probabiliorem
1122 2843 1332 2914 ampledtimur.

240 2923 380 2993 (r)'l'este
393 2923 473 2980 enim
486 2923 649 2994 Scriptura,
659 2925 753 2995 gratia
772 2936 801 2982 et
814 2937 971 2997 peccatum
986 2937 1182 2998 opponuntur
1194 2940 1226 2987 ut
1239 2931 1334 2988 tritaet

240 3029 322 3080 triers,
339 3012 393 3068 lux
409 3021 438 3069 et
458 3011 583 3082 tenebra,
590 3011 757 3084 jastr'tt'aet
771 3012 919 3084 iniquitas,
940 3015 1075 3072 Cirr'stus
1095 3025 1124 3074 et
1137 3017 1244 3088 Belial,
1260 3019 1335 3075 Deris

239 3106 269 3154 et
282 3094 359 3152 rilola
372 3119 383 3151 .·
414 3097 480 3152 “Et
499 3114 551 3153 vos
572 3115 640 3153 cum
656 3098 766 3154 mortui
780 3098 882 3156 essetis
904 3100 933 3157 in
955 3101 1072 3158 delictis
1134 3103 1338 3172 convivificavit

239 3201 307 3240 curn
327 3182 377 3240 illo
387 3183 437 3250 '’²;
468 3183 561 3240 “Nos
581 3184 692 3240 scimus
712 3185 856 3254 quoniam
871 3188 1002 3244 translati
1019 3206 1122 3248 sumus
1141 3191 1179 3248 de
1199 3201 1287 3248 atarto
1301 3189 1335 3248 ad

240 3267 394 3336 tu'tam”³;
428 3268 530 3340 “Quae
550 3279 593 3326 est
615 3269 694 3326 enim
715 3270 903 3342 participatio
918 3273 1046 3343 justitia
1072 3293 1142 3333 cum
1170 3277 1336 3348 iniquitate?

240 3357 301 3412 Aut
314 3373 381 3426 quae
395 3355 521 3413 societas
535 3356 593 3412 laci
606 3356 644 3412 ad
661 3356 807 3413 tenebras?
844 3358 921 3430 Quae
937 3371 1036 3417 autem
1054 3363 1216 3420 conventio
1232 3361 1338 3422 Christi

240 3443 278 3500 ad
298 3441 461 3499 Belial...?
505 3441 565 3514 Qui
584 3450 685 3500 autem
708 3461 873 3501 consensus
892 3448 1006 3518 templo
1027 3447 1083 3505 Dei
1103 3467 1172 3508 cunr
1192 3451 1279 3509 idolis
1290 3450 1337 3506 ”ti

242 3529 332 3586 Porro
345 3529 421 3588 inter
441 3529 504 3586 haec
524 3529 625 3586 omnia
644 3540 688 3586 est
708 3531 904 3601 repugnantia
921 3534 1087 3594 essentialis
1106 3554 1143 3596 ex
1162 3537 1226 3610 ipsa
1239 3535 1336 3596 natural

241 3615 290 3681 rei,
304 3615 344 3672 ita
358 3624 390 3672 ut
404 3633 459 3673 nec
473 3615 560 3671 etiam
573 3614 715 3672 divinitus
730 3617 880 3674 conciliari
896 3620 1022 3689 possint,
1038 3638 1131 3692 quum
1152 3641 1217 3682 sese
1237 3637 1336 3682 mutuo

240 3701 402 3758 destruant.
444 3701 523 3772 Ergo
542 3700 620 3757 idem
636 3701 798 3758 dicendum
813 3713 857 3760 est
870 3705 909 3762 de
923 3707 1016 3776 gratia
1029 3717 1058 3764 et
1073 3720 1197 3779 peccato
1216 3709 1333 3768 mortali.

241 3789 281 3855 (b)
291 3786 421 3844 Aliunde
435 3787 537 3844 formae
547 3805 614 3858 quae
629 3786 741 3844 habeut
753 3788 877 3846 effeetus
891 3791 1029 3850 formales
1042 3795 1239 3854 essentialiter
1252 3813 1336 3869 oppo

241 3873 321 3942 sitos,
340 3890 400 3929 non
414 3885 540 3944 possunt
560 3873 649 3930 etiam
669 3873 847 3932 miraculose
860 3875 948 3934 simul
969 3881 998 3935 in
1018 3880 1125 3938 eodem
1144 3882 1283 3954 subiecto
1298 3899 1336 3938 so·
1384 3925 1385 3932 κ

245 3995 554 4003 .-------..-,.

278 4050 327 4106 ¹8.
347 4053 373 4105 T
370 4053 442 4106 hora.
461 4067 482 4105 t.
502 4067 545 4118 22,
559 4071 585 4123 q.
603 4067 661 4119 113,
674 4071 699 4107 a.
716 4069 771 4118 1-2;
800 4057 917 4120 Saurea,
932 4056 1026 4124 l.Vll,
1040 4072 1102 4124 cap.
1120 4071 1166 4121 ²03
1192 4054 1335 4113 Marulla,

241 4155 267 4192 n·
283 4151 407 4210 973⁵t1·;
429 4139 510 4207 repe,
527 4141 694 4208 orer-31⁶·

274 4224 398 4278 “Calass.
418 4225 457 4286 ll,
478 4239 485 4276 t
491 4239 516 4293 3.
530 4255 560 4262 -
577 4225 618 4278 ³1
618 4227 685 4293 Jaa.
702 4226 758 4290 lll,
777 4243 817 4296 ¹4·
835 4255 868 4264 -
881 4227 937 4280 4ΙΙ
949 4229 1010 4282 Cor.
1028 4231 1080 4294 Vl,
1099 4230 1186 4300 14·16.
