2738 4646
187 193 242 244 nt:
260 195 480 246 ursmaro
492 195 770 250 ,PRAESENTIAE
787 195 953 246 REM-18.
1051 197 1120 248 ³25

43 371 96 431 stit
110 392 215 436 rerum
234 375 371 438 Domini
387 394 516 456 corpus,
528 395 594 437 non
612 385 722 438 autem
736 376 807 456 ejus
824 375 929 458 figura
945 375 1053 438 solum
1070 375 1119 437 in-

43 474 161 539 venitur.
183 477 405 542 Confirmatur
428 479 467 540 iis
490 499 565 562 quae
589 479 689 560 paulo
712 488 790 542 ante
813 478 998 560 Apostolus
1022 479 1117 540 dixe-

42 587 84 637 rat
94 589 121 639 ¹:
143 585 157 612 ‘¹
168 580 265 644 Catix
282 580 548 645 benedittionis..
563 601 673 644 nonne
687 582 932 644 communicatio
945 581 1121 662 sanguinis

42 677 147 744 Christi
170 690 240 746 est?
269 695 302 747 et
326 685 431 766 panis,
447 703 546 766 quem
571 684 762 765 frangimus,
782 704 891 748 nonne
908 684 1120 765 participatio

40 785 162 862 corpor-is
178 787 315 850 Domini
331 797 383 850 est
393 789 431 851 ”i
457 788 533 850 Non
551 807 728 869 possumus
743 789 831 850 enim
848 787 975 868 corpori
990 797 1024 850 et
1042 807 1119 848 san-

36 886 123 962 guini
133 888 251 954 Christi
270 891 302 952 in
316 890 527 954 Eucharistih
542 890 786 955 communicare
802 890 864 952 nisi
880 890 947 952 sint
963 889 1007 951 ibi
1025 889 1118 952 reati-

41 995 98 1060 ter;
120 993 196 1053 unio
208 1012 283 1054 cum
299 991 431 1056 Christo
448 1013 506 1074 per
518 993 623 1055 solam
640 992 740 1054 fidem
754 1003 906 1055 accurate
921 992 986 1055 dici
1004 993 1119 1074 nequit

41 1095 285 1158 communicatio
301 1096 373 1176 ejus
387 1097 526 1177 corporis
540 1107 574 1160 et
589 1095 771 1176 sanguines,
787 1097 844 1157 sed
861 1096 968 1159 solum
986 1096 1117 1180 partici-

41 1194 118 1270 patio
133 1196 164 1258 in
182 1197 253 1278 ejus
270 1199 394 1279 spiritu.
998 1193 1000 1200 ’

77 1298 120 1362 Ut
143 1301 286 1364 breviter
307 1302 420 1364 omnia
442 1301 774 1383 comprehendamus,
797 1303 828 1364 in
853 1302 958 1365 tribus
981 1301 1120 1365 diversis

41 1400 282 1468 circumstantiis
307 1407 389 1468 sacri
414 1406 589 1487 scriptores
614 1407 657 1468 de
679 1404 888 1468 Eucharistid
913 1403 1119 1483 loquuntur:

42 1503 82 1583 (a)
95 1509 228 1588 quando
244 1508 404 1583 Christus,
421 1509 521 1571 etiam
538 1519 616 1571 ante
633 1509 875 1571 institutionem
897 1506 995 1588 hujus
1011 1525 1118 1568 sacra·

42 1611 139 1684 menti,
155 1612 321 1691 promittit
337 1612 504 1694 propriam
521 1631 653 1674 carnem
671 1612 906 1693 propriumque
922 1610 1118 1690 sanguinem

41 1717 185 1793 tanquam
208 1715 320 1778 cibum
342 1725 379 1779 et
397 1723 513 1798 potum
535 1715 705 1798 discipulis
726 1735 762 1778 se
783 1717 948 1788 daturum,
964 1734 1003 1776 ea
1019 1713 1120 1776 verba

42 1814 162 1880 adhibet
174 1838 251 1899 quae
264 1819 377 1882 statim
391 1818 513 1882 reatem
527 1819 817 1882 manducationem
832 1818 934 1880 menti
949 1817 1121 1889 exhibent,

4 1941 5 1956 ¹
42 1937 91 1979 uec
112 1923 241 1985 nonnisi
265 1923 467 2005 approbatas
490 1921 745 1985 hermeneuticae
767 1919 896 2000 regulas
913 1919 1069 1981 violando
1087 1919 1118 1979 in

42 2023 257 2104 metaphoram
281 2025 469 2106 detorqueri
493 2033 655 2107 possunt;
683 2023 734 2105 (b)
758 2024 790 2084 in
816 2023 887 2103 ipsit
911 2022 1128 2106 institutione·

42 2131 99 2185 tam
114 2128 286 2208 perspicue
301 2138 335 2191 et
350 2128 520 2191 evidenter
531 2126 673 2190 affirmat
690 2127 722 2188 in
740 2125 803 2187 hoc
819 2132 1028 2186 sacramento
1043 2142 1122 2184 con-

42 2223 123 2287 tineri
145 2249 242 2292 suum
259 2248 378 2310 corpus
395 2239 428 2291 et
449 2231 655 2312 sanguinem,
671 2239 708 2292 ut
730 2229 800 2310 ipse
817 2227 1006 2290 Lutherus²
1030 2235 1120 2307 post-

41 2343 127 2405 quam
149 2333 228 2394 totis
244 2331 367 2395 viribus
389 2353 409 2394 a
430 2331 563 2396 litterali
581 2331 853 2414 interpretatione
869 2349 941 2392 sese
957 2329 1121 2390 extricare

4 2443 5 2448 ’
41 2443 164 2497 conatus
188 2435 300 2511 suerit,
323 2435 448 2498 nullam
476 2437 637 2499 evadendi
661 2436 746 2497 viam
769 2453 840 2495 esse
868 2432 974 2495 fassus
1001 2431 1121 2508 suerit;

42 2533 80 2613 (c)
94 2539 238 2615 tandem,
253 2540 462 2602 institutione
485 2540 581 2616 satta,
597 2540 733 2621 quando
750 2538 871 2600 Paulus
896 2537 1033 2599 modum
1052 2535 1120 2597 Eu-

4 2675 5 2678 =
41 2637 215 2706 charistiam
233 2645 413 2725 recipiendi
429 2643 566 2725 ejusque
582 2639 719 2704 effed'tus
735 2639 900 2714 describit,
918 2648 987 2701 tam
1012 2637 1121 2700 lucide

4 2793 5 2816 2
40 2740 75 2803 de
94 2759 214 2828 corpore
237 2757 271 2810 et
292 2747 452 2829 sanguim
468 2747 589 2811 Christi
613 2745 767 2826 loquitur,
784 2754 820 2806 ut
843 2742 913 2823 ejus
929 2743 1030 2805 verba
1054 2762 1120 2804 non

4 2849 5 2854 ’
41 2847 134 2912 solum
158 2853 296 2914 modum
319 2851 491 2926 excedere,
506 2850 564 2912 sed
590 2867 722 2930 prorsus
747 2846 828 2908 salsa
848 2865 920 2907 esse
936 2843 1122 2919 videantur,

42 2949 92 3012 nisi
108 2954 303 3017 admittatur
313 2953 481 3017 Christum
493 2973 578 3029 vere,
588 2951 718 3014 realiter
727 2958 760 3010 et
775 2945 1038 3010 substantialiter
1049 2965 1122 3006 esse

42 3053 93 3114 sub
104 3057 273 3136 speciebus
286 3057 496 3123 consecratis.
532 3055 568 3120 Si
581 3055 681 3136 igitur
690 3072 779 3115 error
791 3060 850 3126 est,
861 3050 905 3112 ab
917 3051 996 3132 ipsis
1009 3047 1120 3112 3υὸὶο-

42 3154 117 3218 ribus
129 3162 227 3223 sacris
244 3161 375 3242 decepti
392 3179 514 3234 sumus,
527 3158 624 3220 simul
640 3177 716 3219 cum
733 3159 805 3217 tota
821 3153 1021 3235 antiquitate
1036 3153 1121 3216 chri-

42 3259 142 3338 stiana,
156 3275 191 3326 ut
205 3265 276 3345 jam
293 3263 551 3328 demonstraturi
569 3281 691 3323 sumus.

68 3521 105 3572 1Ι
114 3523 173 3577 Cor.
190 3525 226 3589 X,
243 3524 283 3576 16.

68 3599 181 3664 ²Scribit
190 3611 267 3665 enim
277 3609 543 3680 aqueenlr'nerrses
552 3628 562 3661 .·
581 3609 596 3636 ‘⁴
604 3609 668 3661 Hoc
678 3605 788 3661 diffiteri
799 3621 851 3658 nec
861 3619 977 3674 possum
988 3618 1040 3656 nec
1049 3603 1122 3668 volo,

42 3695 104 3757 quod
116 3697 137 3750 si
152 3698 345 3752 Carlostadius
359 3707 407 3751 aut
420 3698 490 3751 alius
504 3696 644 3764 quispiam
657 3705 723 3748 ante
735 3690 956 3761 quinquennium
975 3688 1043 3741 mihi
1061 3705 1122 3756 per-

43 3781 144 3838 suadere
163 3784 310 3854 potuisset,
326 3785 355 3837 in
374 3794 551 3837 sacramento
570 3791 672 3850 praeter
690 3795 792 3848 panem
809 3789 836 3830 et
850 3777 945 3830 vinum
963 3791 1025 3829 esse
1043 3775 1121 3842 nihil,

43 3859 77 3918 ille
94 3886 193 3939 magno
212 3888 257 3924 me
276 3869 413 3924 beneficio
426 3869 479 3923 sibi
494 3867 656 3922 devinctum
675 3864 851 3919 reddidisset.
892 3862 1032 3916 Gravibus
1045 3861 1122 3916 enim

43 3955 102 4008 curis
114 3957 210 4012 anxius
223 3970 251 4012 et
266 3957 293 4010 in
306 3957 360 4010 hac
374 3955 550 4010 discutienda
563 3951 679 4007 materid
692 3951 810 4006 muttum
823 3950 978 4016 desudans,
991 3950 1122 4004 omnibus

43 4042 120 4096 nervis
133 4045 254 4098 extensis
268 4061 314 4097 me
327 4042 462 4097 extricare
476 4053 503 4095 et
516 4040 647 4110 expedire
660 4049 777 4092 conatus
790 4053 930 4100 sum,cum
943 4036 1003 4105 ipse
1016 4036 1121 4106 perspi-

43 4125 144 4196 ciebam,
157 4133 211 4185 hac
229 4149 259 4185 re
277 4130 392 4202 papatui
412 4129 547 4198 imprimis
561 4145 606 4182 me
620 4127 701 4181 valde
715 4124 925 4180 incommodare
939 4141 1029 4194 posse.
1067 4125 1122 4178 Ve-

42 4226 90 4268 rum
103 4235 153 4286 ego
165 4236 210 4272 me
223 4228 337 4287 captum
349 4217 439 4284 video,
453 4217 530 4268 nulla
543 4214 680 4270 evadendi
695 4213 740 4268 via
751 4210 848 4267 retitta
861 4221 903 4268 est
915 4229 921 4276 ;
941 4221 1032 4266 textus
1045 4210 1122 4262 enim

41 4307 162 4374 evangelii
176 4307 259 4360 nimis
273 4314 387 4373 apertus
399 4313 441 4358 est
455 4314 482 4357 et
497 4303 646 4371 patens...'’
