2758 4652
243 167 310 218 546
454 167 510 217 DE
529 168 821 220 POENITENTIAE
840 170 1139 220 SACRAMENTO.

242 341 298 399 rito
316 344 454 415 rejicitur,
472 363 566 416 quum
588 347 683 418 ipsam
703 345 937 406 reviviscentiam
959 366 1067 420 negare
1089 347 1246 406 videatur:
1274 345 1340 417 quid

242 429 322 487 enim
335 432 456 502 prodest
468 432 582 505 duplici
596 434 682 491 titulo
695 435 833 492 eamdem
845 433 947 506 gloriae
960 434 1158 506 quantitatem
1170 432 1323 504 accipere?

242 519 283 584 (b)
295 517 434 576 Secunda
446 519 550 591 opinio
562 521 652 578 docet
665 522 766 578 omnia
785 539 876 592 opera
895 520 1070 577 mortificata
1090 519 1202 578 restitui
1222 519 1342 590 quidem

241 603 339 660 statim
360 615 426 676 post
446 605 662 676 poenitentiam,
676 607 776 678 quoad
796 606 929 662 meritum
949 606 1015 662 nita
1031 613 1152 673 aterno,
1169 622 1228 662 non
1248 615 1344 662 autem

241 689 342 760 quoad
355 691 552 762 quantitatem
561 693 669 764 grania
681 692 940 749 habr‘tualisantea
954 690 1081 755 habitae;
1101 691 1237 748 videlicet
1253 691 1343 762 gratia

241 773 305 844 ipsa
315 774 473 834 habitualis
482 787 570 834 antea
580 779 688 834 amissa
702 795 763 834 non
776 777 945 835 restituetur
955 779 1009 834 nisi
1022 794 1090 850 post
1102 794 1238 846 mortem,
1251 777 1343 850 pn'mo

240 861 462 930 glorificationis
478 864 607 921 instanti.
648 863 738 920 Ratio
756 873 800 921 est
817 863 887 934 quia
902 865 995 935 gratia
1013 865 1043 922 in
1060 864 1272 936 justificatione
1286 881 1343 919 non

240 947 327 1006 datur
344 949 398 1006 nisi
418 951 583 1008 secundum
604 953 749 1022 cujusque
768 950 996 1021 dispositionem
1018 963 1047 1010 et
1066 951 1344 1022 cooperationem:

241 1051 301 1091 non
320 1044 420 1092 autem
440 1037 606 1095 secundum
626 1037 730 1094 merita
750 1036 830 1108 prius
848 1037 1001 1108 acquisita
1041 1039 1087 1094 Ita
1108 1037 1344 1094 salmanticenses

240 1118 270 1184 (l.
286 1137 311 1176 c.
328 1137 357 1178 n.
372 1123 409 1191 9).

240 1205 278 1273 (c)
291 1205 380 1278 Juxta
399 1208 514 1263 ternam
533 1207 718 1279 opinionem,
734 1225 824 1278 quam
843 1219 1033 1280 propugnant
1047 1207 1147 1266 Scarus
1159 1220 1189 1266 et
1201 1207 1349 1288 ledesma,

240 1291 344 1348 merita
357 1292 397 1350 ita
411 1293 587 1350 reviviscunt
600 1293 766 1351 secundum
781 1295 935 1366 praesentis
948 1293 1155 1366 dispositionis
1168 1294 1302 1365 gradum,
1316 1309 1343 1347 ur

240 1379 263 1433 si
276 1377 343 1449 quis
355 1379 456 1436 actum
469 1379 655 1438 contritionis
668 1381 766 1438 eliciat
785 1391 817 1438 ut
836 1380 979 1452 quinque,
994 1381 1228 1456 decemlgradus
1247 1381 1345 1451 gratiae

240 1465 370 1538 recipiat,
387 1465 522 1538 quinque
541 1467 654 1524 ratione
674 1465 906 1538 praecedentium
920 1467 1103 1535 meritorum,
1116 1477 1146 1525 et
1159 1467 1292 1538 quinque
1306 1485 1346 1521 ra-

239 1551 321 1608 tione
333 1552 456 1610 actualis
468 1553 681 1624 dispositionis.

241 1641 280 1707 (d)
295 1639 406 1695 Suarea
417 1651 518 1697 autem
531 1644 591 1712 (op.
608 1639 657 1696 cit.
673 1639 749 1711 disp.
761 1639 806 1708 ΙΙ)
820 1657 888 1697 curn
902 1639 1002 1697 multis
1016 1639 1177 1710 modemis,
1191 1649 1272 1697 tenet
1286 1657 1348 1695 orn-

241 1724 288 1780 nia
302 1725 405 1782 merita
417 1737 505 1784 antea
518 1738 690 1798 comparata
708 1727 805 1783 statim
827 1729 973 1799 peccatori
989 1727 1146 1799 poenitenti
1161 1725 1275 1784 restitui
1289 1727 1348 1782 sire

240 1812 341 1883 quoad
358 1813 405 1884 jus
424 1814 463 1871 ad
482 1813 616 1884 gloriam,
630 1813 691 1871 sive
710 1815 811 1885 quoad
829 1815 961 1885 gratiam.
1000 1814 1077 1871 Nam
1098 1813 1275 1884 hujusmodi
1289 1831 1348 1868 me-

240 1899 302 1968 rita,
318 1915 354 1956 ex
372 1897 469 1966 dictis,
486 1917 604 1972 semper
616 1900 645 1956 in
659 1900 866 1972 acceptatione
882 1901 938 1957 Dei
953 1911 1084 1964 manent,
1099 1911 1130 1958 et
1142 1917 1159 1956 a
1171 1917 1227 1957 suo
1240 1899 1349 1956 effecta

240 1983 358 2041 nonnisi
372 2001 425 2056 per
437 1995 594 2056 peccatum
610 1987 733 2044 mortale
747 1985 951 2058 impediuntur
959 2007 967 2058 ;
980 2003 1061 2057 ergo,
1073 1985 1198 2043 remisso
1212 1995 1347 2056 peccato.

240 2071 487 2144 impedimentum
501 2071 598 2130 statim
613 2072 731 2143 tollitur,
749 2082 778 2130 et
797 2072 872 2130 nihil
892 2072 1027 2144 prohibet
1040 2071 1114 2144 quin
1127 2071 1232 2130 merita
1248 2083 1350 2142 praete-

239 2159 293 2215 rita
306 2158 404 2215 statim
418 2176 539 2216 omnem
553 2176 639 2215 suum
654 2171 875 2231 consequantur
888 2160 1037 2218 ellectum.
1074 2159 1163 2216 Hanc
1173 2158 1350 2230 opinionem

240 2255 272 2300 ut
285 2243 488 2316 benigniorem
502 2243 629 2302 libenter
641 2245 857 2316 amplectimur,
870 2246 925 2304 sed
935 2244 1022 2301 simul
1033 2245 1160 2302 fatemur
1169 2243 1351 2301 solutionem

240 2331 329 2401 hujus
342 2331 515 2403 quaestionis
528 2349 546 2388 a
558 2331 622 2388 solit
636 2332 788 2390 voluntate
803 2331 859 2390 Dei
874 2330 1013 2403 pendere,
1025 2347 1093 2401 quae
1106 2347 1143 2388 ex
1156 2329 1311 2401 Scriptura
1325 2345 1350 2386 er

240 2417 414 2475 Traditione
428 2417 514 2475 nobis
527 2417 706 2475 sufficienter
719 2436 779 2475 non
793 2417 960 2476 innotescit.
977 2437 981 2446 ·

462 2535 614 2592 Scholion:
626 2535 675 2591 De
687 2535 849 2592 remissione
857 2535 966 2608 peccati
976 2533 1126 2591 ramulis&

275 2649 315 2713 98.
356 2643 524 2714 Hucusque
546 2643 584 2701 de
606 2645 719 2715 peccati
741 2641 870 2700 mortalis
889 2639 1063 2698 remissione
1081 2637 1195 2696 directe
1213 2637 1349 2709 egimus·

242 2746 338 2802 pauca
351 2739 450 2787 tamen
464 2729 503 2786 de
516 2729 674 2786 venialium
690 2729 862 2787 remissione
876 2726 1056 2797 subjungere
1069 2725 1200 2798 expedit.
1376 2797 1377 2800 Ἴ

277 2816 325 2884 (A)
340 2816 498 2872 Peccatum
513 2815 628 2873 veniale
641 2820 703 2874 sine
712 2816 815 2888 grotr'd
828 2813 942 2870 actuali
952 2809 1061 2870 remitti
1074 2812 1179 2882 nequit
1191 2830 1199 2880 3
1219 2829 1302 2874 nam,
1318 2829 1349 2867 en

241 2901 328 2961 dictis
348 2901 377 2958 in
394 2901 445 2959 Tr.
466 2902 500 2956 de
522 2901 642 2972 Gran'd,
662 2903 702 2959 nil
721 2901 945 2974 supernaturale
964 2899 1028 2956 sine
1046 2897 1139 2970 gratia
1157 2895 1271 2954 actuali
1291 2913 1349 2968 per·

241 3006 328 3059 agere
343 2989 485 3056 valemus;
498 2987 580 3059 atqui
594 2983 728 3042 remissio
742 2981 855 3054 peccati
869 2982 991 3039 venialis
1000 2993 1044 3040 est
1054 2981 1168 3054 aliquid
1177 2995 1349 3054 supernatu-

242 3075 309 3144 rale,
326 3092 419 3146 quurn
434 3073 517 3131 tollat
537 3071 785 3144 impedimentum
800 3087 861 3140 quo
875 3069 1089 3126 retardamura
1104 3069 1164 3126 fine
1177 3079 1349 3139 supernatu-

243 3161 302 3216 rali.
342 3159 423 3215 Hinc
438 3161 467 3215 in
481 3159 516 3217 C.
530 3157 713 3216 Arausicano
723 3155 768 3223 II,
779 3171 842 3211 can.
860 3173 890 3223 14
903 3155 1091 3227 (Denaingar,
1101 3174 1128 3212 n.
1140 3159 1212 3226 157),
1226 3155 1349 3226 legitur:

246 3247 382 3303 “Nullus
396 3247 484 3303 miser
497 3245 536 3303 de
549 3245 740 3316 qudcumque
757 3241 875 3298 miseria
892 3241 1041 3308 liberatur,
1059 3241 1113 3298 nisi
1128 3241 1180 3313 qui
1196 3241 1255 3298 Dei
1271 3241 1350 3297 mise·

242 3331 368 3390 ricordia
382 3331 560 3403 praevenitur
573 3331 596 3385 ''.

276 3433 315 3489 99,
356 3419 405 3488 (Β)
419 3418 578 3474 Peccatum
594 3415 708 3472 veniale
726 3415 908 3484 conjonctione
927 3414 1048 3471 mortali
1063 3415 1126 3472 sine
1141 3413 1254 3486 grana
1273 3412 1350 3470 naor·-

243 3505 333 3563 toalis
355 3505 503 3562 inlusione
523 3503 630 3560 remitti
653 3499 766 3572 nequit.
807 3499 884 3557 Nam
908 3500 1067 3568 cuiuslibet
1091 3500 1189 3572 culpae
1215 3499 1350 3558 remissio

244 3591 385 3664 supponit
405 3590 566 3646 amicitiani
588 3588 719 3646 divinam
731 3609 739 3654 ;
761 3598 804 3644 est
825 3589 904 3644 enim
927 3587 1008 3644 favor
1028 3587 1156 3658 gratuito
1178 3603 1350 3644 concessus.

279 3745 378 3813 ¹Quod
394 3745 561 3813 principium
575 3744 614 3797 ita
626 3742 740 3810 exponit
754 3741 784 3793 S.
800 3741 928 3806 Thomas,
942 3757 968 3809 q.
983 3743 1025 3807 89,
1039 3756 1063 3792 a.
1079 3755 1093 3791 2
1107 3757 1114 3794 :
1132 3737 1150 3766 ‘⁸
1163 3739 1281 3792 anuae
1294 3755 1347 3806 qua

245 3843 361 3900 possunt
375 3833 498 3901 recipere
512 3833 604 3900 margar
617 3841 645 3884 et
658 3829 762 3894 minus,
774 3826 956 3880 intenduntur
966 3838 994 3879 et
1004 3825 1183 3880 remittuntur
1196 3823 1351 3878 secundun

245 3917 386 3970 diversam
404 3915 619 3985 dispositionem
638 3913 791 3984 subjecti...
831 3915 868 3968 Et
881 3913 947 3967 inde
960 3923 1003 3968 est
1017 3913 1092 3983 quod
1107 3911 1268 3965 secundum
1283 3911 1351 3981 quoi

245 4013 338 4055 motus
357 4002 436 4055 liberi
454 4002 561 4054 arbitrii
581 4003 610 4054 in
630 4001 797 4070 poenitentia
816 4010 859 4053 est
876 3999 1010 4053 intensior
1029 3999 1073 4053 vel
1090 3997 1245 4063 remissior,
1260 4013 1352 4052 secur.-

246 4089 313 4140 dum
327 4089 380 4140 hoc
395 4088 536 4154 poenitens
550 4087 731 4156 consequitur
744 4087 881 4156 majorem
893 4089 937 4142 vel
952 4087 1089 4142 minorem
1102 4087 1225 4155 gratiam
1234 4083 1261 4140 ’'.

281 4171 291 4200 ²
312 4171 340 4228 S.
364 4173 493 4239 Thomas,
518 4189 532 4240 3
551 4189 576 4241 p.
597 4191 624 4242 q.
648 4176 701 4242 873
726 4175 844 4240 Saurea,
867 4173 938 4242 disp.
960 4171 1095 4237 xt-xu,
1120 4173 1153 4226 de
1172 4174 1374 4242 Augustini...

292 4258 313 4321 1,
326 4275 352 4312 a.
368 4271 393 4324 9.
