2758 4652
251 187 306 236 DE
326 187 617 240 POENITEN'I'IAE
636 188 936 241 SACRAMENTO.
1078 188 1143 238 537

59 369 195 448 corporis
210 379 245 432 et
261 369 350 432 bona
366 371 524 450 sortunae3
549 393 593 434 ex
606 373 702 434 bonis
714 373 849 454 quidem
864 371 1004 434 sortunae
1014 355 1144 433 subtra-

58 468 158 532 himus
174 471 299 552 aliquid
316 493 375 554 per
390 473 657 556 eleemosynam;
675 495 719 538 ex
729 475 826 538 bonis
836 475 981 558 corporis
994 494 1052 555 per
1060 473 1143 555 jeju·

57 572 158 650 nium;
181 593 223 636 ex
236 575 333 637 bonis
343 577 464 640 animae
477 598 536 660 per
547 579 816 660 orationemque
828 578 1003 640 facultates
1015 587 1144 640 nostras

57 672 124 736 Deo
153 677 388 741 submittimus.
442 679 494 761 (b)
519 681 682 744 Praeterea
716 691 782 744 tres
815 691 893 744 sunt
930 689 1142 762 peccatorum

55 778 183 854 radices,
199 801 241 843 sc.
256 782 528 870 concupiscentia
547 784 665 858 carnis,
680 784 949 866 concupiscentia
972 783 1142 845 oculorum

52 891 83 944 et
97 884 250 963 superbia
266 885 381 960 virae1;
403 886 495 966 atqui
512 895 629 948 contra
651 887 952 967 concupiscentiam
969 887 1076 946 carnis
1092 906 1142 946 or-

51 986 179 1048 dinatur
199 987 381 1068 jejunium;
417 1000 532 1052 contra
547 989 852 1070 concupiscentiam
868 989 1038 1051 oculorum
1055 989 1142 1050 ordi-

50 1098 143 1151 natur
157 1090 386 1172 eleemosyna;
408 1101 524 1154 contra
538 1085 727 1172 superbiam
744 1093 821 1154 vitae
836 1093 942 1154 oratio
952 1104 973 1154 ².

91 1191 154 1252 His
177 1201 289 1254 tamen
315 1195 431 1274 poenis,
452 1203 571 1275 sponte
594 1193 766 1274 susceptis,
788 1193 866 1256 addi
890 1193 1023 1268 debent,
1042 1191 1142 1272 juxta

53 1291 193 1358 Trident.
209 1291 297 1380 (can.
319 1297 379 1376 13),
392 1316 501 1378 poenae
518 1315 537 1356 a
556 1295 630 1357 Deo
646 1291 780 1358 inflicta:
796 1305 829 1358 et
847 1297 1012 1376 patienter
1024 1295 1140 1357 tolera-

47 1403 88 1457 tae
106 1421 112 1459 :
136 1417 227 1480 saepe
242 1401 329 1461 enim
348 1401 514 1462 Dominus
531 1399 690 1480 permittit
708 1420 767 1462 nos
783 1400 881 1461 variis
897 1398 1010 1460 vexari
1026 1398 1141 1459 adver-

45 1500 207 1576 sitatibus
223 1505 389 1579 aerumnis,
404 1503 506 1566 animi
523 1503 575 1566 veli
590 1503 737 1584 corporis
753 1500 932 1574 doloribus,
946 1500 1067 1581 quibus
1083 1521 1141 1581 pa-

44 1603 163 1667 tienter
179 1606 337 1682 toleratis,
353 1607 536 1688 praesertim
562 1607 593 1668 in
619 1605 741 1667 unione
757 1625 832 1667 cum
851 1603 971 1668 Christi
988 1605 1141 1684 passione

43 1725 81 1768 ac
98 1720 214 1784 morte,
236 1711 382 1792 amplam
407 1707 631 1773 satisfaciendi
655 1708 940 1789 opportunitatem
964 1706 1141 1782 habemus;

42 1812 130 1889 quod
148 1813 354 1892 poenitentiae
376 1833 482 1895 genus
499 1832 539 1873 co
554 1808 720 1872 efficacius
739 1820 789 1872 est
811 1829 878 1890 quo
895 1808 1010 1890 majori
1027 1808 1141 1871 alacri·

41 1921 109 1974 tate
125 1924 159 1977 et
175 1935 289 1978 amore
304 1915 384 1979 iliud
401 1912 644 1997 amplectimur.
1071 1899 1074 1906 ¹

70 2071 154 2148 Art.
176 2071 254 2150 III.
276 2073 339 2150 De
367 2074 576 2152 effectibus
603 2073 839 2151 sacramenti
863 2073 1122 2151 Poenitentiae.

80 2217 129 2286 82.
180 2221 433 2286 Sacramentum
466 2223 677 2285 Poenitentiae
709 2224 890 2304 producere
924 2222 1066 2299 gratiam
1103 2243 1141 2284 ex

36 2333 126 2402 opere
148 2336 276 2405 operato
298 2328 378 2389 satis
402 2336 533 2390 constat
557 2347 600 2388 ex
624 2326 675 2388 Tr.
692 2327 730 2388 de
748 2325 977 2388 sacramentis.
1024 2325 1138 2388 Gratia

36 2435 150 2488 autem
175 2426 252 2489 huic
274 2439 484 2492 sacramento
505 2430 645 2511 ,propria
676 2437 727 2490 est
758 2429 866 2509 gratia
899 2427 1141 2490 resurretimrris

36 2533 101 2608 qua
117 2529 334 2609 spiritualiter
346 2532 465 2594 mortui
477 2532 580 2610 vitam
593 2533 934 2613 gratiae,recuperant;
950 2532 1139 2607 sanationis,

35 2637 100 2712 qua
120 2652 237 2694 eorum
253 2633 399 2710 vulnera,
415 2635 495 2716 ipsis
519 2634 785 2718 cooperantibus,
801 2642 974 2710 curantur;
1006 2635 1138 2696 reconci-

34 2733 193 2809 liationis,
217 2741 290 2816 qua,
316 2742 468 2818 reparata
499 2737 617 2817 injuria
642 2738 717 2799 Deo
753 2737 906 2816 irrogata,
931 2736 963 2797 in
991 2735 1137 2798 divinam

34 2837 220 2899 amicitiam
247 2839 458 2919 recipiuntur.
518 2840 606 2902 Huic
634 2835 823 2902 annectitur
851 2837 905 2920 jus
939 2840 979 2901 ad
1008 2840 1140 2918 gratias

33 2939 180 3001 atiuales
203 2948 353 3020 tempore
376 2953 567 3022 opportuno
592 2943 809 3022 recipiendas,
833 2940 955 3021 quibus
976 2961 1036 3022 pro
1057 2957 1159 3022 prae-¹

33 3043 142 3104 teritis
160 3043 305 3122 peccatis
322 3044 487 3124 poenitens
504 3043 694 3106 satisfacere
711 3043 827 3118 valeat,
841 3041 1015 3124 suturaque
1032 3043 1063 3104 in
1081 3064 1139 3125 po-

32 3154 162 3206 sterum
180 3144 291 3206 vitare.

75 3246 213 3329 Quibus
229 3249 354 3329 positis,
371 3250 581 3312 Poenitentiae
605 3258 851 3312 sacramentum
869 3258 934 3311 tres
950 3249 1134 3330 praecipuos

31 3349 191 3430 producit
217 3345 353 3413 effectus
382 3375 388 3414 :
439 3365 469 3414 10
492 3354 712 3415 remissionem
745 3352 891 3414 omnium
925 3351 1134 3426 rnortalium,·

31 3467 66 3514 20
84 3451 308 3515 rcrm'ssioaem
317 3455 493 3533 partialem
503 3466 605 3534 parra
627 3466 768 3537 peccato
793 3453 932 3532 debitae;
968 3465 1002 3532 3⁰
1019 3453 1136 3515 revivi-

28 3555 190 3618 scentiam
206 3557 403 3632 maritormm
420 3559 461 3620 de
479 3557 598 3639 quibus
616 3558 752 3620 seorsim
768 3557 947 3636 dicendum
965 3565 1022 3619 est.

288 3735 320 3784 1⁰
335 3721 388 3785 De
409 3723 620 3787 remissione
643 3731 884 3802 peccatorum.

75 3852 128 3931 83
176 3851 337 3915 Errtrunt
360 3855 421 3915 hac
444 3857 536 3917 dere
562 3879 568 3918 :
598 3856 648 3938 (a)
665 3855 879 3918 Mantarrista
894 3855 982 3934 (saec.
1000 3853 1060 3933 11),
1077 3852 1134 3935 qui

29 3957 288 4036 distinguebant
305 3955 390 4020 inter
405 3968 542 4039 peccata
552 3959 760 4022 remissibilia
775 3970 808 4020 et
825 3951 1072 4031 irretractabilia,
1087 3956 1136 4019 di-

30 4070 150 4122 centes
165 4060 317 4139 graviora
338 4059 460 4124 delicta
476 4071 552 4142 post
574 4061 778 4143 baptismum
796 4062 983 4136 commissa,
999 4080 1135 4142 praeser·

69 4265 188 4340 ¹IJoa.
205 4271 244 4336 ΙΙ,
261 4273 299 4324 16.
316 4269 411 4326 -²S.
429 4272 535 4338 Thoan,
552 4289 578 4341 q.
596 4283 636 4340 15,
649 4289 675 4325 a.
693 4287 716 4340 3.
