2770 4646
235 120 296 170 156
689 121 829 174 CAPUT
847 123 872 172 1.

227 295 363 364 guslr'nus
374 295 499 366 (Contra
512 295 569 368 Jul.
584 287 687 368 lib'V,
703 317 729 354 c.
748 318 788 368 rr,
804 316 832 354 n.
846 299 892 369 45)
906 317 911 353 :
936 299 952 326 “
964 296 1028 354 Nec
1040 295 1222 353 credendum
1236 303 1286 360 est,
1299 303 1324 349 et

231 390 299 438 ante
313 383 412 440 datam
426 383 684 442 circumcisionem
701 383 827 443 famulos
843 383 909 450 Dei,
923 382 1172 455 quandoquidem
1186 381 1226 438 eis
1239 381 1323 436 inerat

233 467 404 526 Mediatoris
418 469 492 527 fides
506 470 535 527 in
549 488 637 529 carne
650 472 774 538 venturi,
791 473 872 529 nullo
886 481 1071 530 sacramento
1091 471 1154 542 ejus
1174 469 1324 542 opitulatos

233 551 321 614 luisse
335 556 460 627 parvulis
471 557 539 627 suiS,
553 558 688 629 quamvis
699 558 772 631 quid
783 557 856 615 illud
866 569 953 624 esset,
965 556 1064 629 aliqua
1073 556 1236 615 necessaria
1244 555 1324 611 causi

231 640 383 714 Scriptura
396 643 486 701 latere
499 644 623 701 voluerit
632 645 655 701 ’¹.
696 645 897 704 Confirmatur
911 645 1045 702 unanimi
1059 659 1207 701 consensu
1220 642 1324 700 theolo-

232 746 337 800 gorum
351 730 484 787 omnium
500 730 678 788 scholarum.

232 816 273 885 (b)
286 816 411 874 Ratione
427 817 555 890 Theolog.
595 819 639 875 Ex
652 817 739 876 dietis
754 819 783 875 in
802 819 900 876 Trall.
915 819 949 876 de
965 818 1075 878 Gratrli
1095 828 1125 876 et
1140 817 1180 875 de
1192 817 1323 874 lucarna-

234 903 313 972 tione,
332 903 414 962 Deus
428 903 541 962 sincere
554 904 616 962 vult
629 906 753 963 salutem
767 906 901 963 omnium
916 905 1082 974 hominum,
1095 906 1184 964 etiam
1199 915 1265 976 post
1277 904 1322 960 ori·

233 989 330 1061 ginale
346 1001 501 1062 peccatum
516 1014 522 1058 ;
540 993 622 1063 atqui
642 992 779 1049 voluntas
796 991 844 1050 illa
862 993 976 1050 sincera
995 1009 1056 1050 non
1075 1001 1163 1060 esset,
1177 991 1230 1048 nisi
1252 991 1323 1048 Deus

234 1077 406 1136 instituisset
427 1096 481 1151 pro
503 1079 643 1137 omnibus
665 1079 859 1151 temporibus,
876 1089 907 1138 et
927 1080 1016 1137 etiam
1036 1097 1090 1152 pro
1109 1093 1244 1151 tempore
1261 1077 1323 1148 legis

234 1174 352 1235 naturae,
365 1166 529 1224 remedium
543 1177 646 1225 contra
659 1166 801 1236 originale
815 1177 971 1238 peccatum
985 1187 993 1238 ;
1012 1184 1090 1237 nam,
1103 1165 1167 1224 sine
1181 1165 1229 1223 tali
1243 1183 1322 1222 reme-

233 1253 292 1323 dio,
309 1254 492 1326 impossibile
506 1265 567 1312 erat
581 1267 613 1312 ut
626 1255 666 1312 illi
681 1255 794 1326 parvuli
808 1255 996 1325 salvarentur,
1013 1273 1048 1312 ex
1062 1253 1149 1312 diclis
1163 1253 1214 1310 ubi
1229 1253 1265 1311 de
1278 1251 1323 1310 ori·

234 1340 323 1412 ginali
336 1353 476 1413 peccat03
496 1359 574 1412 ergo.

271 1470 307 1523 ῃ
348 1453 395 1524 (Β)
412 1453 755 1512 Controverlilurautem
771 1462 868 1510 utrum
888 1451 946 1510 tale
965 1452 1131 1510 remedium
1145 1452 1232 1510 fuerit
1244 1467 1322 1508 sacra·
1373 1489 1374 1494 κ

234 1551 384 1607 mentum
398 1541 548 1613 Scriptura
561 1539 641 1598 enim
654 1540 693 1599 de
706 1541 794 1612 hujus
809 1540 933 1598 remedii
948 1540 1052 1598 natura
1062 1531 1149 1598 iacet.
1184 1539 1232 1596 Ab
1242 1539 1321 1598 omni·

236 1626 290 1684 bus
303 1638 401 1685 tamen
414 1628 579 1686 admittitur
592 1627 665 1686 illud
679 1628 844 1686 remedium
856 1645 915 1684 non
927 1627 1017 1685 fuisse
1029 1627 1158 1699 positum
1174 1627 1204 1684 in
1216 1627 1321 1684 aeliane

236 1715 361 1786 propria,
375 1715 459 1786 cujus
472 1714 584 1787 parvuli
600 1716 756 1786 incapaces
770 1727 862 1779 erant,
879 1713 931 1772 sed
946 1714 974 1770 in
988 1713 1088 1784 aliqua
1100 1712 1220 1772 aelione
1234 1731 1322 1784 paren·

236 1813 309 1864 turn,
320 1803 378 1872 qua
390 1801 527 1859 videlicet
540 1811 625 1858 natos
639 1818 708 1858 suos
719 1801 785 1858 Deo
798 1799 971 1866 offerebant,
980 1810 1010 1856 et
1020 1799 1142 1870 insuper
1155 1799 1234 1857 illam
1246 1797 1322 1856 adio·

237 1907 303 1946 nem
315 1889 404 1947 fuisse
416 1888 546 1964 aliquam
561 1887 804 1958 protestationem
818 1887 888 1944 fidei
903 1887 932 1943 in
946 1886 1077 1943 futurum
1089 1885 1320 1957 Redemptorem.

235 1976 317 2046 juxta
330 1975 401 2033 illud
415 1996 422 2032 :
445 1977 463 2003 “
475 1974 539 2032 Nec
552 1974 633 2031 aliud
648 1991 758 2030 nornen
772 1983 816 2031 est
828 1972 885 2030 sub
898 1973 975 2030 coelo
989 1973 1091 2030 datum
1110 1972 1284 2038 hominibus,
1299 1973 1320 2028 in

237 2082 298 2136 quo
311 2073 446 2136 oporteat
460 2079 514 2119 nos
527 2061 624 2118 salvos
637 2061 698 2118 fieri
711 2060 724 2088 '¹
734 2061 751 2116 ¹.
793 2059 833 2129 (a)
846 2059 933 2132 Juxta
947 2059 977 2116 S.
994 2059 1235 2116 Bonanenturam
1245 2067 1254 2090 ⁹
1265 2075 1321 2129 pau·

237 2169 349 2223 cosque
361 2150 443 2216 alios,
457 2149 505 2206 illa
520 2147 694 2220 protestatio
707 2145 777 2204 fidei
791 2155 907 2218 poterat
920 2163 985 2204 esse
997 2146 1115 2202 interna
1136 2155 1257 2214 tantum,
1271 2144 1322 2201 sine

238 2239 296 2296 ulla
315 2238 448 2296 exteriori
468 2235 645 2304 ceremonia,
667 2253 702 2291 ac
722 2233 847 2306 proinde
867 2251 927 2290 non
947 2243 1008 2290 erat
1027 2231 1321 2302 sacranientuni,quia

238 2334 453 2382 sacramentum
468 2335 511 2381 est
525 2323 642 2393 signum
656 2319 801 2378 sensibile.
834 2320 874 2386 (b)
886 2321 1023 2389 Econtra,
1036 2320 1119 2390 juxta
1129 2319 1171 2375 D.
1186 2318 1318 2376 Thorium,
1374 2352 1375 2404 1

240 2412 361 2480 Scolrern,
377 2411 488 2467 Saurea
495 2418 512 2477 ³,
526 2409 669 2479 aliosque,
685 2407 733 2462 illa
747 2405 816 2463 fidei
832 2406 1006 2477 protestatio
1019 2405 1201 2462 extrinsecus
1219 2401 1321 2460 manile·
1374 2407 1375 2410 ’

239 2499 307 2556 stari
326 2496 463 2564 debebat,
483 2495 669 2566 proindeque
688 2510 789 2550 verum
809 2503 871 2550 erat
890 2503 1128 2562 sacrarnentnm3
1148 2510 1218 2548 narn
1236 2505 1321 2548 oniries

240 2584 427 2642 conditiones
440 2581 569 2639 habebat
582 2581 620 2638 ad
634 2589 852 2637 sacramentum
870 2579 1022 2650 requisitas
1035 2599 1042 2648 ;
1061 2588 1123 2636 erat
1140 2577 1281 2650 siquidem
1294 2575 1322 2631 si·

240 2689 332 2743 gnum
345 2669 478 2736 sensibile,
494 2686 562 2726 nam
577 2686 629 2740 per
642 2666 715 2723 illud
728 2666 826 2724 infans
840 2683 900 2722 non
914 2665 1011 2722 solum
1024 2665 1090 2722 Deo
1100 2663 1320 2726 consecrabatur,
1374 2717 1375 2748 1

241 2758 394 2817 sedetiam
409 2755 551 2814 Ecclesiae
566 2753 622 2812 Dei
636 2753 741 2811 visibili
761 2753 1006 2822 coadunabatur3
1025 2752 1108 2823 quod
1128 2751 1192 2808 sine
1211 2746 1321 2808 sensibili
1374 2769 1375 2830 3

241 2847 325 2916 signo
335 2843 396 2900 fieri
411 2843 513 2914 nequit
528 2861 534 2912 ;
553 2842 670 2911 signum
680 2839 787 2910 grauia
800 2838 1010 2908 proclamarem,
1028 2855 1097 2894 nam
1118 2837 1240 2896 tollebat
1254 2833 1322 2904 origi·

241 2933 307 2990 nale
321 2940 485 3002 peccatum,
501 2928 584 2998 quod
598 2927 661 2982 sine
674 2925 775 2995 gratiae
789 2925 933 2982 effusione
948 2925 1008 2982 lieri
1023 2925 1143 2996 nequit;
1155 2942 1173 2980 a
1187 2925 1248 2981 Deo
1259 2919 1319 2978 inslr'-
1374 2921 1375 2932 ¹

242 3025 343 3085 tulum,
361 3016 430 3086 quia
448 3014 527 3071 solus
549 3013 630 3068 Deus
649 3011 773 3082 gratiam
794 3010 879 3080 signo
897 3010 1028 3068 sensibili
1048 3009 1209 3068 adnediere
1229 3017 1322 3080 potest:
1374 3032 1375 3040 ¹

238 3101 525 3176 perinanenter,quia
538 3097 610 3155 illud
625 3098 741 3167 signum
754 3105 817 3152 toto
828 3096 900 3167 legis
911 3090 1023 3154 naturae
1036 3107 1172 3168 ternpore
1187 3095 1323 3168 perdurare

243 3189 372 3249 debebat
385 3210 391 3254 ;
409 3205 488 3256 ergo.

175 3317 178 3324 ¹
281 3317 316 3368 ¹4·
357 3297 404 3368 (C)
423 3296 533 3354 Utrum
552 3312 621 3352 vero
640 3292 696 3350 alia
714 3293 822 3350 luerint
842 3300 1033 3358 sacramenta,
1058 3287 1204 3344 incertum
1224 3295 1280 3350 est,
1301 3280 1323 3335 in
1374 3319 1375 3368 3

244 3385 393 3457 Scriptura
414 3382 525 3440 mentio
545 3381 577 3437 fit
593 3380 715 3452 quidem
734 3378 945 3435 sacrificiorum
959 3375 1045 3444 Abel,
1060 3373 1128 3430 Noe
1141 3383 1171 3430 et
1187 3368 1324 3429 Melchise-

244 3474 340 3532 decb:
360 3471 412 3529 sed
426 3469 464 3527 de
478 3466 668 3525 sacramentis
683 3465 723 3520 nil
737 3465 863 3534 dicitur;
884 3463 1018 3520 nonnulli
1034 3473 1134 3518 tamen
1149 3455 1274 3528 theologi
1285 3453 1324 3510 do·
1374 3491 1375 3530 ,

244 3573 312 3618 cent
325 3559 453 3616 adstrisse
465 3554 589 3626 aliquod
602 3563 820 3609 sacramentum
835 3549 873 3608 ad
886 3549 1010 3607 adiualis
1025 3545 1140 3619 peccati
1154 3545 1322 3604 deletionem,
1374 3617 1375 3632 ἵ

245 3647 312 3704 licet
325 3646 364 3704 de
377 3644 453 3701 illius
467 3641 571 3699 natura
584 3639 625 3695 nil
639 3649 751 3696 certum
765 3639 823 3697 dici
838 3637 957 3711 possit⁴⁸
1373 3635 1375 3712 ,

675 3770 784 3780 ...η-..-

281 3861 365 3913 1Ati.
383 3859 432 3920 lV,
452 3873 489 3910 ιι.

281 3945 291 3976 ²
306 3948 334 4000 S.
350 3941 584 3999 ponamusque
601 3943 623 4006 l,
638 3959 663 3995 a.
681 3959 704 3995 2.
721 3958 746 4009 q.
765 3955 773 3992 ι
791 3951 819 3992 ct
833 3955 856 3991 2.

281 4036 329 4087 ³8.
345 4033 452 4096 Thoria,
463 4043 488 4096 3,
503 4048 530 4100 q.
543 4044 586 4098 70,
600 4047 624 4082 a.
639 4044 664 4094 4,
678 4027 713 4080 ad
729 4042 756 4090 ²3
770 4027 876 4092 Scelus,
886 4023 915 4076 in
927 4037 944 4088 4
957 4021 1023 4076 dist.
1039 4037 1060 4086 r,
1073 4037 1099 4089 q.
1110 4036 1126 4090 3
1138 4031 1168 4074 et
1181 4034 1218 4088 7.;
1231 4018 1324 4072 Suara.

248 4120 319 4189 disp.
338 4119 387 4185 lV,
404 4115 471 4170 sedi.
488 4128 542 4180 3-4.

363 4205 451 4259 ”liora
467 4219 483 4268 4
497 4205 573 4256 Seni.
588 4200 650 4254 dist.
668 4217 689 4266 1,
703 4216 729 4268 p.
749 4214 770 4266 1,
787 4215 814 4266 q.
834 4215 856 4262 1,
869 4213 893 4250 a.
908 4211 932 4250 2.
