<?xml version="1.0" encoding="UTF-8"?>
<!DOCTYPE html PUBLIC "-//W3C//DTD XHTML 1.0 Transitional//EN"
    "http://www.w3.org/TR/xhtml1/DTD/xhtml1-transitional.dtd">
<html xmlns="http://www.w3.org/1999/xhtml" xml:lang="en" lang="en">
 <head>
  <title>
</title>
<meta http-equiv="Content-Type" content="text/html;charset=utf-8" />
  <meta name='ocr-system' content='tesseract 3.04.00' />
  <meta name='ocr-capabilities' content='ocr_page ocr_carea ocr_par ocr_line ocrx_word'/>
</head>
<body>
  <div class='ocr_page' id='page_1' title='image "./synopsistheolog01tanqgoog_0561.png"; bbox 0 0 2758 4652; ppageno 0'>
   <div class='ocr_carea' id='block_1_1' title="bbox 223 187 1111 240">
    <p class='ocr_par' dir='ltr' id='par_1_1' title="bbox 223 187 1111 240">
     <span class='ocr_line' id='line_1_1' title="bbox 223 187 1111 240; baseline -0.003 0"><span class='ocrx_word' id='word_1_1' title='bbox 223 189 279 240; x_wconf 81' lang='lat' dir='ltr'><strong>DE</strong></span> <span class='ocrx_word' id='word_1_2' title='bbox 298 187 588 240; x_wconf 63' lang='lat' dir='ltr'><strong>murreum</strong></span> <span class='ocrx_word' id='word_1_3' title='bbox 606 187 904 239; x_wconf 74' lang='lat' dir='ltr'><strong>SACRAMENTO.</strong></span> <span class='ocrx_word' id='word_1_4' title='bbox 1044 187 1111 237; x_wconf 74' lang='lat'><strong>5⁴5</strong></span> 
     </span>
    </p>
   </div>
   <div class='ocr_carea' id='block_1_2' title="bbox 20 361 1114 2614">
    <p class='ocr_par' dir='ltr' id='par_1_2' title="bbox 21 361 1113 1376">
     <span class='ocr_line' id='line_1_2' title="bbox 28 361 1112 451; baseline 0 -23"><span class='ocrx_word' id='word_1_5' title='bbox 28 379 159 448; x_wconf 87' lang='lat' dir='ltr'><strong>arguunt</strong></span> <span class='ocrx_word' id='word_1_6' title='bbox 174 369 330 451; x_wconf 84' lang='lat' dir='ltr'><strong>theologi,</strong></span> <span class='ocrx_word' id='word_1_7' title='bbox 346 370 400 431; x_wconf 92' lang='lat' dir='ltr'><strong>hic</strong></span> <span class='ocrx_word' id='word_1_8' title='bbox 414 370 524 451; x_wconf 90' lang='lat' dir='ltr'><strong>agitur</strong></span> <span class='ocrx_word' id='word_1_9' title='bbox 543 370 586 431; x_wconf 93' lang='lat' dir='ltr'><strong>de</strong></span> <span class='ocrx_word' id='word_1_10' title='bbox 608 367 764 449; x_wconf 86' lang='lat' dir='ltr'>operibus</span> <span class='ocrx_word' id='word_1_11' title='bbox 783 369 815 430; x_wconf 94' lang='lat' dir='ltr'><strong>in</strong></span> <span class='ocrx_word' id='word_1_12' title='bbox 837 364 944 448; x_wconf 74' lang='lat' dir='ltr'><strong>gra&#39;tit</strong></span> <span class='ocrx_word' id='word_1_13' title='bbox 963 361 1058 428; x_wconf 67' lang='lat' dir='ltr'><strong>saetis</strong></span> <span class='ocrx_word' id='word_1_14' title='bbox 1078 375 1112 428; x_wconf 90' lang='lat' dir='ltr'><strong>et</strong></span> 
     </span>
     <span class='ocr_line' id='line_1_3' title="bbox 28 469 1113 554; baseline 0.001 -24"><span class='ocrx_word' id='word_1_15' title='bbox 28 469 242 550; x_wconf 89' lang='lat' dir='ltr'><strong>mortificatis;</strong></span> <span class='ocrx_word' id='word_1_16' title='bbox 268 492 345 535; x_wconf 87' lang='lat' dir='ltr'><strong>narn</strong></span> <span class='ocrx_word' id='word_1_17' title='bbox 364 471 548 554; x_wconf 83' lang='lat' dir='ltr'><strong>Apostolus</strong></span> <span class='ocrx_word' id='word_1_18' title='bbox 570 471 624 534; x_wconf 89' lang='lat' dir='ltr'><strong>hic</strong></span> <span class='ocrx_word' id='word_1_19' title='bbox 649 471 811 534; x_wconf 84' lang='lat' dir='ltr'><strong>Hebraeos</strong></span> <span class='ocrx_word' id='word_1_20' title='bbox 830 470 1016 552; x_wconf 88' lang='lat' dir='ltr'><strong>alloquitur,</strong></span> <span class='ocrx_word' id='word_1_21' title='bbox 1032 489 1113 549; x_wconf 89' lang='lat' dir='ltr'><strong>quo-</strong></span> 
     </span>
     <span class='ocr_line' id='line_1_4' title="bbox 27 573 1111 656; baseline 0 -23"><span class='ocrx_word' id='word_1_22' title='bbox 27 593 89 634; x_wconf 93' lang='lat' dir='ltr'><strong>rum</strong></span> <span class='ocrx_word' id='word_1_23' title='bbox 115 574 265 637; x_wconf 85' lang='lat' dir='ltr'><strong>nonnulli</strong></span> <span class='ocrx_word' id='word_1_24' title='bbox 288 574 321 636; x_wconf 91' lang='lat' dir='ltr'><strong>in</strong></span> <span class='ocrx_word' id='word_1_25' title='bbox 346 584 521 656; x_wconf 89' lang='lat' dir='ltr'><strong>peccatum</strong></span> <span class='ocrx_word' id='word_1_26' title='bbox 544 573 627 655; x_wconf 89' lang='lat' dir='ltr'><strong>lapsi</strong></span> <span class='ocrx_word' id='word_1_27' title='bbox 650 573 800 650; x_wconf 74' lang='lat' dir='ltr'><strong>lucrant,</strong></span> <span class='ocrx_word' id='word_1_28' title='bbox 826 593 905 654; x_wconf 87' lang='lat' dir='ltr'><strong>ergo</strong></span> <span class='ocrx_word' id='word_1_29' title='bbox 929 573 1021 634; x_wconf 91' lang='lat' dir='ltr'><strong>Deus</strong></span> <span class='ocrx_word' id='word_1_30' title='bbox 1045 591 1111 634; x_wconf 92' lang='lat' dir='ltr'><strong>non</strong></span> 
     </span>
     <span class='ocr_line' id='line_1_5' title="bbox 25 673 1112 758; baseline -0.002 -23"><span class='ocrx_word' id='word_1_31' title='bbox 25 675 220 740; x_wconf 85' lang='lat' dir='ltr'><strong>obliviscitur</strong></span> <span class='ocrx_word' id='word_1_32' title='bbox 231 677 393 741; x_wconf 87' lang='lat' dir='ltr'><strong>bononun</strong></span> <span class='ocrx_word' id='word_1_33' title='bbox 407 696 544 758; x_wconf 90' lang='lat' dir='ltr'><strong>operum</strong></span> <span class='ocrx_word' id='word_1_34' title='bbox 557 697 671 739; x_wconf 88' lang='lat' dir='ltr'><strong>eorum</strong></span> <span class='ocrx_word' id='word_1_35' title='bbox 684 677 740 757; x_wconf 95' lang='lat' dir='ltr'><strong>qui</strong></span> <span class='ocrx_word' id='word_1_36' title='bbox 753 673 985 758; x_wconf 90' lang='lat' dir='ltr'><strong>poenitentiam</strong></span> <span class='ocrx_word' id='word_1_37' title='bbox 998 679 1112 752; x_wconf 87' lang='lat' dir='ltr'><strong>agunt,</strong></span> 
     </span>
     <span class='ocr_line' id='line_1_6' title="bbox 25 775 1111 844; baseline -0.003 -5"><span class='ocrx_word' id='word_1_38' title='bbox 25 781 75 841; x_wconf 90' lang='lat' dir='ltr'><strong>sed</strong></span> <span class='ocrx_word' id='word_1_39' title='bbox 90 800 128 841; x_wconf 93' lang='lat' dir='ltr'><strong>ea</strong></span> <span class='ocrx_word' id='word_1_40' title='bbox 144 791 339 844; x_wconf 84' lang='lat' dir='ltr'><strong>remunerat</strong></span> <span class='ocrx_word' id='word_1_41' title='bbox 388 781 481 843; x_wconf 92' lang='lat' dir='ltr'><strong>ldcm</strong></span> <span class='ocrx_word' id='word_1_42' title='bbox 506 781 620 844; x_wconf 90' lang='lat' dir='ltr'><strong>Patres</strong></span> <span class='ocrx_word' id='word_1_43' title='bbox 642 780 814 842; x_wconf 92' lang='lat' dir='ltr'><strong>deducunt</strong></span> <span class='ocrx_word' id='word_1_44' title='bbox 837 799 880 840; x_wconf 88' lang='lat' dir='ltr'><strong>ex</strong></span> <span class='ocrx_word' id='word_1_45' title='bbox 904 776 970 838; x_wconf 93' lang='lat' dir='ltr'><strong>alio</strong></span> <span class='ocrx_word' id='word_1_46' title='bbox 993 775 1111 838; x_wconf 90' lang='lat' dir='ltr'><strong>loco¹:</strong></span> 
     </span>
     <span class='ocr_line' id='line_1_7' title="bbox 24 878 1112 965; baseline -0.003 -22"><span class='ocrx_word' id='word_1_47' title='bbox 24 881 156 944; x_wconf 79' lang='lat' dir='ltr'><strong>“Tanta</strong></span> <span class='ocrx_word' id='word_1_48' title='bbox 177 885 265 965; x_wconf 89' lang='lat' dir='ltr'><strong>passi</strong></span> <span class='ocrx_word' id='word_1_49' title='bbox 286 884 366 947; x_wconf 91' lang='lat' dir='ltr'><strong>estis</strong></span> <span class='ocrx_word' id='word_1_50' title='bbox 388 885 459 946; x_wconf 91' lang='lat' dir='ltr'><strong>sine</strong></span> <span class='ocrx_word' id='word_1_51' title='bbox 479 887 588 958; x_wconf 75' lang='lat' dir='ltr'><strong>causa,</strong></span> <span class='ocrx_word' id='word_1_52' title='bbox 608 883 636 944; x_wconf 92' lang='lat' dir='ltr'><strong>si</strong></span> <span class='ocrx_word' id='word_1_53' title='bbox 659 893 771 944; x_wconf 88' lang='lat' dir='ltr'><strong>tamen</strong></span> <span class='ocrx_word' id='word_1_54' title='bbox 796 880 867 943; x_wconf 92' lang='lat' dir='ltr'><strong>sine</strong></span> <span class='ocrx_word' id='word_1_55' title='bbox 890 878 1039 954; x_wconf 73' lang='lat' dir='ltr'><strong>causd”;</strong></span> <span class='ocrx_word' id='word_1_56' title='bbox 1065 878 1112 940; x_wconf 89' lang='lat' dir='ltr'><strong>ait</strong></span> 
     </span>
     <span class='ocr_line' id='line_1_8' title="bbox 23 979 1111 1066; baseline 0.002 -25"><span class='ocrx_word' id='word_1_57' title='bbox 23 983 178 1064; x_wconf 84' lang='lat' dir='ltr'><strong>siquidem</strong></span> <span class='ocrx_word' id='word_1_58' title='bbox 202 986 423 1066; x_wconf 80' lang='lat' dir='ltr'><strong>Hieronymus</strong></span> <span class='ocrx_word' id='word_1_59' title='bbox 445 987 476 1047; x_wconf 94' lang='lat' dir='ltr'><strong>in</strong></span> <span class='ocrx_word' id='word_1_60' title='bbox 498 985 528 1047; x_wconf 93' lang='lat' dir='ltr'><strong>h.</strong></span> <span class='ocrx_word' id='word_1_61' title='bbox 549 985 634 1048; x_wconf 78' lang='lat' dir='ltr'><strong>loc:</strong></span> <span class='ocrx_word' id='word_1_62' title='bbox 660 982 899 1066; x_wconf 84' lang='lat' dir='ltr'><strong>“Quicumque</strong></span> <span class='ocrx_word' id='word_1_63' title='bbox 921 981 965 1043; x_wconf 93' lang='lat' dir='ltr'><strong>ob</strong></span> <span class='ocrx_word' id='word_1_64' title='bbox 989 979 1111 1044; x_wconf 85' lang='lat' dir='ltr'><strong>Christi</strong></span> 
     </span>
     <span class='ocr_line' id='line_1_9' title="bbox 23 1083 1111 1170; baseline 0.001 -25"><span class='ocrx_word' id='word_1_65' title='bbox 23 1083 115 1148; x_wconf 85' lang='lat' dir='ltr'><strong>iidem</strong></span> <span class='ocrx_word' id='word_1_66' title='bbox 132 1087 329 1152; x_wconf 86' lang='lat' dir='ltr'><strong>laboraverit</strong></span> <span class='ocrx_word' id='word_1_67' title='bbox 344 1097 377 1152; x_wconf 93' lang='lat' dir='ltr'><strong>et</strong></span> <span class='ocrx_word' id='word_1_68' title='bbox 393 1097 509 1170; x_wconf 91' lang='lat' dir='ltr'><strong>postea</strong></span> <span class='ocrx_word' id='word_1_69' title='bbox 525 1087 636 1168; x_wconf 90' lang='lat' dir='ltr'><strong>lapsus</strong></span> <span class='ocrx_word' id='word_1_70' title='bbox 658 1087 755 1150; x_wconf 83' lang='lat' dir='ltr'><strong>luerit</strong></span> <span class='ocrx_word' id='word_1_71' title='bbox 776 1087 808 1148; x_wconf 95' lang='lat' dir='ltr'><strong>in</strong></span> <span class='ocrx_word' id='word_1_72' title='bbox 828 1096 1011 1168; x_wconf 87' lang='lat' dir='ltr'><strong>peccatum,</strong></span> <span class='ocrx_word' id='word_1_73' title='bbox 1027 1083 1111 1146; x_wconf 91' lang='lat' dir='ltr'><strong>sicut</strong></span> 
     </span>
     <span class='ocr_line' id='line_1_10' title="bbox 22 1188 1110 1272; baseline 0 -24"><span class='ocrx_word' id='word_1_74' title='bbox 22 1189 124 1266; x_wconf 88' lang='lat' dir='ltr'><strong>priora</strong></span> <span class='ocrx_word' id='word_1_75' title='bbox 141 1191 213 1252; x_wconf 92' lang='lat' dir='ltr'><strong>sine</strong></span> <span class='ocrx_word' id='word_1_76' title='bbox 233 1195 332 1253; x_wconf 71' lang='lat' dir='ltr'><strong>causa</strong></span> <span class='ocrx_word' id='word_1_77' title='bbox 353 1211 470 1272; x_wconf 92' lang='lat' dir='ltr'><strong>passus</strong></span> <span class='ocrx_word' id='word_1_78' title='bbox 491 1190 590 1253; x_wconf 84' lang='lat' dir='ltr'><strong>luisse</strong></span> <span class='ocrx_word' id='word_1_79' title='bbox 610 1191 731 1254; x_wconf 90' lang='lat' dir='ltr'><strong>dicitur</strong></span> <span class='ocrx_word' id='word_1_80' title='bbox 745 1192 825 1253; x_wconf 93' lang='lat' dir='ltr'><strong>dum</strong></span> <span class='ocrx_word' id='word_1_81' title='bbox 842 1199 966 1272; x_wconf 85' lang='lat' dir='ltr'><strong>peccat,</strong></span> <span class='ocrx_word' id='word_1_82' title='bbox 982 1188 1027 1249; x_wconf 94' lang='lat' dir='ltr'><strong>sic</strong></span> <span class='ocrx_word' id='word_1_83' title='bbox 1044 1206 1110 1249; x_wconf 93' lang='lat' dir='ltr'><strong>rur-</strong></span> 
     </span>
     <span class='ocr_line' id='line_1_11' title="bbox 21 1291 999 1376; baseline 0.001 -25"><span class='ocrx_word' id='word_1_84' title='bbox 21 1311 88 1354; x_wconf 91' lang='lat' dir='ltr'><strong>sum</strong></span> <span class='ocrx_word' id='word_1_85' title='bbox 106 1313 171 1355; x_wconf 94' lang='lat' dir='ltr'><strong>non</strong></span> <span class='ocrx_word' id='word_1_86' title='bbox 188 1295 296 1375; x_wconf 87' lang='lat' dir='ltr'><strong>perdit</strong></span> <span class='ocrx_word' id='word_1_87' title='bbox 311 1315 359 1368; x_wconf 90' lang='lat' dir='ltr'><strong>ea,</strong></span> <span class='ocrx_word' id='word_1_88' title='bbox 375 1294 401 1356; x_wconf 92' lang='lat' dir='ltr'><strong>si</strong></span> <span class='ocrx_word' id='word_1_89' title='bbox 418 1296 460 1357; x_wconf 90' lang='lat' dir='ltr'><strong>ad</strong></span> <span class='ocrx_word' id='word_1_90' title='bbox 476 1295 650 1376; x_wconf 82' lang='lat' dir='ltr'><strong>pristinam</strong></span> <span class='ocrx_word' id='word_1_91' title='bbox 668 1292 767 1356; x_wconf 87' lang='lat' dir='ltr'><strong>fidem</strong></span> <span class='ocrx_word' id='word_1_92' title='bbox 784 1291 999 1355; x_wconf 87' lang='lat' dir='ltr'><strong>revertatur¹&#39;.</strong></span> 
     </span>
    </p>

    <p class='ocr_par' dir='ltr' id='par_1_3' title="bbox 21 1392 1114 2098">
     <span class='ocr_line' id='line_1_12' title="bbox 21 1392 1111 1478; baseline 0.001 -24"><span class='ocrx_word' id='word_1_93' title='bbox 21 1392 69 1473; x_wconf 89' lang='lat' dir='ltr'><strong>(b)</strong></span> <span class='ocrx_word' id='word_1_94' title='bbox 85 1395 139 1458; x_wconf 89' lang='lat' dir='ltr'><strong>Ex</strong></span> <span class='ocrx_word' id='word_1_95' title='bbox 159 1396 349 1460; x_wconf 83' lang='lat' dir='ltr'><strong>Tridentino</strong></span> <span class='ocrx_word' id='word_1_96' title='bbox 364 1398 465 1460; x_wconf 90' lang='lat' dir='ltr'><strong>etiam</strong></span> <span class='ocrx_word' id='word_1_97' title='bbox 482 1397 584 1459; x_wconf 89' lang='lat' dir='ltr'><strong>thesis</strong></span> <span class='ocrx_word' id='word_1_98' title='bbox 599 1396 709 1477; x_wconf 85' lang='lat' dir='ltr'><strong>colligi</strong></span> <span class='ocrx_word' id='word_1_99' title='bbox 726 1405 854 1478; x_wconf 88' lang='lat' dir='ltr'><strong>potest:</strong></span> <span class='ocrx_word' id='word_1_100' title='bbox 871 1413 948 1457; x_wconf 89' lang='lat' dir='ltr'><strong>narn</strong></span> <span class='ocrx_word' id='word_1_101' title='bbox 965 1392 1111 1456; x_wconf 86' lang='lat' dir='ltr'><strong>declarat</strong></span> 
     </span>
     <span class='ocr_line' id='line_1_13' title="bbox 21 1495 1111 1581; baseline 0.002 -25"><span class='ocrx_word' id='word_1_102' title='bbox 21 1495 104 1558; x_wconf 85' lang='lat' dir='ltr'><strong>bona</strong></span> <span class='ocrx_word' id='word_1_103' title='bbox 128 1518 228 1580; x_wconf 90' lang='lat' dir='ltr'><strong>opera</strong></span> <span class='ocrx_word' id='word_1_104' title='bbox 249 1499 331 1580; x_wconf 86' lang='lat' dir='ltr'><strong>justi</strong></span> <span class='ocrx_word' id='word_1_105' title='bbox 356 1521 433 1564; x_wconf 92' lang='lat' dir='ltr'><strong>vere</strong></span> <span class='ocrx_word' id='word_1_106' title='bbox 457 1500 575 1563; x_wconf 92' lang='lat' dir='ltr'><strong>mereri</strong></span> <span class='ocrx_word' id='word_1_107' title='bbox 600 1509 816 1581; x_wconf 86' lang='lat' dir='ltr'><strong>augmentum</strong></span> <span class='ocrx_word' id='word_1_108' title='bbox 840 1499 956 1580; x_wconf 85' lang='lat' dir='ltr'><strong>gratiae</strong></span> <span class='ocrx_word' id='word_1_109' title='bbox 977 1508 1010 1560; x_wconf 92' lang='lat' dir='ltr'><strong>et</strong></span> <span class='ocrx_word' id='word_1_110' title='bbox 1033 1497 1111 1559; x_wconf 84' lang='lat' dir='ltr'><strong>vitae</strong></span> 
     </span>
     <span class='ocr_line' id='line_1_14' title="bbox 21 1600 1112 1684; baseline 0.004 -24"><span class='ocrx_word' id='word_1_111' title='bbox 21 1609 148 1663; x_wconf 89' lang='lat' dir='ltr'><strong>aeternae</strong></span> <span class='ocrx_word' id='word_1_112' title='bbox 164 1604 440 1678; x_wconf 87' lang='lat' dir='ltr'><strong>consecutionem,</strong></span> <span class='ocrx_word' id='word_1_113' title='bbox 455 1604 488 1666; x_wconf 90' lang='lat' dir='ltr'><strong>si</strong></span> <span class='ocrx_word' id='word_1_114' title='bbox 504 1614 610 1666; x_wconf 85' lang='lat' dir='ltr'><strong>tamen</strong></span> <span class='ocrx_word' id='word_1_115' title='bbox 631 1605 665 1664; x_wconf 87' lang='lat' dir='ltr'><strong>in</strong></span> <span class='ocrx_word' id='word_1_116' title='bbox 680 1601 796 1684; x_wconf 64' lang='lat' dir='ltr'><strong>gratia</strong></span> <span class='ocrx_word' id='word_1_117' title='bbox 816 1600 1003 1665; x_wconf 83' lang='lat' dir='ltr'><strong>decesserit”</strong></span> <span class='ocrx_word' id='word_1_118' title='bbox 1021 1602 1112 1681; x_wconf 86' lang='lat' dir='ltr'><strong>(sess.</strong></span> 
     </span>
     <span class='ocr_line' id='line_1_15' title="bbox 22 1701 1111 1789; baseline 0.004 -27"><span class='ocrx_word' id='word_1_119' title='bbox 22 1701 79 1778; x_wconf 92' lang='lat' dir='ltr'><strong>Vl,</strong></span> <span class='ocrx_word' id='word_1_120' title='bbox 100 1725 169 1768; x_wconf 92' lang='lat' dir='ltr'><strong>can.</strong></span> <span class='ocrx_word' id='word_1_121' title='bbox 190 1707 262 1788; x_wconf 85' lang='lat'>32);</span> <span class='ocrx_word' id='word_1_122' title='bbox 289 1728 387 1789; x_wconf 94' lang='lat' dir='ltr'><strong>porro</strong></span> <span class='ocrx_word' id='word_1_123' title='bbox 409 1708 452 1770; x_wconf 94' lang='lat' dir='ltr'><strong>ibi</strong></span> <span class='ocrx_word' id='word_1_124' title='bbox 475 1727 540 1770; x_wconf 93' lang='lat' dir='ltr'><strong>non</strong></span> <span class='ocrx_word' id='word_1_125' title='bbox 564 1706 710 1787; x_wconf 85' lang='lat' dir='ltr'><strong>exigitur</strong></span> <span class='ocrx_word' id='word_1_126' title='bbox 733 1715 769 1768; x_wconf 91' lang='lat' dir='ltr'><strong>ut</strong></span> <span class='ocrx_word' id='word_1_127' title='bbox 790 1725 810 1767; x_wconf 95' lang='lat' dir='ltr'><strong>a</strong></span> <span class='ocrx_word' id='word_1_128' title='bbox 831 1705 936 1786; x_wconf 74' lang='lat' dir='ltr'><strong>prima</strong></span> <span class='ocrx_word' id='word_1_129' title='bbox 952 1702 1111 1784; x_wconf 87' lang='lat' dir='ltr'><strong>justifica·</strong></span> 
     </span>
     <span class='ocr_line' id='line_1_16' title="bbox 21 1805 1113 1893; baseline 0.005 -29"><span class='ocrx_word' id='word_1_130' title='bbox 21 1805 107 1868; x_wconf 88' lang='lat' dir='ltr'><strong>tione</strong></span> <span class='ocrx_word' id='word_1_131' title='bbox 125 1809 198 1888; x_wconf 90' lang='lat' dir='ltr'><strong>quis</strong></span> <span class='ocrx_word' id='word_1_132' title='bbox 218 1830 323 1893; x_wconf 92' lang='lat' dir='ltr'><strong>usque</strong></span> <span class='ocrx_word' id='word_1_133' title='bbox 344 1813 385 1874; x_wconf 90' lang='lat' dir='ltr'><strong>ad</strong></span> <span class='ocrx_word' id='word_1_134' title='bbox 406 1821 546 1873; x_wconf 88' lang='lat' dir='ltr'><strong>mortem</strong></span> <span class='ocrx_word' id='word_1_135' title='bbox 567 1810 639 1871; x_wconf 91' lang='lat' dir='ltr'><strong>sine</strong></span> <span class='ocrx_word' id='word_1_136' title='bbox 660 1808 899 1890; x_wconf 89' lang='lat' dir='ltr'><strong>interruptione</strong></span> <span class='ocrx_word' id='word_1_137' title='bbox 917 1815 1113 1889; x_wconf 89' lang='lat' dir='ltr'><strong>perseveret,</strong></span> 
     </span>
     <span class='ocr_line' id='line_1_17' title="bbox 21 1908 1114 1995; baseline 0.005 -29"><span class='ocrx_word' id='word_1_138' title='bbox 21 1908 76 1969; x_wconf 90' lang='lat' dir='ltr'><strong>sed</strong></span> <span class='ocrx_word' id='word_1_139' title='bbox 98 1911 205 1974; x_wconf 91' lang='lat' dir='ltr'><strong>solum</strong></span> <span class='ocrx_word' id='word_1_140' title='bbox 232 1924 269 1976; x_wconf 93' lang='lat' dir='ltr'><strong>ut</strong></span> <span class='ocrx_word' id='word_1_141' title='bbox 294 1915 329 1974; x_wconf 89' lang='lat' dir='ltr'><strong>in</strong></span> <span class='ocrx_word' id='word_1_142' title='bbox 349 1913 465 1995; x_wconf 79' lang='lat' dir='ltr'><strong>gratid</strong></span> <span class='ocrx_word' id='word_1_143' title='bbox 490 1911 641 1984; x_wconf 80' lang='lat' dir='ltr'><strong>decedat,·</strong></span> <span class='ocrx_word' id='word_1_144' title='bbox 672 1931 751 1992; x_wconf 88' lang='lat' dir='ltr'><strong>ergo</strong></span> <span class='ocrx_word' id='word_1_145' title='bbox 777 1911 803 1972; x_wconf 92' lang='lat' dir='ltr'><strong>si</strong></span> <span class='ocrx_word' id='word_1_146' title='bbox 829 1910 903 1992; x_wconf 91' lang='lat' dir='ltr'><strong>quis</strong></span> <span class='ocrx_word' id='word_1_147' title='bbox 930 1909 1114 1973; x_wconf 87' lang='lat' dir='ltr'><strong>mortaliter</strong></span> 
     </span>
     <span class='ocr_line' id='line_1_18' title="bbox 21 2013 1010 2098; baseline 0.004 -28"><span class='ocrx_word' id='word_1_148' title='bbox 21 2015 201 2088; x_wconf 89' lang='lat' dir='ltr'><strong>peccaverit</strong></span> <span class='ocrx_word' id='word_1_149' title='bbox 217 2024 250 2078; x_wconf 92' lang='lat' dir='ltr'><strong>et</strong></span> <span class='ocrx_word' id='word_1_150' title='bbox 266 2026 383 2098; x_wconf 88' lang='lat' dir='ltr'><strong>postea</strong></span> <span class='ocrx_word' id='word_1_151' title='bbox 400 2016 570 2097; x_wconf 89' lang='lat' dir='ltr'><strong>poeniteat,</strong></span> <span class='ocrx_word' id='word_1_152' title='bbox 585 2014 657 2094; x_wconf 90' lang='lat' dir='ltr'><strong>ejus</strong></span> <span class='ocrx_word' id='word_1_153' title='bbox 674 2014 791 2076; x_wconf 91' lang='lat' dir='ltr'><strong>merita</strong></span> <span class='ocrx_word' id='word_1_154' title='bbox 807 2013 1010 2076; x_wconf 91' lang='lat' dir='ltr'><strong>reviciscunt.</strong></span> 
     </span>
    </p>

    <p class='ocr_par' dir='ltr' id='par_1_4' title="bbox 20 2112 1113 2614">
     <span class='ocr_line' id='line_1_19' title="bbox 20 2112 1111 2201; baseline 0.006 -28"><span class='ocrx_word' id='word_1_155' title='bbox 20 2112 67 2192; x_wconf 88' lang='lat' dir='ltr'><strong>(c)</strong></span> <span class='ocrx_word' id='word_1_156' title='bbox 82 2114 220 2180; x_wconf 82' lang='lat' dir='ltr'><strong>Ratione</strong></span> <span class='ocrx_word' id='word_1_157' title='bbox 234 2120 397 2182; x_wconf 89' lang='lat' dir='ltr'><strong>suadetur.</strong></span> <span class='ocrx_word' id='word_1_158' title='bbox 443 2119 558 2201; x_wconf 92' lang='lat' dir='ltr'><strong>Opera</strong></span> <span class='ocrx_word' id='word_1_159' title='bbox 573 2120 604 2179; x_wconf 95' lang='lat' dir='ltr'><strong>in</strong></span> <span class='ocrx_word' id='word_1_160' title='bbox 621 2118 758 2179; x_wconf 92' lang='lat' dir='ltr'><strong>caritate</strong></span> <span class='ocrx_word' id='word_1_161' title='bbox 774 2114 871 2192; x_wconf 65' lang='lat' dir='ltr'><strong>laeta,</strong></span> <span class='ocrx_word' id='word_1_162' title='bbox 886 2118 913 2178; x_wconf 91' lang='lat' dir='ltr'><strong>si</strong></span> <span class='ocrx_word' id='word_1_163' title='bbox 928 2118 1111 2180; x_wconf 91' lang='lat' dir='ltr'><strong>secundum</strong></span> 
     </span>
     <span class='ocr_line' id='line_1_20' title="bbox 20 2217 1113 2304; baseline 0.007 -28"><span class='ocrx_word' id='word_1_164' title='bbox 20 2235 53 2275; x_wconf 89' lang='lat' dir='ltr'><strong>se</strong></span> <span class='ocrx_word' id='word_1_165' title='bbox 70 2217 266 2298; x_wconf 72' lang='lat' dir='ltr'><strong>spedientur,</strong></span> <span class='ocrx_word' id='word_1_166' title='bbox 279 2242 410 2304; x_wconf 89' lang='lat' dir='ltr'><strong>semper</strong></span> <span class='ocrx_word' id='word_1_167' title='bbox 423 2223 454 2285; x_wconf 92' lang='lat' dir='ltr'><strong>in</strong></span> <span class='ocrx_word' id='word_1_168' title='bbox 469 2221 697 2303; x_wconf 89' lang='lat' dir='ltr'><strong>acceptatione</strong></span> <span class='ocrx_word' id='word_1_169' title='bbox 709 2221 821 2284; x_wconf 74' lang='lat' dir='ltr'><strong>divina</strong></span> <span class='ocrx_word' id='word_1_170' title='bbox 834 2232 979 2298; x_wconf 88' lang='lat' dir='ltr'><strong>manent,</strong></span> <span class='ocrx_word' id='word_1_171' title='bbox 991 2232 1025 2286; x_wconf 89' lang='lat' dir='ltr'><strong>et</strong></span> <span class='ocrx_word' id='word_1_172' title='bbox 1037 2222 1113 2284; x_wconf 92' lang='lat' dir='ltr'><strong>ideo</strong></span> 
     </span>
     <span class='ocr_line' id='line_1_21' title="bbox 21 2319 1112 2406; baseline 0.007 -27"><span class='ocrx_word' id='word_1_173' title='bbox 21 2319 196 2387; x_wconf 89' lang='lat' dir='ltr'><strong>dumtaxat</strong></span> <span class='ocrx_word' id='word_1_174' title='bbox 223 2325 411 2388; x_wconf 87' lang='lat' dir='ltr'><strong>mortificari</strong></span> <span class='ocrx_word' id='word_1_175' title='bbox 438 2326 591 2389; x_wconf 91' lang='lat' dir='ltr'><strong>dicuntur</strong></span> <span class='ocrx_word' id='word_1_176' title='bbox 617 2326 695 2406; x_wconf 91' lang='lat' dir='ltr'><strong>quia</strong></span> <span class='ocrx_word' id='word_1_177' title='bbox 722 2345 780 2405; x_wconf 93' lang='lat' dir='ltr'><strong>per</strong></span> <span class='ocrx_word' id='word_1_178' title='bbox 805 2335 979 2406; x_wconf 87' lang='lat' dir='ltr'><strong>peccatum</strong></span> <span class='ocrx_word' id='word_1_179' title='bbox 1006 2345 1026 2387; x_wconf 95' lang='lat' dir='ltr'><strong>a</strong></span> <span class='ocrx_word' id='word_1_180' title='bbox 1051 2346 1112 2388; x_wconf 90' lang='lat' dir='ltr'><strong>suo</strong></span> 
     </span>
     <span class='ocr_line' id='line_1_22' title="bbox 20 2420 1112 2510; baseline 0.009 -30"><span class='ocrx_word' id='word_1_181' title='bbox 20 2420 135 2486; x_wconf 64' lang='lat' dir='ltr'><strong>effectu</strong></span> <span class='ocrx_word' id='word_1_182' title='bbox 157 2427 393 2507; x_wconf 89' lang='lat' dir='ltr'><strong>impediuntur,</strong></span> <span class='ocrx_word' id='word_1_183' title='bbox 408 2437 572 2508; x_wconf 91' lang='lat' dir='ltr'><strong>quatenus</strong></span> <span class='ocrx_word' id='word_1_184' title='bbox 596 2427 779 2490; x_wconf 86' lang='lat' dir='ltr'><strong>mortaliter</strong></span> <span class='ocrx_word' id='word_1_185' title='bbox 797 2447 938 2509; x_wconf 91' lang='lat' dir='ltr'><strong>peccans</strong></span> <span class='ocrx_word' id='word_1_186' title='bbox 956 2428 1112 2510; x_wconf 90' lang='lat' dir='ltr'><strong>indignus</strong></span> 
     </span>
     <span class='ocr_line' id='line_1_23' title="bbox 20 2527 1112 2614; baseline 0.012 -32"><span class='ocrx_word' id='word_1_187' title='bbox 20 2534 68 2585; x_wconf 90' lang='lat' dir='ltr'><strong>est</strong></span> <span class='ocrx_word' id='word_1_188' title='bbox 82 2527 150 2589; x_wconf 69' lang='lat' dir='ltr'><strong>viti</strong></span> <span class='ocrx_word' id='word_1_189' title='bbox 165 2535 309 2609; x_wconf 75' lang='lat' dir='ltr'><strong>aeterna;</strong></span> <span class='ocrx_word' id='word_1_190' title='bbox 325 2533 417 2612; x_wconf 91' lang='lat' dir='ltr'><strong>atqui</strong></span> <span class='ocrx_word' id='word_1_191' title='bbox 434 2533 500 2595; x_wconf 91' lang='lat' dir='ltr'><strong>tale</strong></span> <span class='ocrx_word' id='word_1_192' title='bbox 517 2532 793 2612; x_wconf 89' lang='lat' dir='ltr'><strong>impedimentum</strong></span> <span class='ocrx_word' id='word_1_193' title='bbox 811 2551 866 2613; x_wconf 92' lang='lat' dir='ltr'><strong>per</strong></span> <span class='ocrx_word' id='word_1_194' title='bbox 879 2533 1112 2614; x_wconf 73' lang='lat' dir='ltr'><strong>poenitentiam</strong></span> 
     </span>
    </p>
   </div>
   <div class='ocr_carea' id='block_1_3' title="bbox 19 2626 1116 3335">
    <p class='ocr_par' dir='ltr' id='par_1_5' title="bbox 19 2626 1116 3335">
     <span class='ocr_line' id='line_1_24' title="bbox 20 2626 1113 2718; baseline 0.014 -32"><span class='ocrx_word' id='word_1_195' title='bbox 20 2626 162 2707; x_wconf 90' lang='lat' dir='ltr'><strong>tollitur;</strong></span> <span class='ocrx_word' id='word_1_196' title='bbox 189 2651 268 2712; x_wconf 90' lang='lat' dir='ltr'><strong>ergo</strong></span> <span class='ocrx_word' id='word_1_197' title='bbox 284 2653 385 2715; x_wconf 91' lang='lat' dir='ltr'><strong>opera</strong></span> <span class='ocrx_word' id='word_1_198' title='bbox 401 2635 490 2714; x_wconf 91' lang='lat' dir='ltr'><strong>prius</strong></span> <span class='ocrx_word' id='word_1_199' title='bbox 512 2633 718 2711; x_wconf 85' lang='lat' dir='ltr'><strong>mortificata,</strong></span> <span class='ocrx_word' id='word_1_200' title='bbox 734 2655 792 2718; x_wconf 90' lang='lat' dir='ltr'><strong>per</strong></span> <span class='ocrx_word' id='word_1_201' title='bbox 810 2636 1043 2716; x_wconf 88' lang='lat' dir='ltr'><strong>poenitentiam</strong></span> <span class='ocrx_word' id='word_1_202' title='bbox 1065 2660 1113 2700; x_wconf 93' lang='lat' dir='ltr'><strong>re·</strong></span> 
     </span>
     <span class='ocr_line' id='line_1_25' title="bbox 20 2736 1113 2821; baseline 0.012 -30"><span class='ocrx_word' id='word_1_203' title='bbox 20 2744 176 2812; x_wconf 89' lang='lat' dir='ltr'><strong>cuperant</strong></span> <span class='ocrx_word' id='word_1_204' title='bbox 191 2736 257 2798; x_wconf 93' lang='lat' dir='ltr'><strong>vim</strong></span> <span class='ocrx_word' id='word_1_205' title='bbox 274 2737 306 2798; x_wconf 91' lang='lat' dir='ltr'><strong>in</strong></span> <span class='ocrx_word' id='word_1_206' title='bbox 323 2739 426 2800; x_wconf 88' lang='lat' dir='ltr'><strong>vitam</strong></span> <span class='ocrx_word' id='word_1_207' title='bbox 443 2748 600 2800; x_wconf 82' lang='lat' dir='ltr'><strong>aeternam</strong></span> <span class='ocrx_word' id='word_1_208' title='bbox 618 2738 818 2819; x_wconf 87' lang='lat' dir='ltr'><strong>perducendi</strong></span> <span class='ocrx_word' id='word_1_209' title='bbox 834 2757 909 2800; x_wconf 92' lang='lat' dir='ltr'><strong>eum</strong></span> <span class='ocrx_word' id='word_1_210' title='bbox 922 2739 979 2819; x_wconf 95' lang='lat' dir='ltr'><strong>qui</strong></span> <span class='ocrx_word' id='word_1_211' title='bbox 992 2760 1030 2801; x_wconf 90' lang='lat' dir='ltr'><strong>ea</strong></span> <span class='ocrx_word' id='word_1_212' title='bbox 1042 2761 1113 2821; x_wconf 91' lang='lat' dir='ltr'><strong>per·</strong></span> 
     </span>
     <span class='ocr_line' id='line_1_26' title="bbox 20 2832 1114 2924; baseline 0.013 -31"><span class='ocrx_word' id='word_1_213' title='bbox 20 2832 100 2897; x_wconf 85' lang='lat' dir='ltr'><strong>lecit</strong></span> <span class='ocrx_word' id='word_1_214' title='bbox 147 2838 200 2918; x_wconf 79' lang='lat' dir='ltr'><strong>(S.</strong></span> <span class='ocrx_word' id='word_1_215' title='bbox 221 2839 277 2902; x_wconf 79' lang='lat' dir='ltr'><strong>Tse.</strong></span> <span class='ocrx_word' id='word_1_216' title='bbox 293 2860 323 2922; x_wconf 93' lang='lat' dir='ltr'><strong>q.</strong></span> <span class='ocrx_word' id='word_1_217' title='bbox 340 2843 390 2919; x_wconf 87' lang='lat'><strong>89,</strong></span> <span class='ocrx_word' id='word_1_218' title='bbox 414 2862 440 2904; x_wconf 92' lang='lat' dir='ltr'><strong>a.</strong></span> <span class='ocrx_word' id='word_1_219' title='bbox 460 2841 498 2922; x_wconf 82' lang='lat'><strong>5).</strong></span> <span class='ocrx_word' id='word_1_220' title='bbox 548 2841 693 2904; x_wconf 88' lang='lat' dir='ltr'><strong>Aliunde</strong></span> <span class='ocrx_word' id='word_1_221' title='bbox 714 2841 805 2902; x_wconf 91' lang='lat' dir='ltr'><strong>Deus</strong></span> <span class='ocrx_word' id='word_1_222' title='bbox 827 2861 892 2902; x_wconf 93' lang='lat' dir='ltr'><strong>non</strong></span> <span class='ocrx_word' id='word_1_223' title='bbox 912 2841 983 2903; x_wconf 93' lang='lat' dir='ltr'><strong>vult</strong></span> <span class='ocrx_word' id='word_1_224' title='bbox 1004 2841 1114 2924; x_wconf 68' lang='lat' dir='ltr'><strong>aliqui</strong></span> 
     </span>
     <span class='ocr_line' id='line_1_27' title="bbox 20 2943 1114 3025; baseline 0.01 -26"><span class='ocrx_word' id='word_1_225' title='bbox 20 2943 116 3015; x_wconf 73' lang='lat' dir='ltr'><strong>poena</strong></span> <span class='ocrx_word' id='word_1_226' title='bbox 135 2945 261 3004; x_wconf 73' lang='lat' dir='ltr'><strong>aeternt</strong></span> <span class='ocrx_word' id='word_1_227' title='bbox 284 2944 400 3025; x_wconf 92' lang='lat' dir='ltr'><strong>punire</strong></span> <span class='ocrx_word' id='word_1_228' title='bbox 421 2954 594 3025; x_wconf 91' lang='lat' dir='ltr'><strong>peccatum</strong></span> <span class='ocrx_word' id='word_1_229' title='bbox 614 2944 786 3006; x_wconf 90' lang='lat' dir='ltr'><strong>remissum</strong></span> <span class='ocrx_word' id='word_1_230' title='bbox 804 2964 810 3015; x_wconf 87' lang='lat'>;</span> <span class='ocrx_word' id='word_1_231' title='bbox 837 2943 929 3024; x_wconf 91' lang='lat' dir='ltr'><strong>atqui</strong></span> <span class='ocrx_word' id='word_1_232' title='bbox 950 2945 977 3005; x_wconf 92' lang='lat' dir='ltr'><strong>si</strong></span> <span class='ocrx_word' id='word_1_233' title='bbox 997 2949 1114 3010; x_wconf 88' lang='lat' dir='ltr'><strong>merita</strong></span> 
     </span>
     <span class='ocr_line' id='line_1_28' title="bbox 19 3042 1113 3128; baseline 0.011 -27"><span class='ocrx_word' id='word_1_234' title='bbox 19 3042 107 3119; x_wconf 84' lang='lat' dir='ltr'><strong>prius</strong></span> <span class='ocrx_word' id='word_1_235' title='bbox 119 3058 311 3127; x_wconf 90' lang='lat' dir='ltr'><strong>comparata</strong></span> <span class='ocrx_word' id='word_1_236' title='bbox 324 3068 391 3110; x_wconf 94' lang='lat' dir='ltr'><strong>non</strong></span> <span class='ocrx_word' id='word_1_237' title='bbox 405 3051 662 3122; x_wconf 89' lang='lat' dir='ltr'><strong>restituerentur,</strong></span> <span class='ocrx_word' id='word_1_238' title='bbox 675 3046 772 3126; x_wconf 74' lang='lat' dir='ltr'><strong>culpa</strong></span> <span class='ocrx_word' id='word_1_239' title='bbox 785 3046 928 3120; x_wconf 70' lang='lat' dir='ltr'><strong>remissi,</strong></span> <span class='ocrx_word' id='word_1_240' title='bbox 940 3057 1113 3128; x_wconf 88' lang='lat' dir='ltr'><strong>peccatum</strong></span> 
     </span>
     <span class='ocr_line' id='line_1_29' title="bbox 20 3147 1116 3231; baseline 0.008 -24"><span class='ocrx_word' id='word_1_241' title='bbox 20 3150 116 3224; x_wconf 72' lang='lat' dir='ltr'><strong>poeni</strong></span> <span class='ocrx_word' id='word_1_242' title='bbox 141 3156 265 3211; x_wconf 80' lang='lat' dir='ltr'><strong>aeterna</strong></span> <span class='ocrx_word' id='word_1_243' title='bbox 292 3152 484 3230; x_wconf 88' lang='lat' dir='ltr'><strong>puniretur;</strong></span> <span class='ocrx_word' id='word_1_244' title='bbox 516 3170 592 3212; x_wconf 92' lang='lat' dir='ltr'><strong>nam</strong></span> <span class='ocrx_word' id='word_1_245' title='bbox 619 3149 759 3231; x_wconf 90' lang='lat' dir='ltr'><strong>privatio</strong></span> <span class='ocrx_word' id='word_1_246' title='bbox 783 3147 896 3229; x_wconf 77' lang='lat' dir='ltr'><strong>gloriae</strong></span> <span class='ocrx_word' id='word_1_247' title='bbox 923 3150 962 3210; x_wconf 93' lang='lat' dir='ltr'><strong>iis</strong></span> <span class='ocrx_word' id='word_1_248' title='bbox 990 3153 1116 3215; x_wconf 89' lang='lat' dir='ltr'><strong>meritis</strong></span> 
     </span>
     <span class='ocr_line' id='line_1_30' title="bbox 20 3250 1041 3335; baseline 0.011 -28"><span class='ocrx_word' id='word_1_249' title='bbox 20 3250 248 3331; x_wconf 89' lang='lat' dir='ltr'><strong>respondentis</strong></span> <span class='ocrx_word' id='word_1_250' title='bbox 264 3265 352 3317; x_wconf 90' lang='lat' dir='ltr'><strong>esset</strong></span> <span class='ocrx_word' id='word_1_251' title='bbox 367 3275 444 3316; x_wconf 90' lang='lat' dir='ltr'><strong>vera</strong></span> <span class='ocrx_word' id='word_1_252' title='bbox 456 3274 567 3335; x_wconf 89' lang='lat' dir='ltr'><strong>poena,</strong></span> <span class='ocrx_word' id='word_1_253' title='bbox 582 3265 616 3316; x_wconf 90' lang='lat' dir='ltr'><strong>et</strong></span> <span class='ocrx_word' id='word_1_254' title='bbox 632 3253 767 3333; x_wconf 90' lang='lat' dir='ltr'><strong>quidem</strong></span> <span class='ocrx_word' id='word_1_255' title='bbox 784 3262 930 3329; x_wconf 84' lang='lat' dir='ltr'><strong>aeterna;</strong></span> <span class='ocrx_word' id='word_1_256' title='bbox 953 3274 1041 3335; x_wconf 88' lang='lat' dir='ltr'><strong>ergo.</strong></span> 
     </span>
    </p>
   </div>
   <div class='ocr_carea' id='block_1_4' title="bbox 19 3384 1119 4158">
    <p class='ocr_par' dir='ltr' id='par_1_6' title="bbox 19 3384 1119 4158">
     <span class='ocr_line' id='line_1_31' title="bbox 49 3384 1117 3460; baseline 0.007 -21"><span class='ocrx_word' id='word_1_257' title='bbox 49 3398 89 3453; x_wconf 67' lang='lat'><strong>⁹7·</strong></span> <span class='ocrx_word' id='word_1_258' title='bbox 132 3384 179 3442; x_wconf 92' lang='lat' dir='ltr'><strong>De</strong></span> <span class='ocrx_word' id='word_1_259' title='bbox 193 3385 274 3442; x_wconf 78' lang='lat' dir='ltr'><strong>niodo</strong></span> <span class='ocrx_word' id='word_1_260' title='bbox 285 3396 384 3444; x_wconf 87' lang='lat' dir='ltr'><strong>autem</strong></span> <span class='ocrx_word' id='word_1_261' title='bbox 398 3397 428 3444; x_wconf 84' lang='lat' dir='ltr'><strong>et</strong></span> <span class='ocrx_word' id='word_1_262' title='bbox 437 3387 536 3458; x_wconf 82' lang='lat' dir='ltr'><strong>gradu</strong></span> <span class='ocrx_word' id='word_1_263' title='bbox 553 3403 614 3458; x_wconf 92' lang='lat' dir='ltr'><strong>quo</strong></span> <span class='ocrx_word' id='word_1_264' title='bbox 631 3385 734 3442; x_wconf 84' lang='lat' dir='ltr'><strong>merita</strong></span> <span class='ocrx_word' id='word_1_265' title='bbox 754 3384 931 3444; x_wconf 89' lang='lat' dir='ltr'><strong>reviviscunt</strong></span> <span class='ocrx_word' id='word_1_266' title='bbox 950 3386 1117 3460; x_wconf 87' lang='lat' dir='ltr'><strong>disputatur</strong></span> 
     </span>
     <span class='ocr_line' id='line_1_32' title="bbox 19 3465 710 3544; baseline 0.004 -19"><span class='ocrx_word' id='word_1_267' title='bbox 19 3465 92 3526; x_wconf 86' lang='lat' dir='ltr'><strong>inter</strong></span> <span class='ocrx_word' id='word_1_268' title='bbox 105 3469 272 3542; x_wconf 79' lang='lat' dir='ltr'><strong>theologos,</strong></span> <span class='ocrx_word' id='word_1_269' title='bbox 287 3484 316 3529; x_wconf 91' lang='lat' dir='ltr'><strong>et</strong></span> <span class='ocrx_word' id='word_1_270' title='bbox 329 3473 370 3528; x_wconf 91' lang='lat' dir='ltr'><strong>nil</strong></span> <span class='ocrx_word' id='word_1_271' title='bbox 383 3473 455 3531; x_wconf 87' lang='lat' dir='ltr'><strong>certi</strong></span> <span class='ocrx_word' id='word_1_272' title='bbox 468 3472 584 3532; x_wconf 89' lang='lat' dir='ltr'><strong>deliniri</strong></span> <span class='ocrx_word' id='word_1_273' title='bbox 597 3482 710 3544; x_wconf 85' lang='lat' dir='ltr'><strong>potest:</strong></span> 
     </span>
     <span class='ocr_line' id='line_1_33' title="bbox 21 3553 1114 3635; baseline 0.005 -21"><span class='ocrx_word' id='word_1_274' title='bbox 21 3556 56 3620; x_wconf 81' lang='lat' dir='ltr'><strong>(a)</strong></span> <span class='ocrx_word' id='word_1_275' title='bbox 65 3553 163 3610; x_wconf 90' lang='lat' dir='ltr'><strong>Prima</strong></span> <span class='ocrx_word' id='word_1_276' title='bbox 176 3555 279 3626; x_wconf 90' lang='lat' dir='ltr'><strong>opinio</strong></span> <span class='ocrx_word' id='word_1_277' title='bbox 292 3567 458 3626; x_wconf 87' lang='lat' dir='ltr'><strong>tener,.cum</strong></span> <span class='ocrx_word' id='word_1_278' title='bbox 472 3559 501 3618; x_wconf 86' lang='lat' dir='ltr'><strong>S.</strong></span> <span class='ocrx_word' id='word_1_279' title='bbox 510 3559 723 3616; x_wconf 70' lang='lat' dir='ltr'><strong>Boraeaveuturii</strong></span> <span class='ocrx_word' id='word_1_280' title='bbox 732 3559 800 3632; x_wconf 88' lang='lat' dir='ltr'><strong>(in4</strong></span> <span class='ocrx_word' id='word_1_281' title='bbox 811 3559 878 3617; x_wconf 89' lang='lat' dir='ltr'><strong>dist.</strong></span> <span class='ocrx_word' id='word_1_282' title='bbox 890 3560 965 3616; x_wconf 91' lang='lat' dir='ltr'><strong>X1V</strong></span> <span class='ocrx_word' id='word_1_283' title='bbox 974 3578 1002 3633; x_wconf 89' lang='lat' dir='ltr'><strong>p.</strong></span> <span class='ocrx_word' id='word_1_284' title='bbox 1016 3579 1039 3632; x_wconf 89' lang='lat'><strong>2,</strong></span> <span class='ocrx_word' id='word_1_285' title='bbox 1051 3579 1076 3618; x_wconf 92' lang='lat' dir='ltr'><strong>a.</strong></span> <span class='ocrx_word' id='word_1_286' title='bbox 1089 3583 1114 3635; x_wconf 91' lang='lat'><strong>2,</strong></span> 
     </span>
     <span class='ocr_line' id='line_1_34' title="bbox 19 3642 1118 3721; baseline 0.016 -29"><span class='ocrx_word' id='word_1_287' title='bbox 19 3655 44 3706; x_wconf 88' lang='lat' dir='ltr'><strong>q.</strong></span> <span class='ocrx_word' id='word_1_288' title='bbox 60 3645 94 3707; x_wconf 87' lang='lat' dir='ltr'><strong>r),</strong></span> <span class='ocrx_word' id='word_1_289' title='bbox 105 3656 196 3711; x_wconf 87' lang='lat' dir='ltr'><strong>opera</strong></span> <span class='ocrx_word' id='word_1_290' title='bbox 206 3642 382 3699; x_wconf 85' lang='lat' dir='ltr'><strong>mortificata</strong></span> <span class='ocrx_word' id='word_1_291' title='bbox 395 3645 567 3703; x_wconf 89' lang='lat' dir='ltr'><strong>reviviscere</strong></span> <span class='ocrx_word' id='word_1_292' title='bbox 580 3648 676 3705; x_wconf 90' lang='lat' dir='ltr'><strong>solum</strong></span> <span class='ocrx_word' id='word_1_293' title='bbox 689 3666 725 3705; x_wconf 92' lang='lat' dir='ltr'><strong>eo</strong></span> <span class='ocrx_word' id='word_1_294' title='bbox 739 3667 825 3706; x_wconf 90' lang='lat' dir='ltr'><strong>sensu</strong></span> <span class='ocrx_word' id='word_1_295' title='bbox 839 3650 921 3720; x_wconf 93' lang='lat' dir='ltr'><strong>quod</strong></span> <span class='ocrx_word' id='word_1_296' title='bbox 934 3648 1027 3720; x_wconf 85' lang='lat' dir='ltr'><strong>gloria</strong></span> <span class='ocrx_word' id='word_1_297' title='bbox 1037 3651 1118 3721; x_wconf 87' lang='lat' dir='ltr'><strong>justo</strong></span> 
     </span>
     <span class='ocr_line' id='line_1_35' title="bbox 19 3729 1119 3811; baseline 0.015 -33"><span class='ocrx_word' id='word_1_298' title='bbox 19 3740 34 3778; x_wconf 90' lang='lat' dir='ltr'><strong>a</strong></span> <span class='ocrx_word' id='word_1_299' title='bbox 53 3736 177 3796; x_wconf 90' lang='lat' dir='ltr'><strong>peccato</strong></span> <span class='ocrx_word' id='word_1_300' title='bbox 196 3729 359 3799; x_wconf 85' lang='lat' dir='ltr'><strong>resurgenti</strong></span> <span class='ocrx_word' id='word_1_301' title='bbox 378 3729 497 3788; x_wconf 83' lang='lat' dir='ltr'><strong>dabitur</strong></span> <span class='ocrx_word' id='word_1_302' title='bbox 515 3732 624 3804; x_wconf 80' lang='lat' dir='ltr'><strong>duplici</strong></span> <span class='ocrx_word' id='word_1_303' title='bbox 644 3735 736 3806; x_wconf 75' lang='lat' dir='ltr'><strong>triuio,</strong></span> <span class='ocrx_word' id='word_1_304' title='bbox 758 3735 895 3792; x_wconf 87' lang='lat' dir='ltr'><strong>videlicet</strong></span> <span class='ocrx_word' id='word_1_305' title='bbox 915 3745 977 3792; x_wconf 86' lang='lat' dir='ltr'><strong>tum</strong></span> <span class='ocrx_word' id='word_1_306' title='bbox 997 3748 1119 3811; x_wconf 89' lang='lat' dir='ltr'><strong>propter</strong></span> 
     </span>
     <span class='ocr_line' id='line_1_36' title="bbox 20 3813 1117 3894; baseline 0.015 -28"><span class='ocrx_word' id='word_1_307' title='bbox 20 3813 121 3869; x_wconf 88' lang='lat' dir='ltr'><strong>merita</strong></span> <span class='ocrx_word' id='word_1_308' title='bbox 134 3814 341 3886; x_wconf 85' lang='lat' dir='ltr'><strong>praecedentia,</strong></span> <span class='ocrx_word' id='word_1_309' title='bbox 353 3825 415 3874; x_wconf 89' lang='lat' dir='ltr'><strong>tum</strong></span> <span class='ocrx_word' id='word_1_310' title='bbox 430 3830 551 3890; x_wconf 88' lang='lat' dir='ltr'><strong>propter</strong></span> <span class='ocrx_word' id='word_1_311' title='bbox 563 3839 640 3878; x_wconf 86' lang='lat' dir='ltr'><strong>nova</strong></span> <span class='ocrx_word' id='word_1_312' title='bbox 652 3823 690 3879; x_wconf 89' lang='lat' dir='ltr'><strong>ab</strong></span> <span class='ocrx_word' id='word_1_313' title='bbox 705 3823 807 3880; x_wconf 71' lang='lat' dir='ltr'><strong>ultimi</strong></span> <span class='ocrx_word' id='word_1_314' title='bbox 819 3822 1028 3894; x_wconf 74' lang='lat' dir='ltr'><strong>iustificatione</strong></span> <span class='ocrx_word' id='word_1_315' title='bbox 1037 3843 1117 3883; x_wconf 88' lang='lat' dir='ltr'><strong>com·</strong></span> 
     </span>
     <span class='ocr_line' id='line_1_37' title="bbox 20 3906 1118 3982; baseline 0.012 -25"><span class='ocrx_word' id='word_1_316' title='bbox 20 3912 127 3970; x_wconf 85' lang='lat' dir='ltr'><strong>parata,</strong></span> <span class='ocrx_word' id='word_1_317' title='bbox 143 3920 204 3960; x_wconf 91' lang='lat' dir='ltr'><strong>non</strong></span> <span class='ocrx_word' id='word_1_318' title='bbox 223 3912 322 3962; x_wconf 88' lang='lat' dir='ltr'><strong>tamen</strong></span> <span class='ocrx_word' id='word_1_319' title='bbox 342 3906 437 3977; x_wconf 89' lang='lat' dir='ltr'><strong>major</strong></span> <span class='ocrx_word' id='word_1_320' title='bbox 455 3925 545 3978; x_wconf 85' lang='lat' dir='ltr'><strong>quarn</strong></span> <span class='ocrx_word' id='word_1_321' title='bbox 565 3908 647 3966; x_wconf 90' lang='lat' dir='ltr'><strong>hisce</strong></span> <span class='ocrx_word' id='word_1_322' title='bbox 666 3909 776 3966; x_wconf 87' lang='lat' dir='ltr'><strong>ultimis</strong></span> <span class='ocrx_word' id='word_1_323' title='bbox 789 3909 933 3982; x_wconf 80' lang='lat' dir='ltr'><strong>debetur3</strong></span> <span class='ocrx_word' id='word_1_324' title='bbox 952 3912 1006 3969; x_wconf 90' lang='lat' dir='ltr'><strong>erit</strong></span> <span class='ocrx_word' id='word_1_325' title='bbox 1018 3922 1118 3971; x_wconf 84' lang='lat' dir='ltr'><strong>tamen</strong></span> 
     </span>
     <span class='ocr_line' id='line_1_38' title="bbox 20 3990 1119 4070; baseline 0.013 -28"><span class='ocrx_word' id='word_1_326' title='bbox 20 3990 140 4060; x_wconf 86' lang='lat' dir='ltr'><strong>aliquod</strong></span> <span class='ocrx_word' id='word_1_327' title='bbox 149 3991 305 4062; x_wconf 90' lang='lat' dir='ltr'><strong>praemium</strong></span> <span class='ocrx_word' id='word_1_328' title='bbox 318 3993 486 4050; x_wconf 67' lang='lat' dir='ltr'><strong>accidentale</strong></span> <span class='ocrx_word' id='word_1_329' title='bbox 499 4011 553 4066; x_wconf 89' lang='lat' dir='ltr'><strong>pro</strong></span> <span class='ocrx_word' id='word_1_330' title='bbox 566 3994 709 4068; x_wconf 88' lang='lat' dir='ltr'><strong>operibus</strong></span> <span class='ocrx_word' id='word_1_331' title='bbox 718 3996 963 4068; x_wconf 87' lang='lat' dir='ltr'><strong>praecedentibus,</strong></span> <span class='ocrx_word' id='word_1_332' title='bbox 971 4009 1119 4070; x_wconf 89' lang='lat' dir='ltr'><strong>quatenus</strong></span> 
     </span>
     <span class='ocr_line' id='line_1_39' title="bbox 21 4078 1118 4158; baseline 0.01 -24"><span class='ocrx_word' id='word_1_333' title='bbox 21 4078 56 4135; x_wconf 93' lang='lat' dir='ltr'><strong>de</strong></span> <span class='ocrx_word' id='word_1_334' title='bbox 69 4079 186 4137; x_wconf 88' lang='lat' dir='ltr'><strong>illorum</strong></span> <span class='ocrx_word' id='word_1_335' title='bbox 199 4080 402 4139; x_wconf 71' lang='lat' dir='ltr'><strong>reviviscendi</strong></span> <span class='ocrx_word' id='word_1_336' title='bbox 416 4081 591 4152; x_wconf 79' lang='lat' dir='ltr'><strong>gaudebunt</strong></span> <span class='ocrx_word' id='word_1_337' title='bbox 604 4083 700 4142; x_wconf 70' lang='lat' dir='ltr'><strong>elesii.</strong></span> <span class='ocrx_word' id='word_1_338' title='bbox 739 4084 816 4156; x_wconf 82' lang='lat' dir='ltr'><strong>Quae</strong></span> <span class='ocrx_word' id='word_1_339' title='bbox 829 4095 928 4143; x_wconf 85' lang='lat' dir='ltr'><strong>tamen</strong></span> <span class='ocrx_word' id='word_1_340' title='bbox 942 4087 1046 4158; x_wconf 91' lang='lat' dir='ltr'><strong>opinio</strong></span> <span class='ocrx_word' id='word_1_341' title='bbox 1059 4105 1118 4145; x_wconf 90' lang='lat' dir='ltr'><strong>me-</strong></span> 
     </span>
    </p>
   </div>
   <div class='ocr_carea' id='block_1_5' title="bbox 53 4276 373 4460">
    <p class='ocr_par' dir='ltr' id='par_1_7' title="bbox 53 4276 373 4460">
     <span class='ocr_line' id='line_1_40' title="bbox 53 4276 285 4347; baseline -0.009 -11"><span class='ocrx_word' id='word_1_342' title='bbox 53 4276 171 4336; x_wconf 67' lang='grc' dir='ltr'><strong>1ΟαΙαΙ.</strong></span> <span class='ocrx_word' id='word_1_343' title='bbox 189 4282 246 4346; x_wconf 87' lang='grc' dir='ltr'><strong>ΙΙΙ,</strong></span> <span class='ocrx_word' id='word_1_344' title='bbox 260 4297 285 4347; x_wconf 84' lang='grc'><strong>4.</strong></span> 
     </span>
     <span class='ocr_line' id='line_1_41' title="bbox 106 4399 373 4460; baseline 0 -14"><span class='ocrx_word' id='word_1_345' title='bbox 106 4401 233 4447; x_wconf 81' lang='lat' dir='ltr'><strong>Svuorsrs</strong></span> <span class='ocrx_word' id='word_1_346' title='bbox 244 4399 290 4448; x_wconf 85' lang='grc' dir='ltr'><strong>ΙΙΙ.</strong></span> <span class='ocrx_word' id='word_1_347' title='bbox 304 4425 329 4434; x_wconf 88' lang='grc'>-</span> <span class='ocrx_word' id='word_1_348' title='bbox 343 4413 373 4460; x_wconf 79' lang='lat'><strong>35</strong></span> 
     </span>
    </p>
   </div>
   <div class='ocr_carea' id='block_1_6' title="bbox 0 0 1384 4652">
    <p class='ocr_par' dir='ltr' id='par_1_8' title="bbox 0 0 1384 4652">
     <span class='ocr_line' id='line_1_42' title="bbox 0 0 1384 4652; baseline 0 1"><span class='ocrx_word' id='word_1_349' title='bbox 0 0 1384 4652; x_wconf 95' lang='lat' dir='ltr'><strong> </strong></span> 
     </span>
    </p>
   </div>
  </div>
 </body>
</html>
