2752 4648
247 181 317 232 ⁴20
629 195 631 200 ’
696 182 835 234 CAPUT
852 183 894 234 11.

291 360 393 425 Unde
415 359 563 424 dicemus
578 381 585 422 z
613 372 644 422 10
660 359 713 426 De
728 360 871 424 utilitate
885 359 1130 426 communionis
1146 357 1322 440 frequentis;

246 477 283 525 20
300 464 352 526 De
369 463 490 544 regulis
505 464 537 526 in
554 462 625 545 ejus
641 464 738 546 praxi
755 463 933 530 servandis.

627 623 659 673 10
673 609 726 674 De
739 612 808 692 qirs
823 611 972 673 utilitate.
1011 696 1013 700 .

289 743 355 824 148.
395 745 493 804 rhesis
503 770 514 804 .·
528 733 743 807 communio
758 728 926 824 frequens
942 747 999 813 est
1012 742 1118 807 valde
1132 740 1237 834 utilis,
1247 739 1324 804 dun·

246 842 355 907 modo
369 841 545 922 speciales
560 840 815 920 dispositiones
829 841 1037 912 habeantur.

290 941 458 1005 Probatur
476 951 504 1003 1²
511 953 595 1023 pars
607 965 619 1005 .·
644 936 709 1026 (A)
733 941 790 1003 Ex
811 941 907 1022 praxi
932 941 1100 1024 primaevae
1125 939 1285 1012 Ecclesia,
1302 937 1325 997 in

247 1052 313 1129 qua
344 1045 457 1109 fideles
479 1048 671 1126 frequenter
698 1045 969 1132 communionem
999 1043 1216 1126 accipiebant.
1266 1043 1326 1123 Jan

246 1150 336 1213 enim
361 1150 393 1211 in
416 1149 488 1211 Art.
505 1148 755 1230 Apostolorum
772 1149 815 1210 de
832 1147 1028 1211 Christianis
1049 1147 1193 1210 dicitur:
1215 1145 1327 1208 “Erant

248 1251 549 1335 perseverantes...
578 1251 612 1311 in
644 1251 876 1313 communione
911 1249 1079 1314 fractionis
1112 1251 1242 1332 panis’',
1268 1267 1327 1330 qua

246 1357 382 1437 quidem
399 1354 499 1417 verba
515 1353 557 1415 ad
575 1353 820 1416 Eucharistiam
836 1352 1009 1416 manifeste
1025 1352 1218 1416 referuntur.
1252 1354 1328 1413 Insu-

247 1467 306 1542 per
324 1458 358 1521 S.
378 1457 561 1538 Cyprianus
575 1455 657 1519 dicit
669 1468 701 1518 2:
724 1463 740 1488 “
753 1456 997 1520 Eucharistiam
1013 1457 1155 1538 quotidie
1176 1458 1217 1522 ad
1236 1455 1328 1517 cibun

248 1562 365 1625 salutis
381 1559 562 1641 accipimus
574 1557 598 1620 ''.
646 1557 764 1621 Primis
780 1560 939 1622 Ecclesiae
955 1559 1084 1623 saeculis
1101 1558 1214 1622 fideles
1229 1575 1329 1638 corpus

248 1663 372 1730 Christi
388 1664 532 1744 recipere
547 1661 700 1724 solebant
715 1663 988 1746 quotiescumque
1007 1663 1120 1726 Missae
1139 1663 1329 1728 assistebant,

248 1765 266 1827 i.
283 1784 310 1828 e.
329 1763 389 1837 bis,
411 1770 470 1836 ter,
489 1760 540 1822 vel
567 1771 684 1841 quater
707 1762 740 1822 in
767 1761 986 1838 hebdomade,
1008 1764 1192 1826 secundum
1219 1762 1330 1824 diversa
1367 1839 1368 1848 ἵ

247 1879 423 1950 tempora.;
442 1873 568 1946 postea,
584 1885 604 1926 a
619 1865 737 1946 quinto
752 1867 795 1927 ad
813 1885 937 1929 nonum
955 1866 1083 1931 circiter
1098 1868 1265 1941 saeculum,
1273 1865 1330 1926 lnb-
1367 1855 1368 1860 ¹

247 1969 442 2034 domadan'a
457 1969 650 2031 communio
665 1969 698 2030 in
716 1969 881 2051 plerisque
901 1970 1048 2033 ecclesiis
1064 1971 1172 2052 viguit
1190 1994 1197 2032 :
1219 1969 1331 2042 deinde,

248 2086 416 2140 crescente
439 2073 586 2138 fidelium
610 2093 759 2149 numero,
774 2072 943 2136 decretum
967 2083 1018 2134 est
1042 2083 1078 2136 ut
1100 2073 1220 2135 saltem
1242 2083 1287 2136 ter
1305 2071 1330 2131 in

247 2200 338 2246 anno
354 2178 467 2242 fideles
484 2175 727 2240 Eucharistiam
742 2177 933 2260 reciperent,
949 2177 980 2239 in
1000 2176 1122 2252 Natali,
1140 2177 1294 2240 Paschate
1306 2183 1332 2236 et

249 2283 477 2348 pentecostes.
524 2279 632 2361 Quale
654 2291 765 2344 autem
786 2282 828 2344 sit
848 2279 947 2344 hodie
968 2281 1127 2344 Ecclesiae
1149 2281 1331 2344 desiderium

248 2395 380 2448 constat
404 2405 447 2446 ex
479 2381 567 2445 Tn'd.
581 2381 614 2445 ⁴:
641 2383 810 2465 “Optaret
835 2383 1046 2448 sacrosan&
1071 2385 1230 2466 Synodus
1253 2384 1331 2448 utin

248 2489 387 2570 singulis
405 2487 516 2548 Missis
534 2485 648 2549 fideles
664 2496 813 2552 astantes
829 2506 894 2550 non
912 2486 1018 2550 solum
1036 2488 1199 2569 spirituali
1220 2484 1332 2556 affeetu,

247 2590 306 2652 sed
323 2589 554 2652 sacramentali
570 2590 671 2652 etiam
689 2590 907 2652 Eucharistiae
926 2591 1139 2672 perceptione
1162 2590 1330 2654 communi·
1366 2597 1367 2616 ³

248 2701 361 2758 carent
371 2692 394 2754 ’'.

293 2791 360 2882 (B)
376 2795 432 2856 Ex
449 2793 570 2856 naturai
587 2796 689 2876 ipsius
705 2796 902 2859 sacramenti
918 2819 925 2858 z
949 2795 1000 2877 (a)
1014 2795 1090 2860 Hoc
1102 2806 1330 2860 sacramentum

247 2915 305 2978 per
321 2895 458 2957 modum
474 2893 538 2957 cibi
551 2893 739 2958 institutum
764 2893 826 2962 luit
842 2917 848 2972 ;
872 2895 963 2975 atqui
981 2895 1074 2959 cibus
1091 2896 1278 2986 frequenter
1291 2915 1331 2954 su·

247 2997 356 3072 mitur,
381 3006 417 3060 ut
445 2997 530 3060 vires
560 3000 707 3079 corporis
739 3009 932 3081 reparentur
961 3009 994 3062 et
1024 3010 1232 3080 augeantur;
1261 3017 1332 3079 ergo.
1366 3079 1367 3086 ἵ

250 3097 298 3182 (b)
316 3098 372 3159 Ex
388 3098 548 3178 effetiibus
566 3100 784 3165 Eucharistiae
809 3123 908 3184 supra
932 3101 1105 3182 descriptis
1122 3103 1273 3166 concludi
1287 3118 1332 3182 po-

246 3211 313 3265 test
336 3203 605 3268 communionem
631 3206 705 3287 plus
730 3208 880 3270 minusve
907 3207 1114 3289 frequentem
1140 3208 1254 3270 utilem
1276 3221 1333 3268 esse

239 3304 465 3385 peccatoribus,
491 3316 527 3369 ut
555 3328 574 3369 a
601 3310 827 3390 spiritualibus
856 3309 979 3372 morbis
1005 3321 1162 3374 curentur
1184 3321 1218 3374 et
1240 3309 1333 3372 sutura

247 3417 383 3488 peccata
401 3409 517 3472 melius
533 3422 759 3492 praecaveant;
783 3413 957 3476 animabus
973 3433 1047 3494 quae
1056 3413 1211 3494 preficere
1224 3412 1332 3479 volunt.

246 3520 282 3572 ut
299 3509 463 3574 efficacius
479 3515 620 3576 tendant
637 3517 679 3577 ad
697 3517 854 3582 unionem
879 3539 954 3581 cum
979 3515 1121 3592 Christo,
1138 3518 1172 3579 in
1192 3521 1255 3598 qua
1273 3531 1332 3596 per·

246 3610 346 3675 lediio
361 3613 534 3693 consistit;
557 3626 591 3677 et
614 3618 750 3679 tandem
767 3620 928 3699 perseciz's,
946 3630 981 3683 ut
1005 3642 1064 3703 per
1084 3622 1236 3686 intimam
1253 3620 1331 3684 unio·

247 3735 322 3778 nem
340 3735 414 3779 cum
432 3715 565 3780 Christo
582 3721 688 3801 magis
704 3741 742 3782 ac
760 3721 865 3803 magis
883 3721 1093 3804 perficiantur
1103 3735 1124 3787 ⁵.

282 3949 290 3972 ¹
303 3940 364 3992 All.
381 3940 420 4006 11,
434 3955 475 4004 42.
487 3973 521 3980 -
534 3938 543 3960 ²
557 3942 683 4012 Exposit.
698 3953 768 3996 orat.
785 3942 890 3996 domin.

279 4023 346 4078 Ἦ.
361 4027 501 4092 Martem,
514 4028 549 4083 de
569 4030 663 4100 Antiq.
679 4030 785 4097 ritibus,
804 4030 852 4084 lib.
871 4032 891 4096 1,
911 4047 933 4084 c
949 4045 973 4098 4,
986 4047 1011 4086 a
1029 4047 1069 4097 ro,
1086 4049 1112 4086 n.
1128 4051 1166 4099 2.;
1186 4035 1282 4089 Peleo.
1296 4044 1330 4098 op·

310 4109 355 4162 'lb.
374 4111 473 4173 11-1V;
492 4115 659 4182 Dargairns,
673 4134 718 4186 op.
734 4117 781 4170 cit.
797 4127 867 4186 part.
884 4119 939 4186 111,
956 4121 976 4174 1.

330 4211 376 4251 res.
394 4197 491 4262 XXll,
504 4215 563 4267 cap.
579 4203 615 4266 6;
634 4204 669 4258 cl.
686 4221 755 4258 sess.
769 4205 856 4266 xllt,
873 4221 934 4274 cap.
950 4207 976 4259 8.

351 4283 451 4336 Franc.
467 4285 602 4354 scelestus,
621 4290 726 4345 lntrod.
742 4293 759 4344 a
773 4292 799 4346 la
814 4292 866 4346 l'ie
879 4293 990 4358 devote,
1008 4307 1036 4348 2²
1049 4307 1120 4365 part.
1135 4298 1179 4351 cb.
1195 4313 1235 4352 at.
