2808 4664
257 579 261 588 ’
358 635 534 726 HUJUS
561 635 869 708 VOLUMINIS.

54 1409 206 1468 Audiores
220 1411 401 1470 consulendi
417 1455 1058 1472 ........

55 1508 153 1566 Conc.
171 1507 338 1568 Tridentini
358 1511 485 1568 Decreta
503 1519 533 1566 et
548 1509 689 1568 Canones
691 1553 1057 1568 .....

56 1604 218 1664 Traftatsss
232 1605 386 1682 objefiium
401 1618 431 1666 et
445 1607 605 1666 utilitas.
687 1651 693 1664 .
961 1651 967 1664 .
1051 1651 1058 1663 .

60 1701 178 1763 Divisio
235 1747 1058 1762 ..........

55 1801 171 1858 Gratiae
186 1801 270 1860 notio
281 1801 382 1876 quoad
398 1820 509 1860 nomen
525 1811 554 1859 et
569 1802 669 1876 quoad
685 1819 746 1859 rem
779 1845 785 1858 .
870 1845 876 1858 .

58 1897 224 1972 Praecipuae
239 1896 400 1956 divisiones
414 1897 515 1974 gratiae

55 1994 183 2062 Errores
198 1994 340 2069 praecipni
355 1996 433 2053 circa
448 1995 571 2068 gratiani
600 2037 1057 2055 ......

357 2121 469 2192 CAP.
489 2122 514 2192 1.
534 2121 589 2190 De
606 2121 715 2209 gratia
732 2106 865 2190 aeiuali.

55 2260 136 2315 Ana.
156 2258 179 2315 I.
198 2248 711 2318 Dn'Gnnnn:ncnunnisnaruan
777 2305 783 2316 .
868 2303 874 2316 .
960 2304 966 2317 .
1050 2303 1057 2316 .

54 2429 57 2442 Ι
140 2353 223 2429 Quid
238 2356 319 2415 venit
335 2357 391 2416 sub
407 2359 529 2415 nornine
544 2357 643 2432 gratiae
658 2356 800 2414 annalis?
870 2401 875 2412 .
961 2400 967 2413 .
1051 2401 1056 2412 .

140 2441 293 2526 Quasnam
310 2452 386 2512 vires
401 2455 493 2528 gratia
508 2453 632 2512 amalis
646 2455 779 2512 confert?
868 2499 875 2511 .
960 2498 965 2512 .
1050 2498 1055 2510 .

141 2539 288 2622 Quaenam
304 2565 373 2609 sunt
388 2550 474 2609 variae
490 2551 589 2626 gratiae
604 2549 727 2609 abinalis
742 2548 878 2625 species?
932 2551 934 2554 ’
960 2595 966 2607 .
1051 2595 1056 2606 .

55 2637 808 2730 nai.11.ninamicininsxacsssfflma
870 2689 875 2700 .
960 2688 966 2700 .
1036 2643 1055 2701 '.

141 2741 196 2810 §L
212 2744 266 2800 Ad
277 2753 362 2817 opera
379 2745 532 2802 naturalia
595 2790 601 2801 .
687 2789 693 2800 .
779 2773 785 2800 a
868 2788 874 2798 .
958 2787 964 2797 .
1049 2785 1055 2796 .

85 2821 88 2828 ⁴
159 2835 164 2843 ⁷
180 2839 228 2897 Ad
244 2833 334 2914 npera
350 2840 428 2899 bona
445 2843 473 2898 in
490 2859 597 2916 genere
614 2862 620 2898 :
643 2838 717 2914 quid
732 2847 830 2914 potest
846 2839 938 2895 homo
959 2839 1057 2912 lapsus

101 3005 102 3010 ἵ
180 2929 182 2938 ’
204 2925 283 2993 'sine
299 2939 390 3012 gratia
405 2937 558 3006 habituali,
577 2935 641 2993 sine
657 2937 723 3007 fide,
741 2936 805 2993 sine
818 2937 910 3010 grani
925 2933 1056 3018 aiiuali‘?

85 3106 88 3110 1
157 3025 163 3037 ’
181 3031 230 3088 Ad
245 3021 424 3111 'tentationes
440 3032 622 3108 superandas
686 3076 1056 3092 .....

160 3123 228 3187 'Ad
244 3121 339 3204 iegeni
356 3132 519 3187 naturalem
531 3129 706 3188 servandam
777 3173 783 3184 .
867 3173 873 3186 .
958 3174 964 3187 .
1048 3174 1054 3187 .

180 3221 229 3282 Ad
246 3227 345 3282 Deum
362 3227 548 3302 diligendum
595 3271 1055 3288 ......

140 3319 155 3391 ἓ
174 3321 214 3380 ΙΙ.
231 3324 284 3379 Ad
295 3333 380 3398 opera
395 3326 606 3399 supernatural
605 3325 635 3381 ia
686 3368 1055 3385 .....

53 3401 56 3412 ⁴
181 3419 229 3478 Ad
244 3439 335 3495 opera
350 3439 416 3496 quae
437 3420 681 3496 justificationem
704 3425 883 3497 praecedunt,
901 3424 990 3482 etiam
1006 3424 1057 3482 ini

53 3502 102 3516 '¹
220 3517 293 3574 tium
309 3517 379 3576 fidei
414 3563 1055 3580 ........

178 3609 227 3668 Ad
243 3628 333 3685 opera
352 3630 418 3686 quae
438 3611 681 3685 justificationem
697 3629 867 3692 sequuntur,
884 3636 923 3675 se.
940 3616 979 3677 ad
994 3637 1057 3694 per-

52 3686 58 3720 ⁴'
159 3705 163 3714 “
218 3705 413 3766 severantiam
434 3708 464 3766 in
487 3706 575 3783 bo'no,
592 3707 631 3771 ad
656 3712 902 3788 perseverantiam
926 3715 1055 3785 finalem,

158 3801 256 3863 ad
272 3806 393 3864 vitanda
408 3805 536 3865 venialia
596 3853 1054 3870 ......

56 3887 135 3960 A'an.
154 3899 212 3960 111.
232 3900 874 3964 Danisnanswnnionncannancnniils.
959 3952 965 3965 .
1049 3955 1056 3967 .

101 3991 103 3998 ’
138 3994 549 4076 §¹1.D'egratuitategran'ae
594 4047 600 4060 .
685 4051 691 4063 .
777 4015 803 4063 .'
867 4049 872 4062 .
1049 4052 1054 4064 .
1119 4011 1158 4066 60

55 4091 58 4097 ’
157 4095 159 4100 ’
179 4092 276 4155 Prinia
297 4093 389 4174 gratia
409 4117 507 4174 neque
521 4094 561 4158 ¹de
576 4101 727 4175 condigno
748 4097 845 4176 neque
865 4102 903 4159 de
923 4119 1057 4180 congruo
1139 4157 1141 4166 .

220 4211 347 4254 meretur
