<?xml version="1.0" encoding="UTF-8"?>
<!DOCTYPE html PUBLIC "-//W3C//DTD XHTML 1.0 Transitional//EN"
    "http://www.w3.org/TR/xhtml1/DTD/xhtml1-transitional.dtd">
<html xmlns="http://www.w3.org/1999/xhtml" xml:lang="en" lang="en">
 <head>
  <title>
</title>
<meta http-equiv="Content-Type" content="text/html;charset=utf-8" />
  <meta name='ocr-system' content='tesseract 3.04.00' />
  <meta name='ocr-capabilities' content='ocr_page ocr_carea ocr_par ocr_line ocrx_word'/>
</head>
<body>
  <div class='ocr_page' id='page_1' title='image "./synopsistheolog01tanqgoog_0070.png"; bbox 0 0 2776 4644; ppageno 0'>
   <div class='ocr_carea' id='block_1_1' title="bbox 367 97 1141 185">
    <p class='ocr_par' dir='ltr' id='par_1_1' title="bbox 367 97 1141 185">
     <span class='ocr_line' id='line_1_1' title="bbox 367 97 1141 185; baseline 0.005 -4"><span class='ocrx_word' id='word_1_1' title='bbox 367 133 423 182; x_wconf 79' lang='lat' dir='ltr'>ou</span> <span class='ocrx_word' id='word_1_2' title='bbox 442 134 601 183; x_wconf 71' lang='lat' dir='ltr'>enarra</span> <span class='ocrx_word' id='word_1_3' title='bbox 620 134 816 185; x_wconf 63' lang='lat' dir='ltr'>nerunt-1.</span> <span class='ocrx_word' id='word_1_4' title='bbox 861 97 865 108; x_wconf 71' lang='grc'><strong>’</strong></span> <span class='ocrx_word' id='word_1_5' title='bbox 1099 133 1141 185; x_wconf 83' lang='lat'>55</span> 
     </span>
    </p>
   </div>
   <div class='ocr_carea' id='block_1_2' title="bbox 44 309 1144 904">
    <p class='ocr_par' dir='ltr' id='par_1_2' title="bbox 44 309 1143 580">
     <span class='ocr_line' id='line_1_2' title="bbox 44 309 1143 396; baseline 0.006 -29"><span class='ocrx_word' id='word_1_6' title='bbox 44 328 100 369; x_wconf 91' lang='lat' dir='ltr'>nos</span> <span class='ocrx_word' id='word_1_7' title='bbox 116 319 150 371; x_wconf 89' lang='lat' dir='ltr'>et</span> <span class='ocrx_word' id='word_1_8' title='bbox 168 309 464 394; x_wconf 85' lang='lat' dir='ltr'>Semipelagianos,</span> <span class='ocrx_word' id='word_1_9' title='bbox 474 315 530 395; x_wconf 90' lang='lat' dir='ltr'>qui</span> <span class='ocrx_word' id='word_1_10' title='bbox 544 315 792 378; x_wconf 83' lang='lat' dir='ltr'>contendebant</span> <span class='ocrx_word' id='word_1_11' title='bbox 805 315 976 377; x_wconf 91' lang='lat' dir='ltr'>hominem</span> <span class='ocrx_word' id='word_1_12' title='bbox 993 333 1143 396; x_wconf 88' lang='lat' dir='ltr'>perseve-</span> 
     </span>
     <span class='ocr_line' id='line_1_3' title="bbox 45 415 1143 500; baseline 0.006 -29"><span class='ocrx_word' id='word_1_13' title='bbox 45 432 110 473; x_wconf 89' lang='lat' dir='ltr'>rare</span> <span class='ocrx_word' id='word_1_14' title='bbox 126 434 226 494; x_wconf 87' lang='lat' dir='ltr'>posse</span> <span class='ocrx_word' id='word_1_15' title='bbox 242 417 275 477; x_wconf 89' lang='lat' dir='ltr'>in</span> <span class='ocrx_word' id='word_1_16' title='bbox 292 418 399 496; x_wconf 76' lang='lat' dir='ltr'>gratia</span> <span class='ocrx_word' id='word_1_17' title='bbox 416 415 646 482; x_wconf 69' lang='lat' dir='ltr'>sanctificante</span> <span class='ocrx_word' id='word_1_18' title='bbox 669 420 740 482; x_wconf 88' lang='lat' dir='ltr'>sine</span> <span class='ocrx_word' id='word_1_19' title='bbox 763 420 909 500; x_wconf 85' lang='lat' dir='ltr'>gratuito</span> <span class='ocrx_word' id='word_1_20' title='bbox 925 417 1053 480; x_wconf 90' lang='lat' dir='ltr'>auxilio</span> <span class='ocrx_word' id='word_1_21' title='bbox 1069 437 1143 496; x_wconf 83' lang='lat' dir='ltr'>gra-</span> 
     </span>
     <span class='ocr_line' id='line_1_4' title="bbox 44 514 320 580; baseline 0.022 -7"><span class='ocrx_word' id='word_1_22' title='bbox 44 514 102 576; x_wconf 81' lang='lat' dir='ltr'>tiae.</span> <span class='ocrx_word' id='word_1_23' title='bbox 147 516 320 580; x_wconf 80' lang='lat' dir='ltr'><em>Probatur</em></span> 
     </span>
    </p>

    <p class='ocr_par' dir='ltr' id='par_1_3' title="bbox 44 614 1144 904">
     <span class='ocr_line' id='line_1_5' title="bbox 82 614 1143 704; baseline -0.004 -21"><span class='ocrx_word' id='word_1_24' title='bbox 82 614 128 691; x_wconf 86' lang='lat'>58.</span> <span class='ocrx_word' id='word_1_25' title='bbox 180 619 192 696; x_wconf 84' lang='lat'><em>&lt;</em></span> <span class='ocrx_word' id='word_1_26' title='bbox 225 620 372 702; x_wconf 77' lang='lat' dir='ltr'>)Script.</span> <span class='ocrx_word' id='word_1_27' title='bbox 390 623 439 702; x_wconf 83' lang='lat' dir='ltr'>(a)</span> <span class='ocrx_word' id='word_1_28' title='bbox 458 623 513 684; x_wconf 92' lang='lat' dir='ltr'>Ex</span> <span class='ocrx_word' id='word_1_29' title='bbox 531 622 712 704; x_wconf 70' lang='lat' dir='ltr'>Scriptum,</span> <span class='ocrx_word' id='word_1_30' title='bbox 728 620 828 682; x_wconf 90' lang='lat' dir='ltr'>etiam</span> <span class='ocrx_word' id='word_1_31' title='bbox 843 620 924 700; x_wconf 91' lang='lat' dir='ltr'>justi</span> <span class='ocrx_word' id='word_1_32' title='bbox 941 620 973 700; x_wconf 89' lang='lat' dir='ltr'>(i.</span> <span class='ocrx_word' id='word_1_33' title='bbox 987 640 1012 681; x_wconf 90' lang='lat' dir='ltr'>e.</span> <span class='ocrx_word' id='word_1_34' title='bbox 1025 618 1070 680; x_wconf 91' lang='lat' dir='ltr'>illi</span> <span class='ocrx_word' id='word_1_35' title='bbox 1087 617 1143 698; x_wconf 91' lang='lat' dir='ltr'>qui</span> 
     </span>
     <span class='ocr_line' id='line_1_6' title="bbox 44 719 1144 808; baseline 0.005 -31"><span class='ocrx_word' id='word_1_36' title='bbox 44 727 115 779; x_wconf 78' lang='lat' dir='ltr'>sunt</span> <span class='ocrx_word' id='word_1_37' title='bbox 132 719 166 780; x_wconf 94' lang='lat' dir='ltr'>in</span> <span class='ocrx_word' id='word_1_38' title='bbox 184 729 275 784; x_wconf 91' lang='lat' dir='ltr'>statu</span> <span class='ocrx_word' id='word_1_39' title='bbox 292 721 425 808; x_wconf 70' lang='lat' dir='ltr'>gratim)</span> <span class='ocrx_word' id='word_1_40' title='bbox 444 724 599 804; x_wconf 83' lang='lat' dir='ltr'>gravibus</span> <span class='ocrx_word' id='word_1_41' title='bbox 617 723 857 785; x_wconf 90' lang='lat' dir='ltr'>tentationibus</span> <span class='ocrx_word' id='word_1_42' title='bbox 869 723 1007 785; x_wconf 90' lang='lat' dir='ltr'>obnoxii</span> <span class='ocrx_word' id='word_1_43' title='bbox 1021 731 1098 783; x_wconf 91' lang='lat' dir='ltr'>sunt</span> <span class='ocrx_word' id='word_1_44' title='bbox 1111 731 1144 782; x_wconf 90' lang='lat' dir='ltr'>et</span> 
     </span>
     <span class='ocr_line' id='line_1_7' title="bbox 45 824 1143 904; baseline 0.004 -24"><span class='ocrx_word' id='word_1_45' title='bbox 45 831 155 883; x_wconf 86' lang='lat' dir='ltr'>contra</span> <span class='ocrx_word' id='word_1_46' title='bbox 171 824 344 888; x_wconf 91' lang='lat' dir='ltr'>diabolum</span> <span class='ocrx_word' id='word_1_47' title='bbox 362 836 395 889; x_wconf 87' lang='lat' dir='ltr'>ct</span> <span class='ocrx_word' id='word_1_48' title='bbox 412 848 544 889; x_wconf 92' lang='lat' dir='ltr'>carnem</span> <span class='ocrx_word' id='word_1_49' title='bbox 562 837 689 888; x_wconf 89' lang='lat' dir='ltr'>certare</span> <span class='ocrx_word' id='word_1_50' title='bbox 706 826 850 903; x_wconf 91' lang='lat' dir='ltr'>debent;</span> <span class='ocrx_word' id='word_1_51' title='bbox 872 827 915 888; x_wconf 90' lang='lat' dir='ltr'>&#39;de</span> <span class='ocrx_word' id='word_1_52' title='bbox 936 825 1035 904; x_wconf 89' lang='lat' dir='ltr'>justis</span> <span class='ocrx_word' id='word_1_53' title='bbox 1054 824 1143 885; x_wconf 88' lang='lat' dir='ltr'>enim</span> 
     </span>
    </p>
   </div>
   <div class='ocr_carea' id='block_1_3' title="bbox 45 924 1238 993">
    <p class='ocr_par' dir='ltr' id='par_1_4' title="bbox 45 924 1238 993">
     <span class='ocr_line' id='line_1_8' title="bbox 45 924 1238 993; baseline 0.003 -10"><span class='ocrx_word' id='word_1_54' title='bbox 45 924 180 986; x_wconf 89' lang='lat' dir='ltr'>dicitur:</span> <span class='ocrx_word' id='word_1_55' title='bbox 200 933 216 957; x_wconf 80' lang='lat'>‘¹</span> <span class='ocrx_word' id='word_1_56' title='bbox 232 927 309 991; x_wconf 92' lang='lat' dir='ltr'>Non</span> <span class='ocrx_word' id='word_1_57' title='bbox 324 940 374 993; x_wconf 89' lang='lat' dir='ltr'>est</span> <span class='ocrx_word' id='word_1_58' title='bbox 388 929 483 992; x_wconf 92' lang='lat' dir='ltr'>nobis</span> <span class='ocrx_word' id='word_1_59' title='bbox 496 927 688 992; x_wconf 69' lang='lat' dir='ltr'>colluttatio</span> <span class='ocrx_word' id='word_1_60' title='bbox 704 930 861 991; x_wconf 90' lang='lat' dir='ltr'>adversus</span> <span class='ocrx_word' id='word_1_61' title='bbox 877 947 1010 990; x_wconf 88' lang='lat' dir='ltr'>carnem</span> <span class='ocrx_word' id='word_1_62' title='bbox 1023 936 1057 989; x_wconf 92' lang='lat' dir='ltr'>et</span> <span class='ocrx_word' id='word_1_63' title='bbox 1069 946 1144 988; x_wconf 85' lang='lat' dir='ltr'>san·</span> <span class='ocrx_word' id='word_1_64' title='bbox 1235 983 1238 986; x_wconf 87' lang='lat'>.</span> 
     </span>
    </p>
   </div>
   <div class='ocr_carea' id='block_1_4' title="bbox 42 1026 1175 3676">
    <p class='ocr_par' dir='ltr' id='par_1_5' title="bbox 42 1026 1146 1916">
     <span class='ocr_line' id='line_1_9' title="bbox 46 1026 1145 1114; baseline 0.002 -28"><span class='ocrx_word' id='word_1_65' title='bbox 46 1026 184 1104; x_wconf 80' lang='lat' dir='ltr'>guinem,</span> <span class='ocrx_word' id='word_1_66' title='bbox 201 1031 261 1091; x_wconf 91' lang='lat' dir='ltr'>sed</span> <span class='ocrx_word' id='word_1_67' title='bbox 286 1032 443 1094; x_wconf 86' lang='lat' dir='ltr'>adversus</span> <span class='ocrx_word' id='word_1_68' title='bbox 467 1033 630 1114; x_wconf 85' lang='lat' dir='ltr'>principes</span> <span class='ocrx_word' id='word_1_69' title='bbox 655 1041 688 1092; x_wconf 87' lang='lat' dir='ltr'>ct</span> <span class='ocrx_word' id='word_1_70' title='bbox 712 1038 904 1110; x_wconf 87' lang='lat' dir='ltr'>potestates,</span> <span class='ocrx_word' id='word_1_71' title='bbox 920 1039 1034 1092; x_wconf 89' lang='lat' dir='ltr'>contra</span> <span class='ocrx_word' id='word_1_72' title='bbox 1051 1028 1145 1108; x_wconf 92' lang='lat' dir='ltr'>spiri·</span> 
     </span>
     <span class='ocr_line' id='line_1_10' title="bbox 46 1129 1145 1213; baseline 0.004 -25"><span class='ocrx_word' id='word_1_73' title='bbox 46 1129 141 1192; x_wconf 89' lang='lat' dir='ltr'>tualia</span> <span class='ocrx_word' id='word_1_74' title='bbox 159 1133 320 1211; x_wconf 82' lang='lat' dir='ltr'>nequitiae</span> <span class='ocrx_word' id='word_1_75' title='bbox 332 1135 370 1177; x_wconf 85' lang='lat'>”¹</span> <span class='ocrx_word' id='word_1_76' title='bbox 387 1157 393 1210; x_wconf 90' lang='lat'><strong>;</strong></span> <span class='ocrx_word' id='word_1_77' title='bbox 412 1141 429 1166; x_wconf 79' lang='lat'>‘¹</span> <span class='ocrx_word' id='word_1_78' title='bbox 443 1136 550 1198; x_wconf 90' lang='lat' dir='ltr'>Sobrii</span> <span class='ocrx_word' id='word_1_79' title='bbox 567 1143 673 1196; x_wconf 89' lang='lat' dir='ltr'>estote</span> <span class='ocrx_word' id='word_1_80' title='bbox 690 1143 722 1195; x_wconf 93' lang='lat' dir='ltr'>et</span> <span class='ocrx_word' id='word_1_81' title='bbox 738 1133 882 1213; x_wconf 85' lang='lat' dir='ltr'>vigilate,</span> <span class='ocrx_word' id='word_1_82' title='bbox 898 1134 975 1213; x_wconf 91' lang='lat' dir='ltr'>quia</span> <span class='ocrx_word' id='word_1_83' title='bbox 991 1134 1145 1195; x_wconf 86' lang='lat' dir='ltr'>adversa-</span> 
     </span>
     <span class='ocr_line' id='line_1_11' title="bbox 47 1229 1144 1317; baseline 0.005 -29"><span class='ocrx_word' id='word_1_84' title='bbox 47 1229 105 1291; x_wconf 89' lang='lat' dir='ltr'>rius</span> <span class='ocrx_word' id='word_1_85' title='bbox 120 1243 233 1295; x_wconf 92' lang='lat' dir='ltr'>vester</span> <span class='ocrx_word' id='word_1_86' title='bbox 249 1233 410 1312; x_wconf 72' lang='lat' dir='ltr'>diabolus</span> <span class='ocrx_word' id='word_1_87' title='bbox 428 1246 600 1317; x_wconf 90' lang='lat' dir='ltr'>tamquam</span> <span class='ocrx_word' id='word_1_88' title='bbox 625 1236 676 1297; x_wconf 91' lang='lat' dir='ltr'>leo</span> <span class='ocrx_word' id='word_1_89' title='bbox 699 1236 831 1316; x_wconf 82' lang='lat' dir='ltr'>rugiens</span> <span class='ocrx_word' id='word_1_90' title='bbox 853 1236 976 1311; x_wconf 86' lang='lat' dir='ltr'>circuit,</span> <span class='ocrx_word' id='word_1_91' title='bbox 992 1254 1144 1316; x_wconf 86' lang='lat' dir='ltr'>quaerens</span> 
     </span>
     <span class='ocr_line' id='line_1_12' title="bbox 47 1337 1143 1422; baseline 0.004 -27"><span class='ocrx_word' id='word_1_92' title='bbox 47 1351 138 1410; x_wconf 88' lang='lat' dir='ltr'>quem</span> <span class='ocrx_word' id='word_1_93' title='bbox 163 1339 305 1401; x_wconf 90' lang='lat' dir='ltr'>devoret</span> <span class='ocrx_word' id='word_1_94' title='bbox 317 1339 379 1414; x_wconf 83' lang='lat'>’&#39;²;</span> <span class='ocrx_word' id='word_1_95' title='bbox 403 1342 503 1422; x_wconf 88' lang='lat' dir='ltr'>atqui,</span> <span class='ocrx_word' id='word_1_96' title='bbox 526 1361 570 1402; x_wconf 89' lang='lat' dir='ltr'>ex</span> <span class='ocrx_word' id='word_1_97' title='bbox 594 1337 700 1414; x_wconf 70' lang='lat' dir='ltr'>diuis,</span> <span class='ocrx_word' id='word_1_98' title='bbox 721 1339 822 1400; x_wconf 91' lang='lat' dir='ltr'>homo</span> <span class='ocrx_word' id='word_1_99' title='bbox 847 1340 879 1400; x_wconf 92' lang='lat' dir='ltr'>in</span> <span class='ocrx_word' id='word_1_100' title='bbox 903 1348 991 1401; x_wconf 90' lang='lat' dir='ltr'>statu</span> <span class='ocrx_word' id='word_1_101' title='bbox 1017 1348 1143 1400; x_wconf 85' lang='lat' dir='ltr'>naturae</span> 
     </span>
     <span class='ocr_line' id='line_1_13' title="bbox 48 1435 1144 1526; baseline 0.007 -31"><span class='ocrx_word' id='word_1_102' title='bbox 48 1435 142 1516; x_wconf 83' lang='lat' dir='ltr'>lapsae</span> <span class='ocrx_word' id='word_1_103' title='bbox 159 1461 229 1502; x_wconf 92' lang='lat' dir='ltr'>uon</span> <span class='ocrx_word' id='word_1_104' title='bbox 247 1451 366 1522; x_wconf 91' lang='lat' dir='ltr'>potest,</span> <span class='ocrx_word' id='word_1_105' title='bbox 379 1443 450 1505; x_wconf 92' lang='lat' dir='ltr'>sine</span> <span class='ocrx_word' id='word_1_106' title='bbox 465 1444 582 1526; x_wconf 75' lang='lat' dir='ltr'>gratia,</span> <span class='ocrx_word' id='word_1_107' title='bbox 597 1442 751 1505; x_wconf 90' lang='lat' dir='ltr'>omnibus</span> <span class='ocrx_word' id='word_1_108' title='bbox 776 1443 931 1523; x_wconf 84' lang='lat' dir='ltr'>gravibus</span> <span class='ocrx_word' id='word_1_109' title='bbox 952 1443 1144 1504; x_wconf 91' lang='lat' dir='ltr'>tcntationi·</span> 
     </span>
     <span class='ocr_line' id='line_1_14' title="bbox 48 1537 1143 1627; baseline 0.007 -29"><span class='ocrx_word' id='word_1_110' title='bbox 48 1537 102 1600; x_wconf 86' lang='lat' dir='ltr'>bus</span> <span class='ocrx_word' id='word_1_111' title='bbox 118 1543 291 1620; x_wconf 88' lang='lat' dir='ltr'>resistere;</span> <span class='ocrx_word' id='word_1_112' title='bbox 306 1564 386 1625; x_wconf 85' lang='lat' dir='ltr'>ergo</span> <span class='ocrx_word' id='word_1_113' title='bbox 399 1545 480 1625; x_wconf 92' lang='lat' dir='ltr'>justi</span> <span class='ocrx_word' id='word_1_114' title='bbox 497 1546 605 1627; x_wconf 75' lang='lat' dir='ltr'>gratia</span> <span class='ocrx_word' id='word_1_115' title='bbox 618 1546 769 1625; x_wconf 87' lang='lat' dir='ltr'>indigent</span> <span class='ocrx_word' id='word_1_116' title='bbox 782 1547 822 1608; x_wconf 92' lang='lat' dir='ltr'>ad</span> <span class='ocrx_word' id='word_1_117' title='bbox 837 1545 1113 1627; x_wconf 88' lang='lat' dir='ltr'>perseverandum</span> <span class='ocrx_word' id='word_1_118' title='bbox 1124 1543 1143 1606; x_wconf 81' lang='lat'>³.</span> 
     </span>
     <span class='ocr_line' id='line_1_15' title="bbox 50 1637 1145 1718; baseline 0.004 -15"><span class='ocrx_word' id='word_1_119' title='bbox 50 1637 141 1718; x_wconf 80' lang='lat' dir='ltr'>Quod</span> <span class='ocrx_word' id='word_1_120' title='bbox 159 1645 296 1708; x_wconf 89' lang='lat' dir='ltr'>aliunde</span> <span class='ocrx_word' id='word_1_121' title='bbox 312 1648 411 1708; x_wconf 91' lang='lat' dir='ltr'>docet</span> <span class='ocrx_word' id='word_1_122' title='bbox 428 1648 459 1711; x_wconf 91' lang='lat' dir='ltr'>S.</span> <span class='ocrx_word' id='word_1_123' title='bbox 478 1650 595 1710; x_wconf 90' lang='lat' dir='ltr'>Petrus</span> <span class='ocrx_word' id='word_1_124' title='bbox 613 1647 630 1709; x_wconf 92' lang='lat' dir='ltr'>l.</span> <span class='ocrx_word' id='word_1_125' title='bbox 648 1648 700 1710; x_wconf 92' lang='lat' dir='ltr'>cit.</span> <span class='ocrx_word' id='word_1_126' title='bbox 718 1653 733 1679; x_wconf 93' lang='lat'><strong>“</strong></span> <span class='ocrx_word' id='word_1_127' title='bbox 745 1648 796 1710; x_wconf 91' lang='lat' dir='ltr'>cui</span> <span class='ocrx_word' id='word_1_128' title='bbox 818 1649 960 1710; x_wconf 87' lang='lat' dir='ltr'>resistite</span> <span class='ocrx_word' id='word_1_129' title='bbox 985 1647 1085 1710; x_wconf 87' lang='lat' dir='ltr'>sortes</span> <span class='ocrx_word' id='word_1_130' title='bbox 1109 1648 1145 1708; x_wconf 86' lang='lat' dir='ltr'>in</span> 
     </span>
     <span class='ocr_line' id='line_1_16' title="bbox 42 1743 1146 1832; baseline 0.005 -28"><span class='ocrx_word' id='word_1_131' title='bbox 42 1743 128 1820; x_wconf 79' lang='lat' dir='ltr'>fide&#39;‘</span> <span class='ocrx_word' id='word_1_132' title='bbox 146 1749 164 1810; x_wconf 90' lang='lat' dir='ltr'>i.</span> <span class='ocrx_word' id='word_1_133' title='bbox 182 1769 208 1811; x_wconf 92' lang='lat' dir='ltr'>e.</span> <span class='ocrx_word' id='word_1_134' title='bbox 228 1751 347 1812; x_wconf 89' lang='lat' dir='ltr'>mediis</span> <span class='ocrx_word' id='word_1_135' title='bbox 363 1751 669 1832; x_wconf 88' lang='lat' dir='ltr'>supernaturalibus</span> <span class='ocrx_word' id='word_1_136' title='bbox 684 1773 690 1827; x_wconf 93' lang='lat'>;</span> <span class='ocrx_word' id='word_1_137' title='bbox 715 1771 791 1812; x_wconf 88' lang='lat' dir='ltr'>nam</span> <span class='ocrx_word' id='word_1_138' title='bbox 816 1750 843 1811; x_wconf 91' lang='lat' dir='ltr'>si</span> <span class='ocrx_word' id='word_1_139' title='bbox 865 1749 947 1811; x_wconf 89' lang='lat' dir='ltr'>fides</span> <span class='ocrx_word' id='word_1_140' title='bbox 964 1751 1146 1831; x_wconf 86' lang='lat' dir='ltr'>requiritur,</span> 
     </span>
     <span class='ocr_line' id='line_1_17' title="bbox 50 1851 392 1916; baseline 0.029 -11"><span class='ocrx_word' id='word_1_141' title='bbox 50 1857 159 1911; x_wconf 90' lang='lat' dir='ltr'>natura</span> <span class='ocrx_word' id='word_1_142' title='bbox 176 1871 245 1913; x_wconf 93' lang='lat' dir='ltr'>non</span> <span class='ocrx_word' id='word_1_143' title='bbox 262 1851 392 1916; x_wconf 87' lang='lat' dir='ltr'>sufficit.</span> 
     </span>
    </p>

    <p class='ocr_par' dir='ltr' id='par_1_6' title="bbox 51 1949 1175 2855">
     <span class='ocr_line' id='line_1_18' title="bbox 52 1949 1146 2036; baseline 0.001 -22"><span class='ocrx_word' id='word_1_144' title='bbox 52 1949 93 2029; x_wconf 80' lang='lat' dir='ltr'>(b)</span> <span class='ocrx_word' id='word_1_145' title='bbox 111 1950 254 2034; x_wconf 89' lang='lat' dir='ltr'>Insuper</span> <span class='ocrx_word' id='word_1_146' title='bbox 269 1954 369 2016; x_wconf 91' lang='lat' dir='ltr'>etiam</span> <span class='ocrx_word' id='word_1_147' title='bbox 388 1954 433 2016; x_wconf 91' lang='lat' dir='ltr'>illi</span> <span class='ocrx_word' id='word_1_148' title='bbox 449 1955 505 2036; x_wconf 91' lang='lat' dir='ltr'>qui</span> <span class='ocrx_word' id='word_1_149' title='bbox 520 1955 601 2036; x_wconf 91' lang='lat' dir='ltr'>justi</span> <span class='ocrx_word' id='word_1_150' title='bbox 626 1964 712 2029; x_wconf 89' lang='lat' dir='ltr'>sunt,</span> <span class='ocrx_word' id='word_1_151' title='bbox 729 1955 852 2018; x_wconf 90' lang='lat' dir='ltr'>debent</span> <span class='ocrx_word' id='word_1_152' title='bbox 869 1974 962 2016; x_wconf 88' lang='lat' dir='ltr'>orare</span> <span class='ocrx_word' id='word_1_153' title='bbox 980 1974 1021 2015; x_wconf 90' lang='lat' dir='ltr'>ne</span> <span class='ocrx_word' id='word_1_154' title='bbox 1039 1963 1146 2016; x_wconf 92' lang='lat' dir='ltr'>tenta-</span> 
     </span>
     <span class='ocr_line' id='line_1_19' title="bbox 51 2051 1146 2139; baseline 0.006 -29"><span class='ocrx_word' id='word_1_155' title='bbox 51 2051 124 2114; x_wconf 91' lang='lat' dir='ltr'>tio&#39;ni</span> <span class='ocrx_word' id='word_1_156' title='bbox 147 2056 378 2131; x_wconf 87' lang='lat' dir='ltr'>succumbant,</span> <span class='ocrx_word' id='word_1_157' title='bbox 402 2077 479 2119; x_wconf 91' lang='lat' dir='ltr'>narn</span> <span class='ocrx_word' id='word_1_158' title='bbox 504 2057 694 2139; x_wconf 89' lang='lat' dir='ltr'>discipulos,</span> <span class='ocrx_word' id='word_1_159' title='bbox 715 2057 785 2136; x_wconf 90' lang='lat' dir='ltr'>jam</span> <span class='ocrx_word' id='word_1_160' title='bbox 813 2055 1046 2132; x_wconf 69' lang='lat' dir='ltr'>sanetificatos</span> <span class='ocrx_word' id='word_1_161' title='bbox 1070 2065 1146 2136; x_wconf 91' lang='lat' dir='ltr'>post</span> 
     </span>
     <span class='ocr_line' id='line_1_20' title="bbox 51 2153 1146 2238; baseline 0.004 -26"><span class='ocrx_word' id='word_1_162' title='bbox 51 2153 195 2219; x_wconf 91' lang='lat' dir='ltr'>ultimam</span> <span class='ocrx_word' id='word_1_163' title='bbox 213 2177 346 2220; x_wconf 87' lang='lat' dir='ltr'>coenam</span> <span class='ocrx_word' id='word_1_164' title='bbox 364 2157 515 2222; x_wconf 91' lang='lat' dir='ltr'>Christus</span> <span class='ocrx_word' id='word_1_165' title='bbox 531 2158 577 2218; x_wconf 90' lang='lat' dir='ltr'>sic</span> <span class='ocrx_word' id='word_1_166' title='bbox 593 2157 794 2238; x_wconf 90' lang='lat' dir='ltr'>alloquitur:</span> <span class='ocrx_word' id='word_1_167' title='bbox 812 2155 988 2237; x_wconf 83' lang='lat' dir='ltr'>“Vigilate</span> <span class='ocrx_word' id='word_1_168' title='bbox 1004 2165 1039 2219; x_wconf 92' lang='lat' dir='ltr'>et</span> <span class='ocrx_word' id='word_1_169' title='bbox 1054 2165 1146 2217; x_wconf 90' lang='lat' dir='ltr'>orate</span> 
     </span>
     <span class='ocr_line' id='line_1_21' title="bbox 53 2249 1175 2337; baseline 0.001 -19"><span class='ocrx_word' id='word_1_170' title='bbox 53 2267 161 2321; x_wconf 88' lang='lat' dir='ltr'>utnon</span> <span class='ocrx_word' id='word_1_171' title='bbox 179 2262 311 2324; x_wconf 89' lang='lat' dir='ltr'>intretis</span> <span class='ocrx_word' id='word_1_172' title='bbox 335 2263 366 2322; x_wconf 92' lang='lat' dir='ltr'>in</span> <span class='ocrx_word' id='word_1_173' title='bbox 389 2261 609 2323; x_wconf 89' lang='lat' dir='ltr'>tentationem</span> <span class='ocrx_word' id='word_1_174' title='bbox 621 2258 637 2286; x_wconf 89' lang='lat'>&#39;’</span> <span class='ocrx_word' id='word_1_175' title='bbox 649 2274 670 2323; x_wconf 83' lang='grc'>4.</span> <span class='ocrx_word' id='word_1_176' title='bbox 711 2260 812 2323; x_wconf 89' lang='lat' dir='ltr'>Unde</span> <span class='ocrx_word' id='word_1_177' title='bbox 836 2259 904 2320; x_wconf 88' lang='lat' dir='ltr'>sic:</span> <span class='ocrx_word' id='word_1_178' title='bbox 930 2259 1042 2321; x_wconf 87' lang='lat' dir='ltr'>Etiam</span> <span class='ocrx_word' id='word_1_179' title='bbox 1065 2257 1145 2337; x_wconf 92' lang='lat' dir='ltr'>justi</span> <span class='ocrx_word' id='word_1_180' title='bbox 1173 2249 1175 2254; x_wconf 66' lang='grc'><strong>’</strong></span> 
     </span>
     <span class='ocr_line' id='line_1_22' title="bbox 54 2362 1145 2445; baseline 0.006 -28"><span class='ocrx_word' id='word_1_181' title='bbox 54 2379 110 2421; x_wconf 90' lang='lat' dir='ltr'>uon</span> <span class='ocrx_word' id='word_1_182' title='bbox 127 2373 269 2442; x_wconf 91' lang='lat' dir='ltr'>possunt</span> <span class='ocrx_word' id='word_1_183' title='bbox 285 2365 487 2426; x_wconf 88' lang='lat' dir='ltr'>tentationes</span> <span class='ocrx_word' id='word_1_184' title='bbox 503 2383 657 2445; x_wconf 89' lang='lat' dir='ltr'>superare</span> <span class='ocrx_word' id='word_1_185' title='bbox 670 2363 731 2424; x_wconf 91' lang='lat' dir='ltr'>nisi</span> <span class='ocrx_word' id='word_1_186' title='bbox 745 2363 887 2438; x_wconf 90' lang='lat' dir='ltr'>orando;</span> <span class='ocrx_word' id='word_1_187' title='bbox 904 2362 1006 2442; x_wconf 91' lang='lat' dir='ltr'>atqui,</span> <span class='ocrx_word' id='word_1_188' title='bbox 1019 2363 1045 2423; x_wconf 93' lang='lat' dir='ltr'>si</span> <span class='ocrx_word' id='word_1_189' title='bbox 1060 2363 1145 2424; x_wconf 92' lang='lat' dir='ltr'>vires</span> 
     </span>
     <span class='ocr_line' id='line_1_23' title="bbox 54 2453 1162 2548; baseline 0.006 -28"><span class='ocrx_word' id='word_1_190' title='bbox 54 2465 220 2542; x_wconf 88' lang='lat' dir='ltr'>naturales,</span> <span class='ocrx_word' id='word_1_191' title='bbox 230 2466 280 2527; x_wconf 89' lang='lat' dir='ltr'>vel</span> <span class='ocrx_word' id='word_1_192' title='bbox 297 2468 397 2529; x_wconf 91' lang='lat' dir='ltr'>etiam</span> <span class='ocrx_word' id='word_1_193' title='bbox 414 2467 529 2548; x_wconf 82' lang='lat' dir='ltr'>gratiae</span> <span class='ocrx_word' id='word_1_194' title='bbox 543 2466 667 2528; x_wconf 88' lang='lat' dir='ltr'>meritis</span> <span class='ocrx_word' id='word_1_195' title='bbox 681 2466 802 2527; x_wconf 91' lang='lat' dir='ltr'>nostris</span> <span class='ocrx_word' id='word_1_196' title='bbox 815 2453 947 2539; x_wconf 84' lang='lat' dir='ltr'>debitae,</span> <span class='ocrx_word' id='word_1_197' title='bbox 960 2463 1162 2527; x_wconf 84' lang='lat' dir='ltr'>sufficerent</span> 
     </span>
     <span class='ocr_line' id='line_1_24' title="bbox 55 2565 1146 2644; baseline 0.005 -21"><span class='ocrx_word' id='word_1_198' title='bbox 55 2565 89 2624; x_wconf 91' lang='lat' dir='ltr'>ad</span> <span class='ocrx_word' id='word_1_199' title='bbox 112 2567 293 2631; x_wconf 89' lang='lat' dir='ltr'>vincendas</span> <span class='ocrx_word' id='word_1_200' title='bbox 320 2570 530 2644; x_wconf 69' lang='lat' dir='ltr'>tentationes</span> <span class='ocrx_word' id='word_1_201' title='bbox 552 2569 658 2630; x_wconf 93' lang='lat' dir='ltr'>oratio</span> <span class='ocrx_word' id='word_1_202' title='bbox 684 2568 820 2629; x_wconf 86' lang='lat' dir='ltr'>minime</span> <span class='ocrx_word' id='word_1_203' title='bbox 844 2568 1028 2629; x_wconf 86' lang='lat' dir='ltr'>necessaria</span> <span class='ocrx_word' id='word_1_204' title='bbox 1051 2577 1146 2629; x_wconf 89' lang='lat' dir='ltr'>esset.</span> 
     </span>
     <span class='ocr_line' id='line_1_25' title="bbox 56 2664 1147 2752; baseline 0.006 -26"><span class='ocrx_word' id='word_1_205' title='bbox 56 2664 136 2748; x_wconf 81' lang='lat' dir='ltr'>Ergo</span> <span class='ocrx_word' id='word_1_206' title='bbox 156 2671 240 2750; x_wconf 87' lang='lat' dir='ltr'>justi</span> <span class='ocrx_word' id='word_1_207' title='bbox 264 2691 329 2733; x_wconf 93' lang='lat' dir='ltr'>non</span> <span class='ocrx_word' id='word_1_208' title='bbox 354 2682 495 2752; x_wconf 88' lang='lat' dir='ltr'>possunt</span> <span class='ocrx_word' id='word_1_209' title='bbox 518 2671 720 2732; x_wconf 89' lang='lat' dir='ltr'>tentationes</span> <span class='ocrx_word' id='word_1_210' title='bbox 745 2689 909 2749; x_wconf 89' lang='lat' dir='ltr'>superare,</span> <span class='ocrx_word' id='word_1_211' title='bbox 925 2689 985 2730; x_wconf 89' lang='lat' dir='ltr'>nec</span> <span class='ocrx_word' id='word_1_212' title='bbox 1008 2671 1147 2750; x_wconf 90' lang='lat' dir='ltr'>proinde</span> 
     </span>
     <span class='ocr_line' id='line_1_26' title="bbox 56 2772 833 2855; baseline 0.005 -27"><span class='ocrx_word' id='word_1_213' title='bbox 56 2787 254 2844; x_wconf 85' lang='lat' dir='ltr'>perseverare</span> <span class='ocrx_word' id='word_1_214' title='bbox 270 2775 340 2835; x_wconf 90' lang='lat' dir='ltr'>sine</span> <span class='ocrx_word' id='word_1_215' title='bbox 356 2775 462 2855; x_wconf 76' lang='lat' dir='ltr'>gratia</span> <span class='ocrx_word' id='word_1_216' title='bbox 478 2783 512 2834; x_wconf 92' lang='lat' dir='ltr'>et</span> <span class='ocrx_word' id='word_1_217' title='bbox 528 2772 662 2853; x_wconf 89' lang='lat' dir='ltr'>quidem</span> <span class='ocrx_word' id='word_1_218' title='bbox 681 2772 833 2853; x_wconf 77' lang='lat' dir='ltr'>gratuita.</span> 
     </span>
    </p>

    <p class='ocr_par' dir='ltr' id='par_1_7' title="bbox 58 2870 1149 3676">
     <span class='ocr_line' id='line_1_27' title="bbox 58 2870 1147 2959; baseline 0.002 -25"><span class='ocrx_word' id='word_1_219' title='bbox 58 2870 95 2948; x_wconf 78' lang='lat' dir='ltr'>(t)</span> <span class='ocrx_word' id='word_1_220' title='bbox 112 2874 265 2939; x_wconf 89' lang='lat' dir='ltr'>Tandem</span> <span class='ocrx_word' id='word_1_221' title='bbox 280 2876 361 2957; x_wconf 88' lang='lat' dir='ltr'>justi</span> <span class='ocrx_word' id='word_1_222' title='bbox 379 2895 587 2959; x_wconf 90' lang='lat' dir='ltr'>perseverare</span> <span class='ocrx_word' id='word_1_223' title='bbox 612 2885 781 2955; x_wconf 90' lang='lat' dir='ltr'>nequeunt</span> <span class='ocrx_word' id='word_1_224' title='bbox 797 2875 858 2936; x_wconf 92' lang='lat' dir='ltr'>nisi</span> <span class='ocrx_word' id='word_1_225' title='bbox 868 2885 1026 2955; x_wconf 65' lang='lat' dir='ltr'>precepta</span> <span class='ocrx_word' id='word_1_226' title='bbox 1043 2876 1147 2938; x_wconf 91' lang='lat' dir='ltr'>adim-</span> 
     </span>
     <span class='ocr_line' id='line_1_28' title="bbox 58 2973 1148 3060; baseline 0.006 -27"><span class='ocrx_word' id='word_1_227' title='bbox 58 2973 160 3051; x_wconf 91' lang='lat' dir='ltr'>pleant</span> <span class='ocrx_word' id='word_1_228' title='bbox 183 2977 344 3060; x_wconf 74' lang='lat' dir='ltr'>anusque</span> <span class='ocrx_word' id='word_1_229' title='bbox 366 2979 527 3040; x_wconf 82' lang='lat' dir='ltr'>salutares</span> <span class='ocrx_word' id='word_1_230' title='bbox 550 2977 743 3059; x_wconf 86' lang='lat' dir='ltr'>perficiant;</span> <span class='ocrx_word' id='word_1_231' title='bbox 767 2977 859 3058; x_wconf 90' lang='lat' dir='ltr'>atqui</span> <span class='ocrx_word' id='word_1_232' title='bbox 883 2979 991 3058; x_wconf 88' lang='lat' dir='ltr'>gratia</span> <span class='ocrx_word' id='word_1_233' title='bbox 1008 2976 1148 3040; x_wconf 68' lang='lat' dir='ltr'>aetualis</span> 
     </span>
     <span class='ocr_line' id='line_1_29' title="bbox 59 3075 1148 3162; baseline 0.008 -28"><span class='ocrx_word' id='word_1_234' title='bbox 59 3075 94 3135; x_wconf 89' lang='lat' dir='ltr'>ad</span> <span class='ocrx_word' id='word_1_235' title='bbox 109 3097 222 3141; x_wconf 91' lang='lat' dir='ltr'>omnes</span> <span class='ocrx_word' id='word_1_236' title='bbox 246 3090 280 3142; x_wconf 93' lang='lat' dir='ltr'>et</span> <span class='ocrx_word' id='word_1_237' title='bbox 303 3083 450 3162; x_wconf 82' lang='lat' dir='ltr'>singulos</span> <span class='ocrx_word' id='word_1_238' title='bbox 474 3079 566 3143; x_wconf 66' lang='lat' dir='ltr'>adius</span> <span class='ocrx_word' id='word_1_239' title='bbox 590 3081 857 3161; x_wconf 88' lang='lat' dir='ltr'>supernaturales</span> <span class='ocrx_word' id='word_1_240' title='bbox 882 3083 1067 3142; x_wconf 89' lang='lat' dir='ltr'>necessaria</span> <span class='ocrx_word' id='word_1_241' title='bbox 1088 3092 1148 3158; x_wconf 94' lang='lat' dir='ltr'>est,</span> 
     </span>
     <span class='ocr_line' id='line_1_30' title="bbox 60 3184 1147 3265; baseline 0.008 -28"><span class='ocrx_word' id='word_1_242' title='bbox 60 3187 90 3238; x_wconf 92' lang='lat' dir='ltr'>ut</span> <span class='ocrx_word' id='word_1_243' title='bbox 104 3194 231 3246; x_wconf 87' lang='lat' dir='ltr'>constat</span> <span class='ocrx_word' id='word_1_244' title='bbox 248 3205 292 3246; x_wconf 92' lang='lat' dir='ltr'>ex</span> <span class='ocrx_word' id='word_1_245' title='bbox 310 3185 458 3247; x_wconf 88' lang='lat' dir='ltr'>textibus</span> <span class='ocrx_word' id='word_1_246' title='bbox 471 3185 541 3265; x_wconf 86' lang='lat' dir='ltr'>jam</span> <span class='ocrx_word' id='word_1_247' title='bbox 559 3184 668 3246; x_wconf 88' lang='lat' dir='ltr'>allatis</span> <span class='ocrx_word' id='word_1_248' title='bbox 685 3184 728 3264; x_wconf 84' lang='lat' dir='ltr'>(n.</span> <span class='ocrx_word' id='word_1_249' title='bbox 745 3184 799 3265; x_wconf 84' lang='lat'>51)</span> <span class='ocrx_word' id='word_1_250' title='bbox 815 3205 821 3246; x_wconf 93' lang='lat'>:</span> <span class='ocrx_word' id='word_1_251' title='bbox 838 3184 984 3265; x_wconf 91' lang='lat' dir='ltr'>plerique</span> <span class='ocrx_word' id='word_1_252' title='bbox 1000 3184 1087 3246; x_wconf 91' lang='lat' dir='ltr'>enim</span> <span class='ocrx_word' id='word_1_253' title='bbox 1104 3205 1147 3246; x_wconf 87' lang='lat' dir='ltr'>ex</span> 
     </span>
     <span class='ocr_line' id='line_1_31' title="bbox 61 3278 1149 3369; baseline 0.01 -31"><span class='ocrx_word' id='word_1_254' title='bbox 61 3278 115 3342; x_wconf 91' lang='lat' dir='ltr'>illis</span> <span class='ocrx_word' id='word_1_255' title='bbox 130 3287 277 3348; x_wconf 89' lang='lat' dir='ltr'>textibus</span> <span class='ocrx_word' id='word_1_256' title='bbox 293 3289 336 3349; x_wconf 92' lang='lat' dir='ltr'>de</span> <span class='ocrx_word' id='word_1_257' title='bbox 351 3289 505 3350; x_wconf 91' lang='lat' dir='ltr'>omnibus</span> <span class='ocrx_word' id='word_1_258' title='bbox 519 3288 750 3369; x_wconf 71' lang='lat' dir='ltr'>praedicantur,</span> <span class='ocrx_word' id='word_1_259' title='bbox 760 3288 859 3367; x_wconf 89' lang='lat' dir='ltr'>justis</span> <span class='ocrx_word' id='word_1_260' title='bbox 876 3307 969 3367; x_wconf 80' lang='lat' dir='ltr'>aeque</span> <span class='ocrx_word' id='word_1_261' title='bbox 983 3307 1020 3348; x_wconf 90' lang='lat' dir='ltr'>ac</span> <span class='ocrx_word' id='word_1_262' title='bbox 1033 3308 1149 3368; x_wconf 91' lang='lat' dir='ltr'>pecca-</span> 
     </span>
     <span class='ocr_line' id='line_1_32' title="bbox 61 3384 1148 3471; baseline 0.013 -31"><span class='ocrx_word' id='word_1_263' title='bbox 61 3384 183 3462; x_wconf 89' lang='lat' dir='ltr'>toribus,</span> <span class='ocrx_word' id='word_1_264' title='bbox 200 3390 268 3450; x_wconf 90' lang='lat' dir='ltr'>imo</span> <span class='ocrx_word' id='word_1_265' title='bbox 285 3390 380 3452; x_wconf 90' lang='lat' dir='ltr'>multi</span> <span class='ocrx_word' id='word_1_266' title='bbox 405 3392 446 3453; x_wconf 92' lang='lat' dir='ltr'>de</span> <span class='ocrx_word' id='word_1_267' title='bbox 471 3391 549 3470; x_wconf 90' lang='lat' dir='ltr'>ipsis</span> <span class='ocrx_word' id='word_1_268' title='bbox 570 3390 669 3470; x_wconf 92' lang='lat' dir='ltr'>justis</span> <span class='ocrx_word' id='word_1_269' title='bbox 685 3388 809 3452; x_wconf 66' lang='lat' dir='ltr'>diredte</span> <span class='ocrx_word' id='word_1_270' title='bbox 826 3390 1057 3471; x_wconf 70' lang='lat' dir='ltr'>praedicantur,</span> <span class='ocrx_word' id='word_1_271' title='bbox 1073 3412 1101 3452; x_wconf 88' lang='lat' dir='ltr'>v.</span> <span class='ocrx_word' id='word_1_272' title='bbox 1119 3412 1148 3471; x_wconf 85' lang='lat' dir='ltr'>g.</span> 
     </span>
     <span class='ocr_line' id='line_1_33' title="bbox 63 3483 1148 3574; baseline 0.008 -29"><span class='ocrx_word' id='word_1_273' title='bbox 63 3487 75 3511; x_wconf 83' lang='lat'>‘⁴</span> <span class='ocrx_word' id='word_1_274' title='bbox 86 3483 185 3550; x_wconf 89' lang='lat' dir='ltr'>Creati</span> <span class='ocrx_word' id='word_1_275' title='bbox 199 3491 232 3552; x_wconf 92' lang='lat' dir='ltr'>in</span> <span class='ocrx_word' id='word_1_276' title='bbox 247 3491 379 3554; x_wconf 89' lang='lat' dir='ltr'>Christo</span> <span class='ocrx_word' id='word_1_277' title='bbox 390 3492 469 3574; x_wconf 87' lang='lat' dir='ltr'>Jesu</span> <span class='ocrx_word' id='word_1_278' title='bbox 485 3493 516 3553; x_wconf 94' lang='lat' dir='ltr'>in</span> <span class='ocrx_word' id='word_1_279' title='bbox 530 3493 685 3572; x_wconf 89' lang='lat' dir='ltr'>operibus</span> <span class='ocrx_word' id='word_1_280' title='bbox 699 3493 794 3554; x_wconf 91' lang='lat' dir='ltr'>bonis</span> <span class='ocrx_word' id='word_1_281' title='bbox 805 3493 821 3517; x_wconf 91' lang='lat'>’&#39;</span> <span class='ocrx_word' id='word_1_282' title='bbox 833 3503 845 3547; x_wconf 86' lang='grc'><strong><em>5</em></strong></span> <span class='ocrx_word' id='word_1_283' title='bbox 859 3513 865 3568; x_wconf 91' lang='grc'><strong>;</strong></span> <span class='ocrx_word' id='word_1_284' title='bbox 881 3497 896 3523; x_wconf 89' lang='grc'><strong>“</strong></span> <span class='ocrx_word' id='word_1_285' title='bbox 912 3492 991 3556; x_wconf 90' lang='lat' dir='ltr'>Sine</span> <span class='ocrx_word' id='word_1_286' title='bbox 1005 3513 1057 3553; x_wconf 91' lang='lat' dir='ltr'>me</span> <span class='ocrx_word' id='word_1_287' title='bbox 1068 3492 1148 3555; x_wconf 90' lang='lat' dir='ltr'>nihil</span> 
     </span>
     <span class='ocr_line' id='line_1_34' title="bbox 64 3591 1149 3676; baseline 0.011 -30"><span class='ocrx_word' id='word_1_288' title='bbox 64 3592 187 3662; x_wconf 84' lang='lat' dir='ltr'>potestis</span> <span class='ocrx_word' id='word_1_289' title='bbox 204 3591 311 3656; x_wconf 79' lang='lat' dir='ltr'>iacere</span> <span class='ocrx_word' id='word_1_290' title='bbox 323 3593 383 3672; x_wconf 88' lang='lat'>&#39;’⁶;</span> <span class='ocrx_word' id='word_1_291' title='bbox 407 3594 478 3656; x_wconf 84' lang='lat' dir='ltr'>haec</span> <span class='ocrx_word' id='word_1_292' title='bbox 494 3595 582 3656; x_wconf 91' lang='lat' dir='ltr'>enim</span> <span class='ocrx_word' id='word_1_293' title='bbox 600 3595 718 3656; x_wconf 91' lang='lat' dir='ltr'>ultima</span> <span class='ocrx_word' id='word_1_294' title='bbox 733 3596 833 3657; x_wconf 91' lang='lat' dir='ltr'>verba</span> <span class='ocrx_word' id='word_1_295' title='bbox 854 3592 943 3657; x_wconf 70' lang='lat' dir='ltr'>dieta</span> <span class='ocrx_word' id='word_1_296' title='bbox 960 3603 1039 3656; x_wconf 90' lang='lat' dir='ltr'>sunt</span> <span class='ocrx_word' id='word_1_297' title='bbox 1056 3594 1149 3676; x_wconf 87' lang='lat' dir='ltr'>Apo·</span> 
     </span>
    </p>
   </div>
   <div class='ocr_carea' id='block_1_5' title="bbox 65 3698 173 3714">
    <p class='ocr_par' dir='ltr' id='par_1_8' title="bbox 65 3698 173 3714">
     <span class='ocr_line' id='line_1_35' title="bbox 65 3698 173 3714; baseline 0 0"><span class='ocrx_word' id='word_1_298' title='bbox 65 3698 173 3714; x_wconf 41' lang='grc' dir='ltr'>..Ἢ</span> 
     </span>
    </p>
   </div>
   <div class='ocr_carea' id='block_1_6' title="bbox 69 3763 1152 4186">
    <p class='ocr_par' dir='ltr' id='par_1_9' title="bbox 92 3763 603 3833">
     <span class='ocr_line' id='line_1_36' title="bbox 92 3763 603 3833; baseline -0.006 -16"><span class='ocrx_word' id='word_1_299' title='bbox 92 3765 207 3833; x_wconf 75' lang='lat' dir='ltr'>¹Epkes.</span> <span class='ocrx_word' id='word_1_300' title='bbox 224 3767 275 3831; x_wconf 97' lang='lat' dir='ltr'>VI,</span> <span class='ocrx_word' id='word_1_301' title='bbox 291 3782 330 3818; x_wconf 86' lang='lat'>12.</span> <span class='ocrx_word' id='word_1_302' title='bbox 343 3795 378 3804; x_wconf 91' lang='lat'>-</span> <span class='ocrx_word' id='word_1_303' title='bbox 390 3763 400 3792; x_wconf 81' lang='lat'><strong>²</strong></span> <span class='ocrx_word' id='word_1_304' title='bbox 411 3765 432 3816; x_wconf 90' lang='grc' dir='ltr'><em>Ι</em></span> <span class='ocrx_word' id='word_1_305' title='bbox 441 3765 516 3816; x_wconf 82' lang='lat' dir='ltr'>Pelr.</span> <span class='ocrx_word' id='word_1_306' title='bbox 531 3763 565 3829; x_wconf 93' lang='lat' dir='ltr'>V,</span> <span class='ocrx_word' id='word_1_307' title='bbox 580 3763 603 3814; x_wconf 89' lang='lat'>8.</span> 
     </span>
    </p>

    <p class='ocr_par' dir='ltr' id='par_1_10' title="bbox 69 3845 1152 4186">
     <span class='ocr_line' id='line_1_37' title="bbox 93 3845 1152 3923; baseline -0.005 -19"><span class='ocrx_word' id='word_1_308' title='bbox 93 3852 207 3907; x_wconf 68' lang='lat' dir='ltr'>astricte</span> <span class='ocrx_word' id='word_1_309' title='bbox 226 3852 368 3923; x_wconf 91' lang='lat' dir='ltr'>loquendo</span> <span class='ocrx_word' id='word_1_310' title='bbox 386 3852 477 3920; x_wconf 87' lang='lat' dir='ltr'>gratia</span> <span class='ocrx_word' id='word_1_311' title='bbox 496 3850 747 3919; x_wconf 82' lang='lat' dir='ltr'>praeternaturalis,</span> <span class='ocrx_word' id='word_1_312' title='bbox 767 3865 815 3901; x_wconf 89' lang='lat' dir='ltr'>seu</span> <span class='ocrx_word' id='word_1_313' title='bbox 838 3846 971 3900; x_wconf 88' lang='lat' dir='ltr'>auxilium</span> <span class='ocrx_word' id='word_1_314' title='bbox 996 3845 1152 3900; x_wconf 89' lang='lat' dir='ltr'>indebitum</span> 
     </span>
     <span class='ocr_line' id='line_1_38' title="bbox 69 3935 1152 4004; baseline 0 -18"><span class='ocrx_word' id='word_1_315' title='bbox 69 3937 156 3993; x_wconf 88' lang='lat' dir='ltr'>ordinis</span> <span class='ocrx_word' id='word_1_316' title='bbox 168 3940 302 3995; x_wconf 89' lang='lat' dir='ltr'>naturalis</span> <span class='ocrx_word' id='word_1_317' title='bbox 315 3940 351 3993; x_wconf 89' lang='lat' dir='ltr'>ad</span> <span class='ocrx_word' id='word_1_318' title='bbox 365 3939 519 3992; x_wconf 88' lang='lat' dir='ltr'>vincendas</span> <span class='ocrx_word' id='word_1_319' title='bbox 534 3937 704 3992; x_wconf 87' lang='lat' dir='ltr'>tentationes</span> <span class='ocrx_word' id='word_1_320' title='bbox 718 3935 858 3988; x_wconf 86' lang='lat' dir='ltr'>sufficeret</span> <span class='ocrx_word' id='word_1_321' title='bbox 871 3935 909 4001; x_wconf 76' lang='lat' dir='ltr'>(n,</span> <span class='ocrx_word' id='word_1_322' title='bbox 920 3935 981 4004; x_wconf 87' lang='lat'><strong>40);</strong></span> <span class='ocrx_word' id='word_1_323' title='bbox 1002 3935 1051 3988; x_wconf 91' lang='lat' dir='ltr'>sed</span> <span class='ocrx_word' id='word_1_324' title='bbox 1065 3951 1152 4002; x_wconf 92' lang='lat' dir='ltr'>quum</span> 
     </span>
     <span class='ocr_line' id='line_1_39' title="bbox 69 4019 1152 4099; baseline -0.006 -21"><span class='ocrx_word' id='word_1_325' title='bbox 69 4022 105 4078; x_wconf 86' lang='lat' dir='ltr'>hic</span> <span class='ocrx_word' id='word_1_326' title='bbox 116 4041 208 4096; x_wconf 85' lang='lat' dir='ltr'>agatur</span> <span class='ocrx_word' id='word_1_327' title='bbox 220 4031 255 4084; x_wconf 88' lang='lat' dir='ltr'>de</span> <span class='ocrx_word' id='word_1_328' title='bbox 260 4031 358 4099; x_wconf 71' lang='lat' dir='ltr'>justis,</span> <span class='ocrx_word' id='word_1_329' title='bbox 376 4030 412 4081; x_wconf 90' lang='lat' dir='ltr'>ad</span> <span class='ocrx_word' id='word_1_330' title='bbox 427 4037 531 4081; x_wconf 91' lang='lat' dir='ltr'>statum</span> <span class='ocrx_word' id='word_1_331' title='bbox 545 4022 785 4095; x_wconf 87' lang='lat' dir='ltr'>supernaturalem</span> <span class='ocrx_word' id='word_1_332' title='bbox 795 4019 856 4089; x_wconf 85' lang='lat' dir='ltr'>jam</span> <span class='ocrx_word' id='word_1_333' title='bbox 875 4021 990 4083; x_wconf 68' lang='lat' dir='ltr'>evectis,</span> <span class='ocrx_word' id='word_1_334' title='bbox 1006 4021 1096 4089; x_wconf 87' lang='lat' dir='ltr'>gratia</span> <span class='ocrx_word' id='word_1_335' title='bbox 1111 4021 1152 4073; x_wconf 88' lang='lat' dir='ltr'>eis</span> 
     </span>
     <span class='ocr_line' id='line_1_40' title="bbox 70 4107 918 4186; baseline -0.001 -23"><span class='ocrx_word' id='word_1_336' title='bbox 70 4109 124 4166; x_wconf 82' lang='lat' dir='ltr'>data</span> <span class='ocrx_word' id='word_1_337' title='bbox 134 4126 174 4169; x_wconf 87' lang='lat' dir='ltr'>est</span> <span class='ocrx_word' id='word_1_338' title='bbox 186 4135 248 4171; x_wconf 87' lang='lat' dir='ltr'>vere</span> <span class='ocrx_word' id='word_1_339' title='bbox 262 4114 490 4184; x_wconf 80' lang='lat' dir='ltr'>supernaturalis,</span> <span class='ocrx_word' id='word_1_340' title='bbox 503 4123 533 4166; x_wconf 90' lang='lat' dir='ltr'>ut</span> <span class='ocrx_word' id='word_1_341' title='bbox 546 4127 645 4186; x_wconf 88' lang='lat' dir='ltr'>omnes</span> <span class='ocrx_word' id='word_1_342' title='bbox 658 4108 772 4163; x_wconf 90' lang='lat' dir='ltr'>tradunt</span> <span class='ocrx_word' id='word_1_343' title='bbox 785 4107 918 4174; x_wconf 86' lang='lat' dir='ltr'>theologi.</span> 
     </span>
    </p>
   </div>
   <div class='ocr_carea' id='block_1_7' title="bbox 97 4193 933 4270">
    <p class='ocr_par' dir='ltr' id='par_1_11' title="bbox 97 4193 933 4270">
     <span class='ocr_line' id='line_1_41' title="bbox 97 4193 933 4270; baseline -0.006 -17"><span class='ocrx_word' id='word_1_344' title='bbox 97 4195 557 4270; x_wconf 72' lang='lat' dir='ltr'>⁴nau.xxv1‚41.-³Eptes.</span> <span class='ocrx_word' id='word_1_345' title='bbox 574 4201 613 4267; x_wconf 91' lang='lat'>11,</span> <span class='ocrx_word' id='word_1_346' title='bbox 631 4213 670 4254; x_wconf 86' lang='lat'>10.</span> <span class='ocrx_word' id='word_1_347' title='bbox 687 4227 716 4235; x_wconf 98' lang='lat'>-</span> <span class='ocrx_word' id='word_1_348' title='bbox 733 4193 815 4264; x_wconf 59' lang='grc' dir='ltr'>ηοω.</span> <span class='ocrx_word' id='word_1_349' title='bbox 833 4195 895 4262; x_wconf 89' lang='lat' dir='ltr'>xv,</span> <span class='ocrx_word' id='word_1_350' title='bbox 909 4210 933 4265; x_wconf 82' lang='lat'>5.</span> 
     </span>
    </p>
   </div>
   <div class='ocr_carea' id='block_1_8' title="bbox 0 0 1408 4644">
    <p class='ocr_par' dir='ltr' id='par_1_12' title="bbox 0 0 1408 4644">
     <span class='ocr_line' id='line_1_42' title="bbox 0 0 1408 4644; baseline 0 0"><span class='ocrx_word' id='word_1_351' title='bbox 0 0 1408 4644; x_wconf 95' lang='lat' dir='ltr'> </span> 
     </span>
    </p>
   </div>
  </div>
 </body>
</html>
