2794 4662
250 146 317 196 66⁴
612 143 669 194 m:
687 139 981 195 maritumum.

290 337 340 404 50.
389 327 555 386 Tlen'sr‘:
579 324 853 390 Matrimonium
875 342 923 389 ex
945 323 1115 401 primaeva
1132 321 1200 384 Dei
1215 319 1335 384 institu-

249 422 347 486 tione
363 421 609 487 indissolubile
624 421 701 500 iuit,
717 421 783 487 sed
805 422 873 488 sub
896 422 977 501 lege
999 420 1162 486 mosaica
1184 435 1248 498 per
1266 418 1337 481 libel·

250 518 324 582 lum
346 518 484 598 repudii
506 518 654 584 dissolvi
675 525 829 598 poterat,
845 517 956 584 etiam
972 517 1007 580 in
1022 517 1099 583 l'oro
1114 514 1338 590 conscientia,

250 614 318 680 sub
333 615 442 680 certis
457 614 672 693 quibusdam
686 614 960 680 conditionibus.
1010 616 1061 678 Ita
1077 614 1304 676 communiter.

294 729 341 797 51.
390 715 456 804 (A)
476 719 580 781 Prius
595 719 773 801 probatur;
796 719 847 800 (a)
867 719 1146 800 interrogantibus
1166 717 1259 779 enim
1278 717 1344 777 Pha-

251 821 352 882 risaeis
371 833 480 884 utrum
499 821 595 884 liceat
611 821 738 883 homini
755 841 895 883 uxorem
909 822 1076 884 dimittere
1088 824 1344 900 quacumqueex

250 927 359 996 causa,
377 923 529 988 Christus
546 924 724 1005 respondet
742 924 851 986 Deum
876 925 986 1006 ipsum
1009 921 1179 986 audiorem
1199 941 1273 984 esse
1289 941 1345 982 ma·

249 1027 402 1101 trimonii,
430 1046 538 1108 neque
566 1025 692 1088 homini
718 1026 816 1088 licere
846 1026 931 1088 hanc
963 1027 1118 1089 unionem
1151 990 1361 1144 dissolvere2i

249 1128 378 1211 “Quod
405 1149 485 1211 ergo
513 1129 606 1192 Deus
633 1127 819 1208 conjunxit,
846 1128 948 1191 homo
977 1149 1041 1191 non
1068 1136 1201 1209 separet
1212 1129 1236 1190 ”.
1287 1126 1361 1188 Illis*

250 1240 360 1293 autem
379 1230 613 1311 objicientibus
629 1230 777 1293 libellum
795 1230 922 1311 repudii
936 1251 956 1292 a
969 1231 1089 1311 Moyse
1105 1229 1206 1292 luisse
1219 1229 1347 1310 permis·

250 1355 333 1407 sum,
352 1334 517 1396 Dominus
533 1334 649 1396 addit:
673 1333 868 1416 “Quoniam
889 1334 1025 1416 Moyses
1049 1335 1091 1396 ad
1110 1333 1270 1395 duritiam
1287 1351 1347 1393 cor-

250 1435 301 1498 dis
314 1438 412 1498 vestri
431 1437 580 1518 permisit
596 1436 690 1499 vobis
706 1436 875 1499 dimittere
892 1456 1015 1498 uxores
1030 1445 1177 1498 vestras:
1201 1435 1246 1497 ab
1262 1435 1349 1496 initio

250 1549 445 1608 autemnon
463 1538 647 1601 suitsic''.1.
695 1538 780 1620 Quae
802 1539 937 1619 quidem
961 1538 1063 1601 verba
1086 1537 1263 1600 manifeste
1284 1559 1367 1616 sup*

250 1652 380 1721 ponunt
397 1642 440 1704 ab
456 1640 551 1703 initio
567 1661 633 1703 non
652 1642 698 1703 ita
715 1642 964 1704 matrimonium
986 1641 1174 1703 institutum
1198 1640 1299 1702 fuisse
1318 1651 1349 1702 ut

251 1746 320 1806 viro
337 1746 471 1809 licentia
486 1746 620 1808 daretur
641 1746 838 1826 repudiandi
861 1765 1009 1808 uxorem.
1055 1744 1106 1826 (b)
1123 1743 1223 1826 Quod
1241 1766 1262 1807 a
1283 1746 1348 1806 Tri·

250 1847 379 1910 clerrtr'no
397 1850 483 1926 (sess.
504 1848 638 1926 XXIV)
654 1847 887 1910 confirmatur:
911 1848 1140 1910 “matrimonii
1157 1859 1348 1928 perpetuum

250 1949 581 2031 indissolubilemque
609 1971 732 2030 nexum
760 1951 885 2032 primus
912 1950 1049 2013 humani
1079 1951 1208 2030 generis
1236 1970 1349 2032 parens

250 2054 353 2116 divini
388 2053 530 2133 Spiritlis
562 2051 718 2116 instindtu
751 2052 989 2134 pronuntiavit,
1020 2073 1095 2114 cum
1127 2053 1238 2116 dixit:
1278 2053 1349 2114 Hoc

251 2176 338 2217 nunc
355 2176 391 2217 os
408 2176 452 2217 ex
469 2151 599 2217 ossibus
616 2155 708 2228 meiS,
724 2165 756 2218 et
773 2175 850 2217 caro
865 2156 908 2218 de
924 2175 1021 2216 carne
1038 2175 1111 2216 mea
1124 2155 1166 2216 ”...

294 2271 342 2338 5²·
392 2254 458 2342 (B)
477 2258 645 2320 Posterius
667 2268 816 2334 constat,
844 2259 963 2338 legitur
985 2257 1149 2338 siquidem
1171 2258 1202 2319 in
1221 2257 1349 2321 Deut.²:

250 2361 316 2425 “Si
334 2361 498 2441 acceperit
514 2359 615 2421 homo
632 2359 788 2433 uxorem,
799 2370 832 2422 et
855 2361 1007 2422 habuerit
1030 2379 1114 2434 eam,
1130 2371 1164 2422 et
1182 2381 1246 2423 non
1265 2363 1347 2422 inve-

251 2464 336 2525 uerit
352 2465 492 2542 gratiam
510 2473 588 2525 ante
603 2464 718 2526 oculos
737 2463 808 2543 ejus
831 2473 965 2544 propter
988 2462 1134 2542 aliquam
1158 2463 1347 2534 foeditatem.

251 2565 371 2626 scribet
388 2564 535 2626 libellum
554 2565 690 2646 repudii,
707 2575 740 2628 et
757 2565 851 2630 dabit
875 2567 907 2626 in
928 2585 1027 2626 manu
1045 2565 1140 2642 illius,
1157 2575 1191 2627 et
1207 2567 1347 2628 dimittet

250 2687 324 2730 eam
356 2668 398 2731 de
428 2669 530 2730 domo
561 2671 628 2730 sud.
676 2669 829 2749 Cumque
860 2688 992 2749 egressa
1024 2669 1164 2730 alterum
1198 2672 1346 2732 maritum

250 2772 393 2842 duxerit,
410 2779 444 2832 et
468 2769 521 2831 ille
544 2790 676 2850 quoque
700 2770 807 2832 oderit
830 2789 913 2843 eam,
930 2771 1125 2850 dederitque
1148 2771 1179 2831 ei
1204 2771 1345 2834 libellum

251 2872 387 2953 repudii,
403 2881 436 2934 et
453 2871 614 2934 dimiserit
631 2871 672 2934 de
689 2872 792 2934 domo
807 2876 876 2946 sua,
892 2872 943 2933 vel
967 2881 1055 2933 certe
1079 2881 1229 2935 mortuus
1249 2874 1346 2944 suerit,

250 2995 316 3036 non
349 2974 471 3055 poterit
502 2975 591 3055 prior
623 2975 761 3037 maritus
793 2975 935 3054 recipere
967 2994 1039 3036 eam
1072 2975 1103 3035 in
1139 2994 1280 3038 uxorem
1295 2979 1346 3038 '’...

249 3079 406 3160 Jamvero
421 3077 471 3138 his
488 3078 595 3140 verbis
612 3079 663 3139 vel
681 3079 882 3152 conceditur,
898 3077 948 3139 vel
963 3077 1033 3157 jam
1050 3097 1208 3140 concessa
1232 3101 1346 3161 suppo·

251 3182 339 3243 nitur
355 3180 494 3243 facultas
515 3181 647 3243 divortii
671 3181 780 3262 quoad
805 3181 973 3243 vinculum
989 3203 996 3256 ;
1019 3200 1096 3242 nam
1113 3201 1201 3243 uxor
1216 3183 1347 3245 dimissa

249 3284 426 3346 exhibetur
448 3294 484 3347 ut
508 3284 601 3347 alteri
619 3285 688 3345 viro
705 3285 843 3358 nubens,
860 3293 893 3346 et
913 3285 1048 3364 insuper.
1064 3283 1264 3348 Sacerdotes
1281 3307 1346 3368 pro·

250 3386 404 3448 hibentur
420 3387 590 3448 mulierem
609 3385 816 3467 repudiatam
833 3387 978 3447 ducere³
992 3409 999 3448 :
1015 3406 1058 3448 ex
1071 3405 1138 3465 quo
1150 3389 1278 3450 eruitur
1292 3389 1347 3450 hoc

250 3489 322 3550 aliis
339 3488 438 3550 luisse
454 3489 661 3570 permissum.
708 3489 756 3568 (a)
779 3488 978 3569 Disputatur
993 3507 1071 3548 vero
1087 3488 1172 3549 inter
1190 3489 1304 3553 Patres
1319 3501 1347 3551 et

250 3589 423 3671 theologos
448 3600 557 3652 utrum
581 3589 771 3668 hujusmodi
795 3591 965 3652 concessio
992 3610 1058 3651 non
1086 3588 1194 3650 solum
1223 3593 1257 3653 in
1284 3593 1347 3654 loro

250 3703 400 3766 externe,
416 3693 588 3755 sedetiam
607 3693 637 3752 in
646 3693 724 3770 foro
739 3693 864 3755 interno
880 3693 1010 3754 valeret.
1064 3691 1274 3756 Probabilior
1296 3715 1347 3757 no·

249 3794 300 3857 bis
321 3796 451 3858 videtur
474 3796 587 3876 opinio
609 3794 777 3856 affirmans
801 3795 886 3856 hanc
910 3795 1009 3858 fuisse
1030 3815 1141 3857 veram
1165 3799 1346 3875 permissio-

250 3917 326 3959 nem
344 3898 374 3958 in
393 3898 464 3959 loro
481 3899 691 3959 conscientie
709 3899 874 3972 validam
898 3918 974 3959 nam
999 3899 1055 3978 qui
1079 3918 1220 3960 uxorem
1237 3901 1346 3962 dimis-

249 4017 450 4025 ——.-—..--—-
459 4019 566 4024 ----
578 4019 603 4024 --
615 4019 670 4024 --
1284 4021 1338 4027 -

251 4065 420 4132 Magistratu
439 4066 512 4118 civili
532 4066 673 4120 subveniri
694 4069 790 4134 possit,
811 4068 951 4122 sufficiens
974 4085 1060 4122 causa
1079 4070 1155 4121 nulla
1174 4084 1239 4122 esse
1261 4081 1346 4138 polest

250 4149 371 4218 conjugii
383 4151 524 4204 vinculum
534 4152 706 4206 dissolvendi
717 4155 737 4206 ”.
775 4155 842 4222 (Ap.
857 4155 960 4223 Sclraff,
974 4156 1086 4221 Creeds,
1099 4155 1152 4208 vol.
1167 4155 1222 4222 ΙΙΙ,
1238 4174 1266 4225 p.
1278 4159 1347 4224 656.)

288 4245 295 4266 ¹
309 4235 395 4286 illasii.
413 4237 493 4296 xlx,
506 4249 522 4304 3
536 4253 578 4305 sq.
595 4265 628 4274 —-
641 4235 650 4262 ²
663 4241 746 4292 Deul.
764 4241 871 4307 XXIV,
888 4257 897 4294 1
915 4259 956 4310 sq.
972 4269 1005 4280 -
1018 4241 1028 4270 ³
1041 4241 1131 4294 Levr‘l.
1147 4241 1228 4302 XXI,
1245 4257 1269 4306 7.
