<?xml version="1.0" encoding="UTF-8"?>
<!DOCTYPE html PUBLIC "-//W3C//DTD XHTML 1.0 Transitional//EN"
    "http://www.w3.org/TR/xhtml1/DTD/xhtml1-transitional.dtd">
<html xmlns="http://www.w3.org/1999/xhtml" xml:lang="en" lang="en">
 <head>
  <title>
</title>
<meta http-equiv="Content-Type" content="text/html;charset=utf-8" />
  <meta name='ocr-system' content='tesseract 3.04.00' />
  <meta name='ocr-capabilities' content='ocr_page ocr_carea ocr_par ocr_line ocrx_word'/>
</head>
<body>
  <div class='ocr_page' id='page_1' title='image "./synopsistheolog01tanqgoog_0499.png"; bbox 0 0 2770 4652; ppageno 0'>
   <div class='ocr_carea' id='block_1_1' title="bbox 252 1293 1303 1375">
    <p class='ocr_par' dir='ltr' id='par_1_1' title="bbox 252 1293 1303 1375">
     <span class='ocr_line' id='line_1_1' title="bbox 252 1293 1303 1375; baseline 0.004 -4"><span class='ocrx_word' id='word_1_1' title='bbox 252 1295 339 1373; x_wconf 86' lang='lat' dir='ltr'><strong>Art.</strong></span> <span class='ocrx_word' id='word_1_2' title='bbox 365 1293 419 1373; x_wconf 94' lang='grc' dir='ltr'>ΙΙ.</span> <span class='ocrx_word' id='word_1_3' title='bbox 446 1295 509 1372; x_wconf 91' lang='lat' dir='ltr'>De</span> <span class='ocrx_word' id='word_1_4' title='bbox 535 1297 746 1373; x_wconf 69' lang='lat' dir='ltr'>existentia</span> <span class='ocrx_word' id='word_1_5' title='bbox 775 1295 1012 1372; x_wconf 87' lang='lat' dir='ltr'>sacramenti</span> <span class='ocrx_word' id='word_1_6' title='bbox 1046 1296 1303 1375; x_wconf 83' lang='lat' dir='ltr'>Poenitentia.</span> 
     </span>
    </p>
   </div>
   <div class='ocr_carea' id='block_1_2' title="bbox 228 1565 1384 4322">
    <p class='ocr_par' dir='ltr' id='par_1_2' title="bbox 228 1565 1384 3091">
     <span class='ocr_line' id='line_1_2' title="bbox 273 1565 1329 1651; baseline -0.003 -17"><span class='ocrx_word' id='word_1_7' title='bbox 273 1587 320 1651; x_wconf 80' lang='lat'>14.</span> <span class='ocrx_word' id='word_1_8' title='bbox 363 1567 590 1632; x_wconf 82' lang='lat' dir='ltr'>Proenotanda.</span> <span class='ocrx_word' id='word_1_9' title='bbox 633 1581 666 1630; x_wconf 88' lang='lat'>10</span> <span class='ocrx_word' id='word_1_10' title='bbox 676 1567 842 1650; x_wconf 80' lang='lat' dir='ltr'>Definitio.</span> <span class='ocrx_word' id='word_1_11' title='bbox 865 1597 867 1602; x_wconf 96' lang='lat'>·</span> <span class='ocrx_word' id='word_1_12' title='bbox 890 1565 1108 1644; x_wconf 74' lang='lat' dir='ltr'>Paenitentia,</span> <span class='ocrx_word' id='word_1_13' title='bbox 1121 1579 1218 1651; x_wconf 86' lang='lat' dir='ltr'>prout</span> <span class='ocrx_word' id='word_1_14' title='bbox 1230 1589 1329 1632; x_wconf 89' lang='lat' dir='ltr'>sacra-</span> 
     </span>
     <span class='ocr_line' id='line_1_3' title="bbox 228 1667 1331 1752; baseline -0.003 -18"><span class='ocrx_word' id='word_1_15' title='bbox 228 1681 390 1747; x_wconf 89' lang='lat' dir='ltr'>mentum,</span> <span class='ocrx_word' id='word_1_16' title='bbox 406 1690 426 1733; x_wconf 91' lang='lat' dir='ltr'>a</span> <span class='ocrx_word' id='word_1_17' title='bbox 449 1671 613 1752; x_wconf 82' lang='lat' dir='ltr'>theologis</span> <span class='ocrx_word' id='word_1_18' title='bbox 636 1670 766 1733; x_wconf 87' lang='lat' dir='ltr'>definiri</span> <span class='ocrx_word' id='word_1_19' title='bbox 790 1667 874 1731; x_wconf 90' lang='lat' dir='ltr'>solet</span> <span class='ocrx_word' id='word_1_20' title='bbox 893 1691 900 1730; x_wconf 91' lang='lat'><strong>:</strong></span> <span class='ocrx_word' id='word_1_21' title='bbox 926 1668 1186 1734; x_wconf 83' lang='lat' dir='ltr'><em>Sacramentum</em></span> <span class='ocrx_word' id='word_1_22' title='bbox 1203 1673 1244 1734; x_wconf 89' lang='lat' dir='ltr'>N.</span> <span class='ocrx_word' id='word_1_23' title='bbox 1259 1673 1296 1734; x_wconf 87' lang='lat' dir='ltr'>L.</span> <span class='ocrx_word' id='word_1_24' title='bbox 1310 1695 1331 1732; x_wconf 78' lang='lat' dir='ltr'>a</span> 
     </span>
     <span class='ocr_line' id='line_1_4' title="bbox 234 1771 1329 1855; baseline -0.005 -16"><span class='ocrx_word' id='word_1_25' title='bbox 234 1773 361 1838; x_wconf 79' lang='lat' dir='ltr'>Christo</span> <span class='ocrx_word' id='word_1_26' title='bbox 372 1773 638 1854; x_wconf 69' lang='lat' dir='ltr'>institutumque</span> <span class='ocrx_word' id='word_1_27' title='bbox 646 1785 710 1854; x_wconf 83' lang='lat' dir='ltr'>per</span> <span class='ocrx_word' id='word_1_28' title='bbox 710 1772 894 1855; x_wconf 84' lang='lat' dir='ltr'>jrm&#39;dicam</span> <span class='ocrx_word' id='word_1_29' title='bbox 907 1771 1085 1836; x_wconf 83' lang='lat' dir='ltr'>sacerdotis</span> <span class='ocrx_word' id='word_1_30' title='bbox 1096 1774 1329 1846; x_wconf 80' lang='lat' dir='ltr'><em>absolutionem,</em></span> 
     </span>
     <span class='ocr_line' id='line_1_5' title="bbox 229 1873 1329 1957; baseline -0.003 -17"><span class='ocrx_word' id='word_1_31' title='bbox 229 1878 359 1954; x_wconf 69' lang='lat' dir='ltr'>sturnini</span> <span class='ocrx_word' id='word_1_32' title='bbox 371 1877 513 1953; x_wconf 83' lang='lat' dir='ltr'>contrito,</span> <span class='ocrx_word' id='word_1_33' title='bbox 522 1878 660 1956; x_wconf 81' lang='lat' dir='ltr'>confesso</span> <span class='ocrx_word' id='word_1_34' title='bbox 675 1886 705 1938; x_wconf 85' lang='lat' dir='ltr'>et</span> <span class='ocrx_word' id='word_1_35' title='bbox 718 1873 975 1957; x_wconf 66' lang='lat' dir='ltr'>satisfactionem</span> <span class='ocrx_word' id='word_1_36' title='bbox 992 1877 1213 1956; x_wconf 80' lang='lat' dir='ltr'><em>promittenti,</em></span> <span class='ocrx_word' id='word_1_37' title='bbox 1225 1877 1329 1939; x_wconf 82' lang='lat' dir='ltr'>remit-</span> 
     </span>
     <span class='ocr_line' id='line_1_6' title="bbox 230 1977 1333 2062; baseline -0.003 -18"><span class='ocrx_word' id='word_1_38' title='bbox 230 1992 350 2058; x_wconf 66' lang='lat' dir='ltr'>tuntur</span> <span class='ocrx_word' id='word_1_39' title='bbox 363 1991 494 2062; x_wconf 83' lang='lat' dir='ltr'>peccata</span> <span class='ocrx_word' id='word_1_40' title='bbox 509 1989 584 2062; x_wconf 80' lang='lat' dir='ltr'>post</span> <span class='ocrx_word' id='word_1_41' title='bbox 606 1979 800 2060; x_wconf 83' lang='lat' dir='ltr'>baptismum</span> <span class='ocrx_word' id='word_1_42' title='bbox 822 1977 1000 2042; x_wconf 69' lang='lat' dir='ltr'>commissa</span> <span class='ocrx_word' id='word_1_43' title='bbox 1049 1979 1191 2044; x_wconf 85' lang='lat' dir='ltr'>Dicitur</span> <span class='ocrx_word' id='word_1_44' title='bbox 1206 1979 1254 2061; x_wconf 86' lang='lat' dir='ltr'>(a)</span> <span class='ocrx_word' id='word_1_45' title='bbox 1274 2001 1333 2060; x_wconf 82' lang='lat' dir='ltr'>quo</span> 
     </span>
     <span class='ocr_line' id='line_1_7' title="bbox 228 2080 1331 2167; baseline -0.005 -18"><span class='ocrx_word' id='word_1_46' title='bbox 228 2084 478 2167; x_wconf 67' lang='lat' dir='ltr'>perynrae&#39;dicam</span> <span class='ocrx_word' id='word_1_47' title='bbox 494 2082 667 2146; x_wconf 82' lang='lat' dir='ltr'>sacerdotis</span> <span class='ocrx_word' id='word_1_48' title='bbox 682 2080 920 2154; x_wconf 77' lang='lat' dir='ltr'>absolutzimem,</span> <span class='ocrx_word' id='word_1_49' title='bbox 932 2090 969 2142; x_wconf 93' lang='lat' dir='ltr'>ut</span> <span class='ocrx_word' id='word_1_50' title='bbox 985 2081 1033 2142; x_wconf 90' lang='lat' dir='ltr'>sic</span> <span class='ocrx_word' id='word_1_51' title='bbox 1046 2082 1256 2146; x_wconf 89' lang='lat' dir='ltr'>declarentur</span> <span class='ocrx_word' id='word_1_52' title='bbox 1261 2085 1331 2162; x_wconf 84' lang='lat' dir='ltr'>sor·</span> 
     </span>
     <span class='ocr_line' id='line_1_8' title="bbox 235 2183 1332 2270; baseline -0.006 -18"><span class='ocrx_word' id='word_1_53' title='bbox 235 2211 289 2252; x_wconf 85' lang='lat' dir='ltr'>ma</span> <span class='ocrx_word' id='word_1_54' title='bbox 304 2189 403 2270; x_wconf 89' lang='lat' dir='ltr'>hujus</span> <span class='ocrx_word' id='word_1_55' title='bbox 419 2187 627 2262; x_wconf 87' lang='lat' dir='ltr'>sacramenti,</span> <span class='ocrx_word' id='word_1_56' title='bbox 643 2185 797 2248; x_wconf 90' lang='lat' dir='ltr'>videlicet</span> <span class='ocrx_word' id='word_1_57' title='bbox 819 2183 1001 2246; x_wconf 90' lang='lat' dir='ltr'>sacerdotis</span> <span class='ocrx_word' id='word_1_58' title='bbox 1023 2183 1195 2248; x_wconf 84' lang='lat' dir='ltr'><strong>absolutio</strong></span> <span class='ocrx_word' id='word_1_59' title='bbox 1211 2207 1218 2263; x_wconf 88' lang='lat'>;</span> <span class='ocrx_word' id='word_1_60' title='bbox 1240 2185 1332 2248; x_wconf 80' lang='lat' dir='ltr'>mini·</span> 
     </span>
     <span class='ocr_line' id='line_1_9' title="bbox 234 2277 1384 2371; baseline -0.004 -17"><span class='ocrx_word' id='word_1_61' title='bbox 234 2303 308 2368; x_wconf 84' lang='lat' dir='ltr'>ster,</span> <span class='ocrx_word' id='word_1_62' title='bbox 324 2311 380 2356; x_wconf 90' lang='lat' dir='ltr'>seu</span> <span class='ocrx_word' id='word_1_63' title='bbox 405 2291 580 2366; x_wconf 88' lang='lat' dir='ltr'>sacerdos;</span> <span class='ocrx_word' id='word_1_64' title='bbox 603 2297 636 2350; x_wconf 93' lang='lat' dir='ltr'>et</span> <span class='ocrx_word' id='word_1_65' title='bbox 661 2289 774 2350; x_wconf 86' lang='lat' dir='ltr'>modus</span> <span class='ocrx_word' id='word_1_66' title='bbox 793 2306 859 2369; x_wconf 92' lang='lat' dir='ltr'>quo</span> <span class='ocrx_word' id='word_1_67' title='bbox 881 2287 1098 2364; x_wconf 85' lang='lat' dir='ltr'>ministratur,</span> <span class='ocrx_word' id='word_1_68' title='bbox 1115 2310 1159 2352; x_wconf 90' lang='lat' dir='ltr'>sc.</span> <span class='ocrx_word' id='word_1_69' title='bbox 1174 2288 1332 2371; x_wconf 88' lang='lat' dir='ltr'>judicialis</span> <span class='ocrx_word' id='word_1_70' title='bbox 1383 2277 1384 2338; x_wconf 79' lang='grc' dir='ltr'><em>Ῐ</em></span> 
     </span>
     <span class='ocr_line' id='line_1_10' title="bbox 237 2390 1333 2474; baseline -0.002 -19"><span class='ocrx_word' id='word_1_71' title='bbox 237 2394 364 2474; x_wconf 84' lang='lat' dir='ltr'>lorma;</span> <span class='ocrx_word' id='word_1_72' title='bbox 393 2393 443 2473; x_wconf 84' lang='lat' dir='ltr'>(b)</span> <span class='ocrx_word' id='word_1_73' title='bbox 459 2392 587 2455; x_wconf 74' lang='lat' dir='ltr'>dorrrini</span> <span class='ocrx_word' id='word_1_74' title='bbox 604 2390 747 2466; x_wconf 86' lang='lat' dir='ltr'>contrito,</span> <span class='ocrx_word' id='word_1_75' title='bbox 764 2400 834 2464; x_wconf 78' lang='lat' dir='ltr'>etc..</span> <span class='ocrx_word' id='word_1_76' title='bbox 850 2390 971 2472; x_wconf 90' lang='lat' dir='ltr'>quibus</span> <span class='ocrx_word' id='word_1_77' title='bbox 988 2390 1100 2454; x_wconf 87' lang='lat' dir='ltr'>verbis</span> <span class='ocrx_word' id='word_1_78' title='bbox 1122 2393 1333 2474; x_wconf 81' lang='lat' dir='ltr'>designantur</span> 
     </span>
     <span class='ocr_line' id='line_1_11' title="bbox 237 2491 1384 2578; baseline -0.001 -20"><span class='ocrx_word' id='word_1_79' title='bbox 237 2505 308 2558; x_wconf 92' lang='lat' dir='ltr'>tum</span> <span class='ocrx_word' id='word_1_80' title='bbox 321 2493 518 2575; x_wconf 66' lang='lat' dir='ltr'>subjetfium,</span> <span class='ocrx_word' id='word_1_81' title='bbox 531 2505 602 2558; x_wconf 91' lang='lat' dir='ltr'>tum</span> <span class='ocrx_word' id='word_1_82' title='bbox 616 2491 756 2573; x_wconf 69' lang='lat' dir='ltr'>subjedli</span> <span class='ocrx_word' id='word_1_83' title='bbox 773 2494 1019 2575; x_wconf 90' lang='lat' dir='ltr'>dispositiones,</span> <span class='ocrx_word' id='word_1_84' title='bbox 1032 2498 1200 2572; x_wconf 90' lang='lat' dir='ltr'>contritio,</span> <span class='ocrx_word' id='word_1_85' title='bbox 1211 2496 1331 2559; x_wconf 78' lang='lat' dir='ltr'>confes·</span> <span class='ocrx_word' id='word_1_86' title='bbox 1383 2569 1384 2578; x_wconf 8' lang='grc' dir='ltr'>ἵ</span> 
     </span>
     <span class='ocr_line' id='line_1_12' title="bbox 238 2583 1384 2676; baseline 0 -16"><span class='ocrx_word' id='word_1_87' title='bbox 238 2599 287 2660; x_wconf 94' lang='lat' dir='ltr'>sio</span> <span class='ocrx_word' id='word_1_88' title='bbox 310 2607 343 2661; x_wconf 92' lang='lat' dir='ltr'>et</span> <span class='ocrx_word' id='word_1_89' title='bbox 365 2608 481 2661; x_wconf 92' lang='lat' dir='ltr'>votum</span> <span class='ocrx_word' id='word_1_90' title='bbox 505 2597 740 2670; x_wconf 84' lang='lat' dir='ltr'>satisfaciendi,</span> <span class='ocrx_word' id='word_1_91' title='bbox 756 2616 840 2676; x_wconf 72' lang='lat' dir='ltr'>quae,</span> <span class='ocrx_word' id='word_1_92' title='bbox 859 2596 960 2676; x_wconf 89' lang='lat' dir='ltr'>juxta</span> <span class='ocrx_word' id='word_1_93' title='bbox 985 2597 1119 2672; x_wconf 90' lang='lat' dir='ltr'>multos,</span> <span class='ocrx_word' id='word_1_94' title='bbox 1136 2609 1213 2661; x_wconf 91' lang='lat' dir='ltr'>sunt</span> <span class='ocrx_word' id='word_1_95' title='bbox 1235 2599 1328 2660; x_wconf 86' lang='lat' dir='ltr'>etiam</span> <span class='ocrx_word' id='word_1_96' title='bbox 1383 2583 1384 2672; x_wconf 79' lang='grc'>1</span> 
     </span>
     <span class='ocr_line' id='line_1_13' title="bbox 239 2696 1329 2785; baseline -0.002 -21"><span class='ocrx_word' id='word_1_97' title='bbox 239 2701 378 2764; x_wconf 85' lang='lat' dir='ltr'>materia</span> <span class='ocrx_word' id='word_1_98' title='bbox 401 2701 556 2782; x_wconf 89' lang='lat' dir='ltr'>proxima</span> <span class='ocrx_word' id='word_1_99' title='bbox 579 2701 800 2775; x_wconf 89' lang='lat' dir='ltr'>sacramenti;</span> <span class='ocrx_word' id='word_1_100' title='bbox 826 2696 880 2785; x_wconf 93' lang='lat' dir='ltr'>(c)</span> <span class='ocrx_word' id='word_1_101' title='bbox 900 2701 1116 2762; x_wconf 84' lang='lat' dir='ltr'>remittuntur</span> <span class='ocrx_word' id='word_1_102' title='bbox 1122 2711 1249 2783; x_wconf 82' lang='lat' dir='ltr'>peccata</span> <span class='ocrx_word' id='word_1_103' title='bbox 1262 2711 1329 2772; x_wconf 84' lang='lat' dir='ltr'>etc,</span> 
     </span>
     <span class='ocr_line' id='line_1_14' title="bbox 239 2799 1327 2886; baseline -0.004 -19"><span class='ocrx_word' id='word_1_104' title='bbox 239 2815 272 2868; x_wconf 90' lang='lat' dir='ltr'>et</span> <span class='ocrx_word' id='word_1_105' title='bbox 289 2806 334 2868; x_wconf 90' lang='lat' dir='ltr'>ita</span> <span class='ocrx_word' id='word_1_106' title='bbox 350 2806 578 2886; x_wconf 86' lang='lat' dir='ltr'>exprimuntur</span> <span class='ocrx_word' id='word_1_107' title='bbox 594 2825 659 2866; x_wconf 91' lang='lat' dir='ltr'>non</span> <span class='ocrx_word' id='word_1_108' title='bbox 677 2803 784 2865; x_wconf 93' lang='lat' dir='ltr'>solum</span> <span class='ocrx_word' id='word_1_109' title='bbox 802 2799 939 2865; x_wconf 62' lang='lat' dir='ltr'>effedlus</span> <span class='ocrx_word' id='word_1_110' title='bbox 957 2803 1153 2886; x_wconf 72' lang='lat' dir='ltr'>praecipuus,</span> <span class='ocrx_word' id='word_1_111' title='bbox 1166 2804 1327 2866; x_wconf 90' lang='lat' dir='ltr'>sedetiam</span> 
     </span>
     <span class='ocr_line' id='line_1_15' title="bbox 242 2905 1384 2988; baseline -0.004 -18"><span class='ocrx_word' id='word_1_112' title='bbox 242 2909 380 2970; x_wconf 87' lang='lat' dir='ltr'>materia</span> <span class='ocrx_word' id='word_1_113' title='bbox 403 2919 530 2971; x_wconf 88' lang='lat' dir='ltr'>remota</span> <span class='ocrx_word' id='word_1_114' title='bbox 553 2908 760 2980; x_wconf 85' lang='lat' dir='ltr'>sacramenti,</span> <span class='ocrx_word' id='word_1_115' title='bbox 784 2905 938 2969; x_wconf 91' lang='lat' dir='ltr'>videlicet</span> <span class='ocrx_word' id='word_1_116' title='bbox 961 2906 1075 2968; x_wconf 90' lang='lat' dir='ltr'>omnia</span> <span class='ocrx_word' id='word_1_117' title='bbox 1100 2916 1243 2988; x_wconf 87' lang='lat' dir='ltr'>peccata,</span> <span class='ocrx_word' id='word_1_118' title='bbox 1265 2906 1328 2966; x_wconf 84' lang='lat' dir='ltr'>sive</span> <span class='ocrx_word' id='word_1_119' title='bbox 1383 2911 1384 2924; x_wconf 63' lang='lat'>¹</span> 
     </span>
     <span class='ocr_line' id='line_1_16' title="bbox 244 3009 1167 3091; baseline -0.004 -17"><span class='ocrx_word' id='word_1_120' title='bbox 244 3011 404 3086; x_wconf 89' lang='lat' dir='ltr'>mortalia,</span> <span class='ocrx_word' id='word_1_121' title='bbox 420 3012 488 3074; x_wconf 86' lang='lat' dir='ltr'>sive</span> <span class='ocrx_word' id='word_1_122' title='bbox 504 3011 654 3084; x_wconf 91' lang='lat' dir='ltr'>venialia,</span> <span class='ocrx_word' id='word_1_123' title='bbox 666 3019 743 3091; x_wconf 90' lang='lat' dir='ltr'>post</span> <span class='ocrx_word' id='word_1_124' title='bbox 760 3009 962 3090; x_wconf 88' lang='lat' dir='ltr'>baptismum</span> <span class='ocrx_word' id='word_1_125' title='bbox 981 3009 1167 3071; x_wconf 91' lang='lat' dir='ltr'>commissa.</span> 
     </span>
    </p>

    <p class='ocr_par' dir='ltr' id='par_1_3' title="bbox 243 3110 1384 4118">
     <span class='ocr_line' id='line_1_17' title="bbox 287 3110 1327 3199; baseline -0.008 -21"><span class='ocrx_word' id='word_1_126' title='bbox 287 3125 333 3192; x_wconf 67' lang='lat'>15</span> <span class='ocrx_word' id='word_1_127' title='bbox 380 3113 572 3176; x_wconf 84' lang='lat' dir='ltr'>2⁰Errores.</span> <span class='ocrx_word' id='word_1_128' title='bbox 620 3110 685 3199; x_wconf 79' lang='lat' dir='ltr'>(A)</span> <span class='ocrx_word' id='word_1_129' title='bbox 700 3113 775 3194; x_wconf 91' lang='lat' dir='ltr'>Jam</span> <span class='ocrx_word' id='word_1_130' title='bbox 793 3111 906 3192; x_wconf 87' lang='lat' dir='ltr'>primis</span> <span class='ocrx_word' id='word_1_131' title='bbox 920 3111 1081 3174; x_wconf 83' lang='lat' dir='ltr'>Ecclesiae</span> <span class='ocrx_word' id='word_1_132' title='bbox 1098 3111 1226 3175; x_wconf 75' lang='lat' dir='ltr'>saculis</span> <span class='ocrx_word' id='word_1_133' title='bbox 1240 3110 1327 3172; x_wconf 83' lang='lat' dir='ltr'>Mon·</span> 
     </span>
     <span class='ocr_line' id='line_1_18' title="bbox 243 3213 1384 3291; baseline -0.005 -14"><span class='ocrx_word' id='word_1_134' title='bbox 243 3215 379 3291; x_wconf 54' lang='lat' dir='ltr'>tamarae,</span> <span class='ocrx_word' id='word_1_135' title='bbox 396 3217 441 3279; x_wconf 90' lang='lat' dir='ltr'>ita</span> <span class='ocrx_word' id='word_1_136' title='bbox 464 3219 571 3279; x_wconf 91' lang='lat' dir='ltr'>vocati</span> <span class='ocrx_word' id='word_1_137' title='bbox 596 3239 615 3280; x_wconf 92' lang='lat' dir='ltr'>a</span> <span class='ocrx_word' id='word_1_138' title='bbox 638 3219 723 3280; x_wconf 90' lang='lat' dir='ltr'>duce</span> <span class='ocrx_word' id='word_1_139' title='bbox 748 3218 922 3289; x_wconf 87' lang='lat' dir='ltr'>Montano,</span> <span class='ocrx_word' id='word_1_140' title='bbox 938 3214 971 3275; x_wconf 89' lang='lat' dir='ltr'>in</span> <span class='ocrx_word' id='word_1_141' title='bbox 995 3213 1080 3276; x_wconf 76' lang='lat' dir='ltr'>Asia</span> <span class='ocrx_word' id='word_1_142' title='bbox 1105 3213 1226 3276; x_wconf 89' lang='lat' dir='ltr'>Minori</span> <span class='ocrx_word' id='word_1_143' title='bbox 1249 3219 1328 3282; x_wconf 86' lang='lat' dir='ltr'>nato,</span> <span class='ocrx_word' id='word_1_144' title='bbox 1383 3257 1384 3264; x_wconf 34' lang='lat'>1</span> 
     </span>
     <span class='ocr_line' id='line_1_19' title="bbox 244 3313 1326 3402; baseline -0.006 -22"><span class='ocrx_word' id='word_1_145' title='bbox 244 3337 310 3381; x_wconf 92' lang='lat' dir='ltr'>non</span> <span class='ocrx_word' id='word_1_146' title='bbox 334 3324 498 3402; x_wconf 74' lang='lat' dir='ltr'>negamnt</span> <span class='ocrx_word' id='word_1_147' title='bbox 520 3321 655 3401; x_wconf 91' lang='lat' dir='ltr'>quidem</span> <span class='ocrx_word' id='word_1_148' title='bbox 682 3317 891 3381; x_wconf 86' lang='lat' dir='ltr'>Poenitentiae</span> <span class='ocrx_word' id='word_1_149' title='bbox 914 3326 1172 3390; x_wconf 88' lang='lat' dir='ltr'>sacramentum,</span> <span class='ocrx_word' id='word_1_150' title='bbox 1188 3317 1244 3377; x_wconf 88' lang='lat' dir='ltr'>sed</span> <span class='ocrx_word' id='word_1_151' title='bbox 1265 3313 1326 3394; x_wconf 90' lang='lat' dir='ltr'>ejus</span> 
     </span>
     <span class='ocr_line' id='line_1_20' title="bbox 244 3418 1326 3502; baseline -0.008 -18"><span class='ocrx_word' id='word_1_152' title='bbox 244 3419 412 3502; x_wconf 81' lang='lat' dir='ltr'>efficaciam</span> <span class='ocrx_word' id='word_1_153' title='bbox 430 3420 623 3496; x_wconf 71' lang='lat' dir='ltr'>limitllrunt,</span> <span class='ocrx_word' id='word_1_154' title='bbox 639 3430 823 3484; x_wconf 88' lang='lat' dir='ltr'>asserentes</span> <span class='ocrx_word' id='word_1_155' title='bbox 839 3418 993 3502; x_wconf 68' lang='lat' dir='ltr'>quaedam</span> <span class='ocrx_word' id='word_1_156' title='bbox 1011 3438 1084 3481; x_wconf 89' lang='lat' dir='ltr'>esse</span> <span class='ocrx_word' id='word_1_157' title='bbox 1109 3429 1245 3500; x_wconf 85' lang='lat' dir='ltr'>peccata</span> <span class='ocrx_word' id='word_1_158' title='bbox 1264 3435 1326 3498; x_wconf 86' lang='lat' dir='ltr'>gra·</span> 
     </span>
     <span class='ocr_line' id='line_1_21' title="bbox 245 3521 1326 3607; baseline -0.005 -23"><span class='ocrx_word' id='word_1_159' title='bbox 245 3522 345 3600; x_wconf 87' lang='lat' dir='ltr'>viora,</span> <span class='ocrx_word' id='word_1_160' title='bbox 371 3523 554 3607; x_wconf 79' lang='lat' dir='ltr'>praesertim</span> <span class='ocrx_word' id='word_1_161' title='bbox 578 3521 788 3597; x_wconf 82' lang='lat' dir='ltr'>adulterium,</span> <span class='ocrx_word' id='word_1_162' title='bbox 811 3543 886 3602; x_wconf 70' lang='lat' dir='ltr'>quae</span> <span class='ocrx_word' id='word_1_163' title='bbox 912 3522 1061 3585; x_wconf 87' lang='lat' dir='ltr'>Ecclesia</span> <span class='ocrx_word' id='word_1_164' title='bbox 1085 3532 1250 3604; x_wconf 89' lang='lat' dir='ltr'>potestate</span> <span class='ocrx_word' id='word_1_165' title='bbox 1270 3521 1326 3582; x_wconf 90' lang='lat' dir='ltr'>cla-</span> 
     </span>
     <span class='ocr_line' id='line_1_22' title="bbox 246 3619 1325 3707; baseline -0.004 -21"><span class='ocrx_word' id='word_1_166' title='bbox 246 3625 334 3688; x_wconf 82' lang='lat' dir='ltr'>vium</span> <span class='ocrx_word' id='word_1_167' title='bbox 352 3629 520 3691; x_wconf 86' lang='lat' dir='ltr'>dimittere</span> <span class='ocrx_word' id='word_1_168' title='bbox 544 3646 610 3689; x_wconf 90' lang='lat' dir='ltr'>non</span> <span class='ocrx_word' id='word_1_169' title='bbox 636 3627 748 3707; x_wconf 90' lang='lat' dir='ltr'>possit.</span> <span class='ocrx_word' id='word_1_170' title='bbox 796 3624 906 3706; x_wconf 85' lang='lat' dir='ltr'>Quam</span> <span class='ocrx_word' id='word_1_171' title='bbox 924 3625 1075 3687; x_wconf 82' lang='lat' dir='ltr'>haeresim</span> <span class='ocrx_word' id='word_1_172' title='bbox 1093 3626 1195 3688; x_wconf 90' lang='lat' dir='ltr'>etiam</span> <span class='ocrx_word' id='word_1_173' title='bbox 1217 3619 1325 3686; x_wconf 80' lang='lat' dir='ltr'>Tertul-</span> 
     </span>
     <span class='ocr_line' id='line_1_23' title="bbox 246 3725 1326 3810; baseline -0.002 -23"><span class='ocrx_word' id='word_1_174' title='bbox 246 3725 356 3792; x_wconf 80' lang='lat' dir='ltr'>lianus</span> <span class='ocrx_word' id='word_1_175' title='bbox 378 3732 464 3792; x_wconf 86' lang='lat' dir='ltr'>cirea</span> <span class='ocrx_word' id='word_1_176' title='bbox 487 3729 586 3792; x_wconf 88' lang='lat' dir='ltr'>finem</span> <span class='ocrx_word' id='word_1_177' title='bbox 610 3731 688 3791; x_wconf 87' lang='lat' dir='ltr'>vitae</span> <span class='ocrx_word' id='word_1_178' title='bbox 716 3749 784 3790; x_wconf 85' lang='lat' dir='ltr'>suae</span> <span class='ocrx_word' id='word_1_179' title='bbox 809 3727 1040 3810; x_wconf 84' lang='lat' dir='ltr'>propugnavit.</span> <span class='ocrx_word' id='word_1_180' title='bbox 1088 3727 1209 3790; x_wconf 87' lang='lat' dir='ltr'>Postea</span> <span class='ocrx_word' id='word_1_181' title='bbox 1230 3725 1326 3789; x_wconf 73' lang='lat' dir='ltr'>Nom</span> 
     </span>
     <span class='ocr_line' id='line_1_24' title="bbox 248 3829 1325 3915; baseline -0.006 -23"><span class='ocrx_word' id='word_1_182' title='bbox 248 3829 340 3906; x_wconf 63' lang='lat' dir='ltr'>tiam}</span> <span class='ocrx_word' id='word_1_183' title='bbox 360 3834 429 3896; x_wconf 86' lang='grc' dir='ltr'>111ο</span> <span class='ocrx_word' id='word_1_184' title='bbox 441 3833 569 3910; x_wconf 83' lang='lat' dir='ltr'>saecu10,</span> <span class='ocrx_word' id='word_1_185' title='bbox 586 3834 728 3915; x_wconf 90' lang='lat' dir='ltr'>primum</span> <span class='ocrx_word' id='word_1_186' title='bbox 746 3833 950 3912; x_wconf 82' lang='lat' dir='ltr'>denegarunt</span> <span class='ocrx_word' id='word_1_187' title='bbox 968 3831 1125 3893; x_wconf 76' lang='lat' dir='ltr'>Ecclesiae</span> <span class='ocrx_word' id='word_1_188' title='bbox 1142 3838 1325 3912; x_wconf 87' lang='lat' dir='ltr'>potestatem</span> 
     </span>
     <span class='ocr_line' id='line_1_25' title="bbox 248 3933 1326 4017; baseline -0.004 -23"><span class='ocrx_word' id='word_1_189' title='bbox 248 3933 437 3998; x_wconf 89' lang='lat' dir='ltr'>dimittendi</span> <span class='ocrx_word' id='word_1_190' title='bbox 455 3945 591 4017; x_wconf 88' lang='lat' dir='ltr'>peccata</span> <span class='ocrx_word' id='word_1_191' title='bbox 607 3937 646 3998; x_wconf 89' lang='lat' dir='ltr'>iis</span> <span class='ocrx_word' id='word_1_192' title='bbox 662 3936 718 4017; x_wconf 92' lang='lat' dir='ltr'>qui</span> <span class='ocrx_word' id='word_1_193' title='bbox 742 3936 773 3996; x_wconf 91' lang='lat' dir='ltr'>in</span> <span class='ocrx_word' id='word_1_194' title='bbox 798 3936 1028 4017; x_wconf 87' lang='lat' dir='ltr'>persecutione</span> <span class='ocrx_word' id='word_1_195' title='bbox 1050 3935 1133 4016; x_wconf 90' lang='lat' dir='ltr'>lapsi</span> <span class='ocrx_word' id='word_1_196' title='bbox 1157 3935 1289 4006; x_wconf 85' lang='lat' dir='ltr'>fuerant,</span> <span class='ocrx_word' id='word_1_197' title='bbox 1302 3937 1326 3990; x_wconf 83' lang='lat' dir='ltr'>et</span> 
     </span>
     <span class='ocr_line' id='line_1_26' title="bbox 249 4033 1327 4118; baseline -0.002 -22"><span class='ocrx_word' id='word_1_198' title='bbox 249 4033 370 4096; x_wconf 65' lang='lat' dir='ltr'>deind*</span> <span class='ocrx_word' id='word_1_199' title='bbox 385 4049 495 4100; x_wconf 67' lang='lat' dir='ltr'>nnerte</span> <span class='ocrx_word' id='word_1_200' title='bbox 511 4038 703 4110; x_wconf 85' lang='lat' dir='ltr'>docuerunt,</span> <span class='ocrx_word' id='word_1_201' title='bbox 720 4049 797 4118; x_wconf 90' lang='lat' dir='ltr'>post</span> <span class='ocrx_word' id='word_1_202' title='bbox 813 4039 1055 4118; x_wconf 79' lang='lat' dir='ltr'>poenitentiam,</span> <span class='ocrx_word' id='word_1_203' title='bbox 1070 4058 1146 4117; x_wconf 81' lang='lat' dir='ltr'>quae</span> <span class='ocrx_word' id='word_1_204' title='bbox 1163 4039 1195 4099; x_wconf 93' lang='lat' dir='ltr'>in</span> <span class='ocrx_word' id='word_1_205' title='bbox 1214 4034 1327 4116; x_wconf 89' lang='lat' dir='ltr'>Baptis-</span> 
     </span>
    </p>

    <p class='ocr_par' dir='ltr' id='par_1_4' title="bbox 478 4136 1330 4322">
     <span class='ocr_line' id='line_1_27' title="bbox 478 4136 1328 4222; baseline -0.006 -24"><span class='ocrx_word' id='word_1_206' title='bbox 478 4136 603 4200; x_wconf 83' lang='lat' dir='ltr'>nullum</span> <span class='ocrx_word' id='word_1_207' title='bbox 632 4149 807 4219; x_wconf 85' lang='lat' dir='ltr'>peccatum</span> <span class='ocrx_word' id='word_1_208' title='bbox 835 4139 959 4202; x_wconf 90' lang='lat' dir='ltr'>dimitti</span> <span class='ocrx_word' id='word_1_209' title='bbox 991 4159 1089 4222; x_wconf 91' lang='lat' dir='ltr'>posse</span> <span class='ocrx_word' id='word_1_210' title='bbox 1115 4140 1159 4201; x_wconf 89' lang='lat' dir='ltr'>ab</span> <span class='ocrx_word' id='word_1_211' title='bbox 1187 4137 1328 4202; x_wconf 77' lang='lat' dir='ltr'>Ecclesia.</span> 
     </span>
     <span class='ocr_line' id='line_1_28' title="bbox 505 4239 1330 4322; baseline 0 -24"><span class='ocrx_word' id='word_1_212' title='bbox 505 4239 656 4320; x_wconf 91' lang='lat' dir='ltr'>discipuli</span> <span class='ocrx_word' id='word_1_213' title='bbox 680 4241 743 4302; x_wconf 87' lang='lat' dir='ltr'>hoc</span> <span class='ocrx_word' id='word_1_214' title='bbox 766 4242 879 4303; x_wconf 86' lang='lat' dir='ltr'>durius</span> <span class='ocrx_word' id='word_1_215' title='bbox 903 4250 1050 4322; x_wconf 89' lang='lat' dir='ltr'>systema</span> <span class='ocrx_word' id='word_1_216' title='bbox 1070 4241 1285 4312; x_wconf 89' lang='lat' dir='ltr'>emollierunt,</span> <span class='ocrx_word' id='word_1_217' title='bbox 1304 4245 1330 4298; x_wconf 85' lang='lat' dir='ltr'>el</span> 
     </span>
    </p>
   </div>
   <div class='ocr_carea' id='block_1_3' title="bbox 0 0 1421 4652">
    <p class='ocr_par' dir='ltr' id='par_1_5' title="bbox 0 0 1421 4652">
     <span class='ocr_line' id='line_1_29' title="bbox 0 0 1421 4652; baseline 0 0"><span class='ocrx_word' id='word_1_218' title='bbox 0 0 1421 4652; x_wconf 95' lang='lat' dir='ltr'> </span> 
     </span>
    </p>
   </div>
  </div>
 </body>
</html>
