2780 4646
237 155 281 207 ⁹6
321 161 322 164 ’
690 158 887 209 CAPUTIL

237 333 411 415 disponere
434 334 550 414 nequit
575 335 647 397 sine
669 336 777 416 gratia
804 332 935 409 actuali,
958 355 1034 416 quae
1064 335 1168 416 gratis
1200 333 1333 396 omnino

236 438 350 514 datur;
382 446 416 498 et
432 438 567 518 insuper
581 437 818 520 dispositiones
835 438 900 500 illae
917 457 983 500 non
1006 449 1177 501 merentur
1192 438 1233 499 de
1256 456 1330 498 con·

237 538 339 620 digno
367 537 648 618 justificationem.
706 540 776 602 Nec
810 559 868 623 per
898 541 962 602 hoc
988 541 1114 622 aliquid
1148 539 1331 603 detrahitur

237 641 351 722 gloriae
367 641 499 716 Christi,
516 661 604 718 nam,
620 643 691 705 sine
717 643 789 724 ejus
812 644 928 725 gratia,
944 643 1046 706 homo
1071 652 1122 706 est
1148 642 1331 705 radicaliter

237 745 381 827 incapax
415 765 486 806 sese
512 746 712 827 disponendi
740 747 783 809 ad
807 746 1092 827 justificationem,
1119 765 1158 808 ac
1194 743 1331 825 proinde

236 849 408 909 conversio
430 857 544 910 nostra
561 848 683 911 Christi
709 849 836 912 meritis
860 849 1025 921 tribuitur,
1041 867 1102 909 nec
1117 846 1161 908 de
1185 847 1238 908 illa
1262 844 1330 925 glo·

236 949 309 1010 riari
335 969 529 1030 possumus;
562 950 630 1012 imo
651 950 824 1031 quidquid·
837 953 967 1032 agimus
984 951 1017 1012 in
1034 950 1151 1011 ordine
1173 949 1215 1010 ad
1237 947 1330 1027 justi·

236 1049 424 1114 ficationem
449 1052 481 1112 in
509 1051 648 1132 gloriam
670 1051 744 1132 ejus
771 1053 945 1128 redundat,
969 1071 1072 1134 quum
1103 1049 1135 1112 id
1168 1049 1231 1112 sub
1260 1047 1329 1129 ejus

235 1152 363 1216 influxu
381 1153 446 1215 fiat.

277 1299 343 1363 123.
393 1287 491 1347 Tarsis
514 1302 558 1346 2⁴.
614 1285 724 1348 Fides
757 1285 803 1348 ad
829 1285 1128 1365 justificationem
1161 1281 1330 1362 requisita

234 1399 306 1446 non
321 1387 379 1446 est
394 1381 534 1459 fiducia,
550 1386 622 1460 qua
641 1382 722 1460 quis
737 1383 851 1447 credit
865 1388 1014 1462 peccata
1028 1382 1095 1446 sibi
1109 1397 1192 1470 esse
1207 1379 1329 1444 condo-

234 1484 330 1557 nata,
336 1479 402 1543 sed
417 1479 704 1557 supernaturalis
717 1497 894 1544 assensus
908 1480 1076 1545 omnibus
1089 1477 1329 1542 veritatibusa

236 1576 313 1640 Deo
327 1577 504 1640 revelatis.
548 1578 601 1640 Dr
612 1577 684 1659 fide
703 1589 751 1640 est
775 1599 815 1641 cx
833 1579 862 1640 Τ
861 1579 975 1640 rident.
993 1577 1011 1640 Ι.
1029 1598 1054 1639 c.
1071 1597 1142 1638 can.
1165 1593 1200 1637 12
1218 1599 1225 1636 ε
1263 1571 1327 1634 “Si

234 1681 308 1759 quis
323 1681 447 1742 dixerit
462 1679 562 1742 fidem
577 1679 814 1759 justificantem
833 1680 912 1742 nihil
930 1680 1108 1741 aliudesse
1128 1696 1233 1759 quam
1250 1673 1328 1736 lidu-

235 1784 320 1844 ciam
355 1783 477 1845 divinae
515 1783 747 1844 misericordiae
779 1793 917 1864 peccata
955 1782 1156 1844 remittentis
1194 1787 1327 1861 propter

235 1884 402 1950 Christum
417 1885 459 1948 ...''
507 1885 546 1947 A.
565 1885 597 1949 S.

279 2033 346 2098 124.
382 2033 430 2081 .10
458 2019 575 2101 Script.
625 2016 689 2104 (A)
717 2019 869 2084 Christus
895 2021 983 2083 enim
1009 2019 1184 2102 Apostolis
1208 2017 1327 2080 dixit:

233 2123 387 2185 “Euutes
419 2123 452 2184 in
486 2123 648 2184 mundum
683 2124 881 2196 universum,
906 2123 1085 2204 praedicate
1110 2119 1325 2200 Evangelium

233 2227 325 2287 omni
337 2234 495 2287 creaturae
506 2248 513 2304 ;
536 2225 592 2305 qui
603 2225 779 2287 crediderit
789 2235 822 2288 et
832 2225 1021 2306 baptizatus
1032 2223 1130 2286 suerit
1140 2222 1251 2284 salvus
1262 2220 1327 2286 erit.

234 2327 290 2408 qui
307 2347 385 2390 vero
402 2347 467 2389 non
486 2327 662 2389 crediderit
679 2327 957 2390 condemnabitur
967 2328 982 2355 ”
997 2338 1016 2388 ¹.
1066 2325 1167 2389 Unde
1183 2324 1251 2386 sic:
1277 2321 1325 2383 hic

233 2439 321 2490 certe
345 2430 454 2509 agitur
477 2428 520 2489 de
546 2427 611 2489 fide
633 2426 838 2508 justificante
865 2453 871 2491 :
912 2429 995 2510 “qui
1021 2426 1199 2489 crediderit
1221 2425 1325 2487 salvus

233 2531 337 2610 erit”;
356 2531 448 2610 atqui
462 2529 544 2591 fides
556 2529 613 2590 illa
628 2539 679 2591 est
690 2530 781 2606 fides,
791 2535 856 2612 qua
867 2533 1012 2595 creditur
1025 2529 1258 2610 Evangelium,
1270 2529 1286 2588 i.
1299 2545 1321 2586 e.

234 2641 305 2696 tota
316 2631 431 2712 religio
441 2631 621 2695 christiana
633 2653 708 2714 quae
721 2634 782 2696 sub
795 2634 930 2695 nomine
942 2631 1116 2712 Evangelii
1130 2631 1326 2711 designatur.

234 2744 271 2798 ut
291 2733 457 2815 colligitur
472 2743 544 2796 turn
561 2754 604 2796 ex
621 2745 794 2809 contextu,
810 2745 881 2798 turn
898 2757 942 2799 ex
959 2734 1081 2798 Mastlr.
1099 2733 1269 2807 XXVIII,
1281 2747 1326 2802 20,

234 2855 300 2896 non
328 2844 439 2896 autem
464 2832 545 2896 fides
568 2839 634 2914 qua
658 2835 732 2915 quis
756 2845 853 2916 putat
875 2856 910 2897 se
931 2856 1003 2900 esse
1021 2837 1251 2918 justificatum,
1274 2853 1324 2896 seu

234 2936 368 3012 fiducia;
392 2956 480 3016 ergo.

285 3040 345 3119 (B)
362 3039 393 3102 S.
413 3039 533 3101 Paulus
549 3060 618 3102 rem
641 3052 755 3122 aperte
777 3042 877 3103 docet
900 3041 980 3104 dum
1004 3042 1110 3106 dicit:
1140 3042 1252 3105 “Sine
1268 3038 1326 3102 fide

234 3154 346 3205 autem
363 3143 569 3224 impossibile
585 3154 635 3207 est
658 3143 786 3226 placere
809 3144 900 3222 Deo;
934 3146 1068 3208 credere
1086 3145 1175 3206 enim
1200 3149 1325 3225 oportet

234 3244 449 3307 accedentem
474 3247 514 3306 ad
530 3245 650 3319 Deum,
660 3247 738 3326 quia
754 3257 803 3306 est
819 3255 852 3308 et
869 3246 1113 3327 inquirentibus
1128 3267 1164 3308 se
1181 3264 1324 3309 remune-

234 3355 323 3408 rator
338 3346 381 3406 sit
392 3343 408 3368 ’²
421 3357 442 3406 ².
491 3346 556 3407 Hic
574 3345 606 3408 S.
622 3346 743 3408 Paulus
759 3357 850 3408 certo
865 3347 995 3410 disserit
1011 3351 1053 3411 de
1070 3349 1135 3411 fide
1148 3348 1324 3429 justifican-

235 3460 274 3520 te,
288 3468 390 3528 quum
404 3448 545 3510 disserat
561 3449 603 3508 de
616 3446 681 3510 fide
697 3450 769 3509 sine
785 3453 959 3530 quanemo
975 3459 1086 3530 potest
1103 3449 1234 3529 placere
1246 3449 1325 3512 Deo:

236 3551 327 3630 atqui
347 3551 449 3630 juxta
475 3548 577 3624 illum,
595 3549 650 3611 illa
667 3548 750 3612 fides
765 3550 918 3612 consistit
942 3551 974 3612 in
996 3552 1162 3613 credendo
1186 3553 1324 3614 existen·

236 3655 316 3720 tiam
342 3652 415 3726 Dei,
442 3652 579 3732 ejusque
602 3653 858 3733 providentiam,
882 3673 948 3716 non
976 3664 1088 3717 autem
1125 3654 1158 3716 in
1194 3653 1326 3724 fiducia,

235 3775 321 3836 erg0.
368 3754 542 3834 Objiciunt
561 3756 695 3835 quidem
715 3756 967 3818 Protcstantes
960 3757 1055 3819 initio
1076 3757 1228 3837 ejusdem
1245 3755 1325 3837 capi·

234 3856 277 3917 tis
295 3854 432 3915 Paulum
450 3853 590 3928 dicere,‘
593 3853 674 3915 Est
690 3864 802 3915 autem
825 3853 907 3915 fides
924 3857 1160 3935 sperandarum
1179 3858 1326 3920 substan-

234 3959 280 4019 tia
296 3957 424 4017 rerum'
426 3957 575 4038 ',hisque
591 3958 699 4019 verbis
717 3957 879 4038 fiduciam
903 3959 1078 4038 designari
1124 3959 1226 4023 Sed
1217 3977 1325 4022 imme·

239 4075 1321 4088 ffl———Q

269 4121 379 4172 ιΜιινε
395 4120 475 4186 ΧΙΙ,
494 4133 533 4187 15

269 4203 371 4260 '·'.Hebr
389 4207 440 4272 Xl,
453 4207 481 4269 6;
501 4206 534 4258 cl.
542 4205 608 4273 soa.
626 4207 690 4272 XX,
708 4221 750 4272 29,
766 4221 811 4274 3¹5
831 4207 909 4260 Rom.
927 4207 962 4269 X,
978 4222 1049 4274 9-.ιο
