2776 4644
361 133 417 180 DE
436 133 596 181 GRATIA
616 133 813 184 acnuam.
1094 131 1135 182 39

54 311 93 370 rio
105 309 247 374 ac'tiones
271 333 348 374 suas
372 315 414 377 ad
439 313 521 375 salsa
545 314 684 376 numina
707 313 813 389 refert,
830 315 886 375 sed
910 333 998 394 saepe
1015 314 1159 393 saepius,

52 424 169 494 propter
181 413 279 476 finem
293 415 487 496 simpliciter
502 416 680 478 honestum
698 417 768 496 agit
782 437 789 492 ;
806 436 903 496 porro
920 415 994 477 finis
1011 415 1136 496 simpli·

52 517 119 576 citer
133 516 289 579 honestus
306 518 441 600 proprio
458 520 604 599 pondere
618 519 650 579 in
665 517 764 580 finem
779 518 903 580 bonum
918 519 1082 593 ultimum,
1095 539 1136 580 sc.

52 619 145 681 Deum
163 622 278 683 tendit.
324 621 372 701 (c)
389 622 542 683 Tandem
566 641 650 702 opus
674 619 830 702 perficere
854 630 965 701 potest
986 619 1075 701 quod
1093 641 1137 680 ex

52 722 127 783 nulld
153 723 401 786 circumstantia
433 724 522 785 mala
551 725 692 786 vitietur.
745 723 815 784 Nec
846 725 977 784 dicatur
1009 723 1136 785 nullum

50 823 146 886 atrum
162 846 234 888 esse
252 826 419 888 moraliter
436 826 571 900 bonum,
588 827 649 888 nisi
674 825 833 887 referatur
850 828 881 888 in
901 827 1010 887 Deum
1025 847 1032 901 ;
1059 845 1136 886 nam

50 927 155 988 sufficit
178 928 295 989 relatio
319 927 490 1008 implicita,
505 949 580 1008 quae
605 948 736 1008 semper
758 929 882 1000 existit,
898 929 1035 1009 quando
1050 926 1138 990 adtio

49 1031 163 1093 elicitur
184 1041 320 1112 propter
341 1031 442 1094 finem
462 1031 662 1108 honestum;
686 1051 772 1112 ergo
821 1031 961 1113 Insuper
980 1032 1137 1111 expert'err-

48 1133 87 1194 nil
102 1144 231 1196 constat
248 1133 425 1196 nonnullos
441 1154 601 1215 paganos
613 1135 682 1196 sive
698 1133 853 1214 antiquos
871 1135 938 1194 sive
950 1133 1138 1210 hodiernos

48 1239 173 1298 virtutes
195 1238 358 1316 quasdam
379 1237 520 1299 coluisse
544 1247 577 1298 et
600 1236 716 1312 colere,
732 1247 765 1298 et
789 1257 808 1298 a
833 1237 945 1298 multis
962 1237 1049 1299 vitiis
1066 1257 1138 1298 esse

48 1352 221 1422 exemptos
238 1359 297 1402 nec
321 1340 452 1420 probari
477 1350 587 1422 potest
611 1337 705 1402 attus
726 1340 886 1402 virtutum
903 1359 987 1418 quos
1003 1339 1137 1402 eliciunt

49 1446 124 1504 malo
140 1444 205 1506 fine
222 1444 357 1505 vitiatos
373 1442 452 1504 esse

73 1594 108 1656 36.
147 1601 174 1658 3⁰
187 1589 352 1646 Solvuntur
361 1585 550 1658 dffcullatcs.
588 1587 702 1644 Contra
715 1587 841 1657 primam
854 1597 884 1644 et
897 1586 1061 1644 secundam
1076 1587 1137 1645 the·

46 1677 91 1731 sim
117 1677 316 1734 Protestantes
342 1674 449 1732 multas
475 1684 580 1744 urgent
604 1672 802 1744 difficultates,
824 1691 950 1744 quarum
973 1674 1138 1746 praecipuas

47 1759 130 1816 solum
150 1760 257 1817 reterre
276 1757 345 1815 satis
364 1759 426 1816 erit.
466 1759 515 1831 (A)
535 1760 670 1818 C'nristus
689 1772 791 1831 aperte
809 1761 903 1818 dixit:
927 1760 1026 1818 “Non
1041 1771 1138 1833 potest

47 1847 121 1904 arbor
138 1847 218 1904 bona
238 1846 332 1903 malos
350 1846 461 1904 tructus
481 1846 586 1916 lacere,
599 1865 698 1920 neque
717 1847 805 1904 arbor
819 1847 896 1904 mala
914 1845 1009 1904 bonos
1027 1848 1138 1906 fructus

48 1933 147 1992 lacere¹
160 1955 167 2005 ;
185 1934 268 2005 atqui
282 1932 370 1989 arbor
383 1934 457 1990 mala
470 1943 514 1990 est
528 1945 668 2005 peccator
679 1934 724 1991 vel
738 1933 867 1992 infidelis
875 1953 883 2004 ;
902 1951 981 2004 ergo
1027 1999 1034 2014 ,

76 2021 156 2092 Resp.
197 2020 280 2090 Nego
293 2019 431 2075 minorem
437 2042 450 2087 ,·
470 2037 548 2088 nam,
565 2038 600 2077 ex
620 2029 770 2092 contextu,
785 2020 873 2076 arbor
885 2020 963 2076 mala
968 2019 1064 2090 salsos
1074 2029 1139 2093 pro-

45 2108 134 2176 phetas
146 2109 293 2178 designat,
309 2117 341 2164 ut
353 2117 468 2164 constat
483 2124 517 2164 ex
531 2123 604 2163 vers.
624 2126 673 2178 14:
693 2104 876 2162 “Attendite
889 2122 906 2160 a
920 2105 998 2162 salsis
1011 2107 1138 2178 prophe·

48 2195 78 2249 tis
143 2213 160 2251 a
174 2193 320 2251 fructibus
333 2211 435 2251 eorum
449 2189 637 2262 cognoscetis
650 2210 702 2250 eos
713 2193 728 2218 '⁸
742 2213 750 2262 ;
764 2205 792 2248 et
803 2209 907 2248 sensus
917 2202 962 2249 est
972 2191 1060 2249 salsos
1073 2212 1139 2265 pro-

48 2282 140 2352 phetas
153 2300 190 2338 ex
203 2279 347 2337 fiuctibus
360 2297 463 2337 eorum
480 2279 602 2348 agnosci
623 2297 719 2350 posse,
736 2297 829 2350 quum
838 2280 1007 2350 plerumque
1019 2297 1055 2337 ex
1067 2299 1139 2354 prae·

47 2369 187 2426 dicatione
205 2366 286 2423 falsae
305 2366 449 2424 doctrinae
469 2365 586 2422 nonnisi
606 2364 777 2433 divisiones,
794 2365 919 2436 invidiae,
936 2366 1098 2425 seditiones
1110 2379 1139 2426 et

47 2453 185 2509 efiraenata
205 2468 321 2507 morum
341 2450 513 2522 depravatio
532 2467 761 2524 consequantur.
802 2454 937 2525 Insuper,
949 2453 1062 2511 etiamsi
1082 2456 1140 2514 sub

48 2543 158 2598 nomine
177 2538 292 2595 arboris
310 2537 396 2594 malae
415 2549 585 2608 peccatores
602 2550 630 2598 et
651 2541 786 2598 infideles
799 2541 941 2610 venirent,
956 2559 1016 2598 non
1033 2543 1140 2602 exinde

47 2637 210 2698 sequeretur
228 2624 329 2681 omnia
347 2641 450 2681 eorum
468 2641 558 2695 opera
573 2626 650 2682 mala
668 2645 752 2698 esse;
771 2628 847 2684 sicut
865 2627 944 2684 enim
964 2627 1059 2698 arbor,
1073 2648 1140 2700 quae

47 2733 98 2770 non
111 2727 154 2770 est
169 2730 205 2770 ex
218 2711 300 2768 omni
315 2721 397 2783 purte
410 2711 496 2779 mala,
507 2713 654 2782 quosdam
667 2713 762 2771 bonos
773 2713 885 2771 tructus
897 2715 1061 2784 aliquando
1074 2734 1139 2788 pro-

47 2803 102 2869 ten,
113 2803 152 2858 ita
166 2798 276 2870 pariter
288 2808 459 2870 peccatores
473 2798 518 2856 vel
533 2798 677 2871 infideles,
692 2800 742 2871 qui
758 2818 817 2856 non
832 2811 900 2856 sunt
913 2817 949 2856 ex
962 2801 1042 2857 omni
1058 2812 1140 2872 parte

47 2889 115 2956 mali,
136 2904 230 2960 quum
251 2903 318 2942 suas
335 2883 483 2942 naturales
499 2881 653 2944 facultates
673 2887 829 2950 retineant,
845 2885 1030 2956 quandoque
1045 2884 1140 2944 bonos

47 2992 160 3043 operum
176 2972 289 3028 tructus
304 2971 432 3042 prolerre
446 2986 579 3044 possunt.

78 3063 123 3128 (B)
135 3061 259 3116 Instant
267 3079 278 3112 .·
297 3057 354 3114 “Si
369 3059 474 3116 oculus
488 3071 556 3118 tuus
570 3059 657 3117 tuerit
674 3058 809 3130 simplex,
825 3069 920 3116 totum
934 3077 1043 3131 corpus
1056 3071 1139 3116 tuum

46 3146 168 3204 lucidum
187 3145 261 3215 erit;
283 3144 305 3200 si
321 3155 422 3201 autem
440 3148 545 3204 oculus
563 3157 631 3203 tuus
652 3145 737 3202 suerit
758 3163 898 3217 nequam,
920 3156 1017 3203 totum
1033 3163 1141 3216 corpus

46 3241 122 3288 tuum
138 3230 330 3289 tenebrosum
349 3231 427 3287 erit”
438 3248 467 3298 ²;
486 3233 568 3303 atqui
587 3249 639 3302 per
656 3231 777 3288 oculum
795 3231 947 3302 simplicem
961 3231 1142 3301 significatur

46 3319 122 3386 fides
135 3337 188 3390 per
201 3316 322 3374 oculum
336 3335 457 3387 nequam
471 3317 650 3387 infidelitas;
669 3333 747 3386 ergo

76 3406 159 3476 Resp.
192 3404 276 3474 Nego
288 3405 434 3474 nn'norem,
448 3421 516 3460 nam
527 3404 624 3460 oculus
636 3401 685 3458 hic
699 3401 835 3472 designat
846 3401 891 3458 vel
901 3401 1046 3471 judicium
1058 3401 1141 3458 intel·

46 3494 132 3550 lectus
145 3491 319 3564 pradticum
332 3491 379 3549 vel
391 3491 490 3563 potius
504 3491 699 3548 intentionem
711 3512 717 3555 ;
735 3484 845 3544 etenim
860 3487 889 3542 in
905 3487 1141 3558 praecedentibus

47 3581 190 3637 versiculis
201 3579 336 3637 Christus
349 3579 387 3636 de
400 3578 480 3636 recta
494 3578 659 3636 intentione
672 3576 741 3647 egit,
752 3592 841 3646 quam
854 3573 1026 3644 requisitam
1037 3591 1101 3631 esse
1112 3576 1140 3631 in

48 3665 237 3738 eleemosyna,
253 3663 386 3722 oratione
399 3674 428 3722 et
440 3663 555 3736 jejunio
568 3663 744 3731 declaravit;
763 3660 949 3731 proindeque
962 3677 1066 3717 sensus
1080 3674 1123 3718 est
1135 3697 1141 3732 :

49 3751 161 3821 (quando
175 3751 301 3808 intentio
314 3749 439 3822 simplex
452 3761 482 3808 et
495 3749 575 3808 reeta
588 3758 640 3818 est,
657 3766 733 3819 opus
753 3746 867 3804 bonum
885 3746 984 3803 evadit
991 3767 999 3818 3
1019 3748 1141 3818 quando

50 3853 110 3894 rero
121 3837 207 3906 mala,
223 3854 300 3908 opus
319 3837 431 3893 malum
450 3846 515 3906 est;
541 3853 609 3907 qnae
628 3835 750 3906 quidem
772 3834 974 3905 interpretatio
994 3835 1083 3891 etiam
1103 3837 1141 3891 nb

52 3921 192 3982 hodiernis
206 3924 442 3980 protestantibus
455 3922 624 3994 accipitur³.

941 4057 1138 4067 —-..—

81 4132 183 4184 uttan.
200 4131 268 4197 Vll,
286 4131 323 4184 18.
339 4161 372 4168 —
385 4135 394 4158 ²
408 4130 492 4182 Matl.
508 4129 560 4192 Vt,
577 4143 618 4198 23.

80 4213 155 4266 1(ἶίτ.
172 4213 285 4281 Alsord,
300 4211 390 4287 Creelr
404 4213 581 4266 Testament.
597 4212 622 4263 h.
639 4212 690 4264 loc.
