2770 4646
158 172 212 221 DE
230 173 489 224 Exlsrntt'rtn
507 173 560 223 ΕΤ
577 173 784 224 asserum
805 174 1020 224 Bffllsm.
1073 175 1134 224 2⁴1

55 370 106 430 per
126 350 378 430 immersionem,
394 364 452 417 aut
476 375 534 436 per
549 355 786 436 aspersionem,
801 356 927 436 primus
950 365 1062 418 tamen
1084 353 1137 416 vel

56 454 206 516 secundus
227 460 356 531 modus,
377 459 434 540 qui
458 460 564 540 magis
587 469 665 520 sunt
687 459 720 519 in
745 478 816 532 usu,
836 478 896 538 pro
913 458 1136 521 Ecclesiarum

55 561 282 622 consuetudine
297 563 500 626 retineantur
511 564 548 638 ’';
567 561 717 642 jamvero
730 581 808 624 usus
821 581 909 624 nunc
925 562 1064 624 invaluit
1080 579 1138 642 per

55 660 234 738 infusionem
246 663 424 744 baptizare,
434 675 467 726 et
478 665 564 727 trina
574 664 610 727 tit
623 664 749 728 ablutio
763 666 795 728 in
808 667 944 729 modum
955 665 1060 728 crucis
1070 683 1137 726 uno

54 774 84 824 et
96 764 207 828 eodem
226 777 376 848 tempore
391 787 459 852 quo
474 768 575 830 verba
591 770 806 850 proferuntur.

220 935 225 942 ·
317 924 399 1010 §IL
416 927 473 988 Dr
498 927 678 990 ansnr
702 942 831 990 sonus
843 939 862 990 1.

90 1091 136 1142 20.
169 1090 200 1138 1⁰
211 1078 376 1160 Baptismi
389 1080 495 1142 forma
508 1079 551 1142 ab
563 1082 635 1161 ipso
649 1079 781 1144 Christo
793 1079 917 1143 tradita
930 1079 1045 1152 suerat,
1057 1076 1137 1139 dum

53 1177 216 1258 Apostolis
237 1183 326 1245 dixit
341 1208 348 1245 :
371 1189 386 1214 “
396 1185 523 1246 Euntes
539 1203 653 1266 ergo...
664 1184 874 1265 baptizantes
886 1203 943 1246 eos
956 1185 988 1244 in
1003 1181 1138 1244 nomine

54 1279 149 1343 Patris
165 1295 198 1346 et
215 1284 290 1346 Filii
307 1295 341 1349 et
358 1285 500 1368 Spiritus
519 1285 577 1350 S.”.
625 1287 714 1348 Huic
731 1286 845 1349 formae
863 1286 1022 1348 nonnulla
1038 1284 1139 1346 verba

53 1383 79 1442 in
96 1385 291 1464 quibusdam
309 1387 466 1450 Ecclesiis
482 1389 562 1451 olim
579 1391 695 1452 addita
711 1389 853 1464 fuerant,
868 1412 896 1452 v.
913 1393 945 1472 g:
970 1395 986 1420 ‘⁴
998 1387 1139 1470 Baptizo

52 1496 80 1546 te
92 1489 121 1548 in
134 1493 269 1553 nomine
283 1493 425 1555 Patris...
443 1495 475 1555 in
492 1494 719 1556 remissionem
735 1504 945 1574 peccatorum
963 1502 999 1554 ut
1015 1491 1138 1554 habeas

51 1589 144 1652 vitam
161 1603 320 1656 aeternam
332 1595 357 1670 '',
373 1597 452 1675 quin
469 1605 583 1658 tamen
606 1605 642 1658 ut
664 1595 852 1658 essentialia
873 1595 987 1658 habita
1009 1595 1137 1657 fuerint.

46 1691 148 1769 'iuxta
158 1695 293 1772 Rituale
307 1698 504 1772 Romanum,
520 1700 591 1760 haec
608 1699 714 1760 forma
732 1694 921 1760 adhibenda
937 1707 1008 1760 est:
1036 1696 1139 1777 “Ego

51 1803 80 1854 te
91 1795 222 1876 baptizo
234 1799 267 1860 in
281 1801 415 1862 nominc
430 1801 536 1864 Patris
548 1811 582 1862 ct
596 1800 669 1862 Filii
683 1812 716 1862 et
730 1801 873 1881 Spiritus
887 1801 937 1865 S.'’
950 1801 1020 1862 sine
1030 1800 1138 1861 Arnen

51 1896 78 1957 in
100 1898 171 1962 fine.
219 1900 325 1964 Graeci
349 1912 461 1965 autem
483 1903 623 1966 dicunt:
650 1903 849 1984 Baptizatur
865 1903 949 1988 (non
966 1913 1087 1976 autem,
1103 1912 1140 1965 ut

50 2002 176 2080 quidam
201 2011 369 2085 putarunt,
386 2003 587 2091 baptizetur)
609 2007 645 2068 N.
664 2027 776 2069 servus
801 2006 923 2070 Christi
947 2007 979 2068 in
1004 2005 1139 2066 nomine

51 2103 148 2168 Patris
169 2117 230 2169 etc.
288 2109 443 2171 amen''².
492 2109 558 2173 Sed
583 2108 662 2171 olim
688 2129 753 2171 non
778 2108 933 2170 sacerdos
956 2107 1139 2188 baptizans,

51 2208 100 2268 sed
115 2211 259 2291 populus
272 2211 322 2272 vel
336 2212 441 2274 clerus
455 2231 601 2293 praesens
614 2211 838 2293 respondebat
848 2211 955 2272 Amen
967 2233 978 2272 :
1000 2209 1138 2291 proinde

50 2307 112 2371 haec
128 2331 194 2373 non
213 2322 264 2376 est
279 2333 347 2377 vox
363 2314 557 2376 essentialis.

85 2430 132 2480 21.
179 2427 216 2476 2⁰
237 2415 371 2498 Regulo
385 2417 538 2496 praiiicae
554 2441 566 2481 .·
592 2417 642 2498 (a)
658 2417 738 2479 Vox
761 2436 816 2496 ego
839 2417 871 2477 in
896 2415 1012 2496 lingua
1035 2415 1138 2478 latini

51 2516 227 2578 essentialis
250 2537 316 2580 non
340 2528 400 2594 est,
414 2520 493 2598 quia
516 2521 597 2582 satis
621 2518 801 2581 includitur
823 2519 855 2580 in
879 2518 981 2580 verbo
997 2518 1138 2599 baptizo·

51 2633 134 2678 secus
146 2629 260 2681 autem
274 2620 306 2682 in
321 2620 433 2701 lingui
446 2621 585 2702 anglica,
598 2622 797 2702 germanici,
810 2621 929 2702 gallica
978 2631 1048 2697 etc,
1061 2623 1139 2702 quia

50 2736 224 2795 pronomen
243 2723 276 2784 in
291 2723 393 2785 verbo
410 2724 484 2805 ipso
500 2737 567 2785 non
584 2724 781 2787 continetur.

86 2821 134 2902 (b)
150 2823 232 2886 Vox
248 2835 278 2886 tr
292 2827 414 2906 pariter
430 2828 616 2890 essentialis
632 2836 683 2890 est
692 2839 715 2901 ³,
730 2837 842 2909 potest
863 2837 975 2890 autem
992 2827 1137 2909 suppleri

51 2939 100 2999 per
114 2945 170 2987 vos
185 2935 244 2988 aut
261 2947 380 2991 nomen
396 2931 578 3010 proprium.

78 3131 85 3160 ¹
104 3135 132 3186 S.
157 3135 287 3203 Thomas,
307 3151 322 3204 3
341 3153 365 3206 p.
386 3155 412 3208 q.
432 3140 477 3202 66,
497 3157 523 3193 a.
548 3151 573 3208 55
600 3140 630 3193 S.
652 3139 826 3209 Alphonsus,
841 3140 973 3204 .108-112;
998 3143 1138 3213 Kom'ngrs,

52 3223 173 3289 1255-563
192 3224 431 3294 Morc,1458·59;
450 3227 574 3292 Lehmk„
586 3227 684 3293 63·64;
704 3227 819 3293 Sabelli,
832 3227 965 3296 656-657;
984 3229 1137 3284 Ballen'ni·

51 3304 187 3377 l'almr'eri,
201 3326 229 3363 n.
243 3325 276 3376 24
287 3328 328 3382 sq.

79 3391 87 3419 ²
104 3397 187 3464 Apud
210 3399 350 3452 Armenos
372 3399 577 3462 schismaticos,
602 3401 727 3454 dicitur:
755 3400 908 3470 “Baptizat
928 3400 983 3469 (vel
1004 3403 1138 3471 baptizet)

51 3494 114 3534 nunc
126 3501 227 3537 manus
238 3501 302 3538 mea
315 3485 342 3538 in
353 3485 466 3538 nomine
478 3487 569 3540 Patris
582 3497 643 3553 etc,
652 3498 680 3540 et
693 3488 755 3540 haec
765 3487 855 3540 forma
865 3498 1000 3557 tanquam
1014 3489 1138 3557 legitima

52 3563 184 3623 declarata
196 3581 239 3623 est
252 3587 269 3623 a
283 3571 313 3623 S.
332 3567 364 3626 C.
380 3573 480 3641 Officii,
492 3573 509 3626 8
524 3574 601 3642 Sept.
621 3573 696 3642 1633.
736 3573 898 3642 Baptismus
911 3585 1006 3627 autem
1019 3575 1137 3630 collatus

51 3665 91 3715 per
103 3657 218 3709 verbum
225 3659 371 3726 preteriti
382 3657 515 3728 temporis
527 3658 565 3725 (v.
581 3677 608 3728 g.
624 3660 780 3729 baptizatus
794 3669 848 3726 est)
863 3658 1002 3712 invalidus
1018 3671 1069 3726 est,
1083 3664 1136 3717 nisi

51 3753 78 3789 ex
90 3758 136 3795 usu
150 3743 284 3811 loquendi
297 3745 341 3797 vel
361 3744 515 3798 intentione
535 3747 675 3815 loquentis
694 3746 856 3799 intendatur
871 3757 981 3812 tempus
1000 3763 1133 3819 praesens,

52 3835 76 3876 ut
92 3841 198 3883 constat
217 3847 251 3882 ex
270 3831 301 3883 S.
319 3831 349 3884 C.
370 3831 404 3884 de
422 3833 507 3901 Prop.
529 3833 608 3897 Fide,
627 3847 660 3898 27
679 3843 759 3886 mart.
784 3832 857 3899 1631.
897 3832 937 3884 Cf.
954 3833 1131 3905 collectanea,

51 3927 202 3984 nsromo.
1004 3920 1007 3926 ’

81 3994 115 4026 ³⁸¹
125 4004 167 4057 De
179 4005 331 4073 baptismo,
338 4021 374 4058 ex
386 4005 538 4060 omissione
551 4006 726 4076 pronominis
739 4013 765 4058 te
777 4006 805 4058 in
818 4007 878 4075 ejus
889 4007 1046 4076 collatione,
1058 4013 1134 4080 quod

52 4098 80 4134 ex
90 4087 274 4144 Coreanorum
288 4090 445 4158 ignorantia
458 4109 533 4161 saepe
547 4092 697 4160 contigisse
711 4093 805 4160 resers,
817 4089 979 4147 invalidum
993 4095 1078 4150 fuisse
1092 4113 1135 4150 sa·

54 4187 212 4230 crumentum
232 4176 380 4246 perspicua
400 4197 443 4232 res
461 4181 534 4233 est''.
574 4179 629 4245 (Ex
644 4179 707 4234 Litt.
723 4179 753 4231 S.
772 4180 800 4232 C.
817 4181 849 4232 de
862 4183 947 4249 Prop.
964 4181 1006 4247 F.,
1021 4181 1131 4236 collect.

54 4273 76 4306 n.
93 4263 156 4331 526).

131 4381 250 4428 Srnorsrs
262 4381 307 4427 111.
322 4407 349 4414 -
363 4384 390 4426 16
