2758 4652
239 161 296 212 DE
314 157 609 212 POENI'tF-NTIAE
627 151 929 207 SACRAMENTO.
1062 146 1130 201 5⁴9

36 344 84 444 (ρ)
106 345 229 420 Patres,
253 341 383 426 quoties
410 342 453 404 de
478 339 629 402 ministro
656 334 875 399 absolutionis
901 343 1014 415 agunt,
1041 332 1131 397 solos

36 449 216 510 sacerdotes
229 453 501 509 commemorant.
541 443 594 505 Ita
610 443 764 524 Origenes
778 442 821 503 de
836 450 1010 521 peccatore
1025 439 1131 520 poeni-

35 561 121 614 tente
142 550 257 613 scribit
270 562 303 611 ¹:
329 548 434 610 “Non
461 546 622 609 embescit
645 544 802 608 sacerdoti
822 542 960 607 Domini
987 541 1132 604 indicare

35 663 201 734 peccatum
218 651 351 715 suum”.
402 649 624 712 Tertullianus
645 647 909 728 exomologesim
933 645 1130 720 describens

34 757 110 819 dicit
131 765 321 838 peccatores
345 753 572 834 ingemiscere,
588 753 762 834 lacrymari
778 763 812 816 et
827 751 1058 834 “presbyteris
1073 751 1131 813 ad·

33 855 114 918 volvi
128 855 172 918 ''².
220 855 255 918 5.
275 853 456 934 Cyprianus
471 866 679 936 peccatorem
704 855 746 918 ad
770 853 996 918 confitendum
1020 854 1131 917 horta-
1156 897 1157 903 κ

33 969 85 1021 tur
98 965 113 991 “
125 960 205 1022 dum
227 959 362 1021 admitti
384 957 549 1020 consessio
571 958 643 1038 ejus
667 967 786 1038 potest,
802 958 883 1019 dum
900 952 1083 1019 satisfactio
1098 965 1132 1018 et

33 1064 178 1125 remissio
207 1059 295 1124 fasta
326 1082 385 1144 per
412 1062 604 1125 sacerdotem
635 1061 723 1142 apud
755 1061 865 1123 Deum
896 1055 991 1140 grata
1021 1068 1071 1121 est
1083 1059 1099 1085 ''
1109 1071 1130 1118 3.

32 1164 81 1245 (b)
98 1165 305 1246 Dignitatem
330 1165 540 1226 sacerdotum
564 1162 733 1225 extollunt
755 1183 854 1244 super
875 1181 1007 1224 omnem
1031 1162 1130 1224 aliam

31 1267 227 1348 dignitatem
244 1287 288 1328 ex
304 1275 471 1348 potestate
488 1265 678 1328 remittendi
694 1275 839 1347 peccata,
856 1275 889 1328 et
904 1265 967 1327 hoc
984 1265 1131 1328 ministe-

32 1371 112 1432 rium
137 1379 335 1451 comparant
361 1389 436 1432 cum
462 1368 572 1432 officio
599 1369 724 1451 lepram
752 1369 926 1450 purgandi,
952 1369 1042 1450 quod
1070 1369 1132 1431 sub

31 1473 104 1535 Vet.
122 1473 213 1554 Lege
232 1472 311 1534 solis
334 1472 563 1535 sacerdotibus
581 1471 861 1535 committebatur.
908 1472 961 1536 Ita
979 1471 1015 1536 5.
1033 1471 1131 1552 Chry-

30 1587 183 1638 sastamus
197 1576 240 1638 de
255 1575 483 1639 sacerdotibus
498 1576 657 1639 scribit4:
684 1575 780 1657 “Qui
796 1585 916 1638 terram
934 1575 1082 1639 incolunt
1098 1577 1130 1637 in

31 1683 133 1760 eaque
148 1670 407 1752 commorantur,
422 1678 464 1740 ad
481 1699 521 1741 ea
536 1698 611 1760 quae
635 1679 667 1740 in
692 1678 785 1740 coelis
806 1688 892 1755 sunt,
907 1678 1132 1761 dispensanda

30 1782 196 1844 commissi
207 1791 293 1857 sunt,
304 1790 569 1864 potestatemque
582 1793 790 1863 acceperunt,
799 1802 900 1863 qnam
915 1803 1021 1864 neque
1032 1803 1133 1865 ange-

32 1873 193 1966 lis'neque
210 1883 416 1966 archangelis
431 1884 525 1947 dedit
541 1885 643 1948 Deus,
686 1884 806 1967 Neque
821 1887 909 1948 enim
926 1887 990 1948 illis
1005 1886 1131 1950 dictum

30 1996 96 2050 est:
120 2009 325 2069 quacumque
338 1988 523 2070 lzgravm'ris
538 1998 598 2051 etc.
611 1989 627 2013 ”
679 1989 709 2050 T
705 1989 889 2052 headoretus
901 2000 914 2045 5
926 2015 939 2053 .·
962 1988 1132 2072 Quemad-

30 2090 165 2152 modum
193 2091 347 2154 sacerdos
375 2091 499 2171 lepram
523 2091 690 2165 discernit,
707 2093 752 2154 ita
776 2102 987 2173 peccatorum
1011 2094 1132 2155 animae

26 2190 171 2271 judicem
187 2194 295 2273 ipsum
309 2211 381 2254 esse
393 2202 525 2273 oportet
538 2193 562 2255 ”.
597 2193 646 2274 (c)
665 2193 825 2256 Nonnulli
842 2195 1000 2275 explicite
1015 2196 1132 2258 dicunt

29 2295 108 2356 solos
129 2293 305 2357 sacerdotes
327 2295 497 2358 absolvere
520 2317 638 2379 posse;
661 2299 708 2360 ita
726 2298 761 2361 S.
777 2298 807 2360 Α
814 2298 1021 2362 rrrbrosr'us6:
1046 2299 1132 2380 “Jus

29 2396 89 2460 hoc
115 2397 193 2459 solis
218 2399 415 2479 permissum
440 2401 666 2462 sacerdotibus
687 2411 737 2463 est
747 2401 784 2479 ”3
810 2402 933 2483 pariter
950 2402 986 2466 S.
1002 2403 1066 2466 Lea
1082 2403 1133 2466 M.

31 2501 74 2562 ait
90 2521 141 2562 res
159 2501 206 2564 ita
222 2501 392 2565 ordinatas
409 2521 480 2564 esse
495 2506 511 2533 ‘⁶
526 2511 562 2564 ut
579 2503 786 2584 indulgentia
804 2505 867 2566 Dei
891 2505 952 2567 nisi
969 2505 1134 2588 supplica-

31 2603 177 2666 tionibus
193 2606 403 2668 sacerdotum
420 2615 564 2685 nequeat
578 2606 721 2669 obtineri
732 2607 747 2632 ’¹
759 2619 780 2668 7.

71 2706 229 2786 Jamvero
259 2708 322 2769 sub
353 2707 488 2769 nomine
518 2710 728 2772 sacerdotum
760 2711 898 2775 veniunt
927 2711 1074 2793 episcopi
1100 2723 1133 2776 et

31 2806 223 2886 presbyteri,
239 2826 306 2868 non
329 2815 441 2869 autem
465 2807 606 2882 diaconi,
626 2818 663 2871 ut
686 2807 798 2871 multis
822 2810 971 2872 textibus
994 2822 1133 2875 constat.

33 2908 83 2970 lta
110 2909 144 2971 S.
165 2909 400 2991 Augustinus⁸
423 2910 568 2991 loquitur
590 2910 633 2972 de
655 2911 847 2993 “episcopis
870 2923 903 2975 et
925 2913 1133 2994 presbyteris,

29 3011 84 3090 qni
103 3011 233 3092 proprie
245 3011 315 3091 jam
332 3020 493 3074 vocantur
508 3013 540 3074 in
555 3011 705 3076 Ecclesia
722 3016 909 3078 sacerdotes
922 3015 959 3093 '’;
979 3015 1135 3080 Innoccn-
1212 3041 1220 3054 ·

31 3113 99 3174 tius
113 3112 137 3174 I
141 3125 156 3168 9
172 3115 382 3196 presbyteros
397 3124 495 3177 vocat
510 3117 703 3178 “secundos
724 3119 912 3181 sacerdotes
928 3120 984 3199 qui
1002 3119 1133 3200 pontifi-

29 3221 122 3278 catds
146 3217 274 3298 apicem
299 3238 366 3280 non
390 3217 514 3280 habent
526 3217 562 3294 ”;
587 3216 622 3279 S.
641 3218 859 3300 Hieronymus
870 3233 898 3264 10
913 3242 970 3284 eos
986 3221 1134 3302 appellat

29 3318 225 3400 simpliciter
247 3327 263 3352 ‘⁴
273 3322 472 3393 sacerdotes,
494 3321 676 3382 secundum
704 3323 736 3384 in
760 3325 983 3387 ecclesiastico
1009 3326 1134 3388 honore

29 3418 171 3497 gradum
185 3418 200 3441 ¹¹
214 3442 221 3496 ;
244 3418 322 3480 alibi
336 3431 361 3462 1¹
374 3421 417 3482 de
429 3423 595 3503 episcopis
608 3433 641 3485 et
654 3426 854 3508 presbyteris
868 3428 1022 3510 intelligit
1034 3430 1134 3492 verba

31 3519 186 3583 Matthaei
209 3523 252 3584 de
275 3532 442 3603 potestate
465 3525 615 3589 clavium.
662 3526 761 3610 Quod
788 3531 910 3610 pariter
932 3531 1069 3594 insertur
1089 3553 1133 3595 ex

31 3625 132 3686 modo
148 3644 215 3704 quo
233 3625 346 3689 Patres
363 3627 577 3691 confutarunt
592 3614 744 3695 baeresim
763 3632 864 3708 Aerii,
881 3635 937 3714 qui
959 3636 1133 3717 episcopos

31 3728 231 3808 presbyteris
254 3731 438 3810 superiores
460 3753 533 3795 esse
557 3735 722 3814 negabat;
749 3755 835 3809 nam,
854 3737 1073 3801 describendo
1095 3761 1134 3802 ea

74 3846 123 3851 ..-
312 3849 755 3861 -η-ᾕ,-----
789 3855 956 3864 ---—---

64 3919 72 3940 ¹
89 3905 123 3958 ln
139 3903 227 3958 Lavit
245 3905 341 3960 homil.
353 3921 376 3974 2,
386 3924 414 3960 n.
425 3926 451 3972 4.
464 3906 516 3947 -Ι
527 3910 571 3962 De
586 3910 735 3964 Poenitent.
747 3927 774 3964 n.
788 3929 812 3977 9.
822 3941 856 3950 -
866 3909 876 3939 ³
886 3913 931 3968 De
943 3913 1038 3982 lapsis,
1048 3931 1075 3968 n.
1089 3929 1132 3981 29.

63 4009 74 4038 ι
90 3993 134 4044 De
149 3991 324 4056 Sacerdotio,
339 3993 386 4048 lib.
405 3993 459 4060 111,
473 4012 496 4050 c.
516 4008 538 4062 5.
555 4003 611 4034 -Ι
626 3996 659 4049 ln
677 3997 764 4051 Levit.
778 4014 804 4066 q.
820 4013 828 4050 ι
834 4014 857 4067 5,

63 4085 74 4116 ⁰
89 4079 135 4131 De
147 4077 244 4146 poenit
254 4079 270 4132 Ι.
285 4080 307 4142 Ι,
322 4096 347 4133 c.
359 4098 382 4146 z,
395 4098 423 4134 n.
435 4095 458 4146 7.
470 4094 523 4126 —7
535 4081 625 4152 Epist.
643 4083 691 4136 108
705 4083 740 4137 ad
755 4084 896 4139 Theodos,

65 4163 75 4194 ⁸
91 4165 136 4218 De
151 4163 233 4218 Civit.
251 4165 312 4232 Dei,
327 4167 373 4220 lib.
385 4169 448 4234 XX,
461 4185 484 4222 c.
499 4183 537 4222 ιο.
554 4199 588 4208 -
601 4165 612 4197 ⁹
625 4169 679 4238 Ep.
696 4185 710 4223 2
715 4185 729 4238 ς
742 4171 780 4224 ad
795 4173 914 4228 Decem.
928 4189 953 4229 c.
971 4188 993 4242 3.

67 4249 87 4281 ¹⁰
104 4253 137 4305 ln
151 4249 255 4322 Jerem.
271 4255 356 4324 Xlll,
376 4270 417 4310 12.
432 4287 466 4295 —
479 4254 498 4286 ¹¹
513 4258 545 4309 ln
561 4258 643 4313 Matr.
661 4260 739 4328 XVI,
759 4274 798 4326 19.
