2808 4664
255 163 318 212 718
535 161 591 210 DE
610 161 692 211 DEO
711 159 1082 212 REMUNERATORE.

254 342 349 404 volus
362 341 391 403 ei
408 339 514 404 fastus
526 341 650 406 collocet
660 363 732 405 curn
745 343 780 404 in
795 342 921 422 regione
932 342 1083 404 vivorum
1095 341 1120 402 ’'.
1169 340 1224 401 Ex
1241 338 1348 421 quibus

255 431 425 507 evidenter
440 444 607 526 colligitur
623 465 736 526 preces
753 444 825 506 illas
841 464 903 526 pro
917 443 1094 505 animabus
1115 442 1149 504 in
1168 441 1349 524 purgatorio

255 547 398 610 detentis
426 547 556 624 offerri;
594 567 660 609 non
689 548 777 608 enim
810 547 894 608 solet
922 545 1072 608 Ecclesia
1103 565 1167 626 pro
1192 543 1350 606 damnatis

255 669 356 725 orare,
373 651 450 713 licet
466 650 616 713 nonnulli
633 651 784 713 dixerint
799 649 901 712 etiam
918 670 974 712 eos
990 649 1205 731 aliquatenus
1221 647 1272 709 bis
1288 668 1350 728 pre-

254 753 347 816 cibus
363 753 525 817 sublevari
542 754 663 834 (sirpra,
679 774 708 816 n.
727 754 802 834 32);
829 753 963 814 aliunde
985 752 1134 833 plerique
1152 752 1268 812 Patres
1283 769 1351 811 cum
1399 751 1400 762 ¹

254 856 441 938 Augustino
453 867 463 898 ¹
480 857 609 918 docent
620 857 658 918 iis
674 856 781 919 solum
799 857 956 938 prodesse
968 857 1137 918 orationes
1149 855 1206 935 qui
1224 854 1257 915 in
1270 864 1350 915 statu

254 960 370 1039 gratiae
386 956 534 1022 defuncti
558 967 661 1021 sunt:
688 959 794 1021 “Non
810 960 949 1021 omnino
972 957 1214 1039 ambigendum
1240 965 1290 1018 est
1311 958 1351 1017 ita

254 1064 411 1143 prodesse
426 1060 602 1138 defunctis,
620 1064 677 1125 sed
695 1063 827 1138 talibus,
843 1065 899 1144 qui
924 1064 970 1125 ita
986 1061 1143 1122 vixerunt
1168 1068 1250 1121 ante
1274 1079 1350 1120 mor-

255 1175 331 1241 tem,
349 1175 385 1228 ut
401 1166 530 1247 possint
547 1167 593 1228 eis
610 1166 681 1229 baec
697 1186 769 1230 esse
785 1167 880 1229 utilia
900 1174 976 1247 post
998 1172 1148 1226 mortem.
1196 1161 1286 1223 Nam
1301 1161 1350 1241 qui

254 1271 325 1330 sine
338 1268 402 1330 lide
418 1289 493 1348 quae
507 1290 565 1350 per
580 1268 793 1333 dilectionem
811 1279 976 1352 operatur,
986 1267 1124 1348 ejusque
1140 1264 1352 1326 sacramentis

254 1372 296 1433 de
312 1373 504 1453 corporibus
521 1373 684 1447 exierunt,
702 1373 820 1435 frustra
836 1372 899 1454 illis
916 1392 936 1434 a
952 1371 1020 1432 suis
1035 1367 1231 1449 hujusmodi
1255 1367 1352 1447 pieta-

254 1475 296 1537 tis
313 1473 421 1536 officia
437 1475 677 1555 impenduntur
688 1475 712 1537 ’'.
758 1474 809 1554 (b)
824 1476 964 1554 Insuper
976 1471 1126 1534 nonnulli
1143 1470 1304 1552 explicite
1315 1470 1353 1530 de

254 1574 446 1653 purgatorio
462 1594 650 1636 sermonem
667 1573 813 1652 habent;
838 1575 883 1636 ita
897 1575 931 1637 S.
947 1571 1123 1652 Gregorius
1136 1570 1221 1632 Nar.
1235 1570 1352 1632 dicio:
1399 1631 1400 1664 Τ

253 1675 357 1736 “Non
382 1684 493 1754 potest
509 1694 658 1755 egressus
675 1676 860 1738 divinitatis
876 1678 1042 1757 particeps
1066 1672 1144 1748 fieri,
1161 1674 1225 1735 nisi
1249 1693 1352 1736 macu-
1399 1683 1400 1704 ¹

254 1778 303 1840 las
318 1779 431 1840 animo
448 1779 619 1842 immixtas
636 1780 820 1860 purgatorii
837 1778 922 1859 ignis
939 1778 1113 1842 abstulerit
1123 1778 1146 1839 '’.

296 1896 345 1959 41.
392 1881 452 1960 (B)
470 1881 524 1942 Ex
542 1880 803 1962 inscriptionibus
823 1902 897 1962 quae
922 1883 955 1944 in
973 1880 1189 1946 Catacumbis
1214 1881 1353 1944 inventa

253 1993 339 2058 sunt,
356 1985 389 2046 in
407 1983 528 2065 quibus
550 1984 618 2046 baec
639 1995 672 2048 et
694 1985 815 2046 similia
839 1984 1019 2066 leguntur:
1047 1984 1239 2065 “Spiritum
1263 1993 1353 2046 tuum

254 2088 347 2150 Deus
364 2088 556 2169 refrigeret;
585 2088 717 2165 Ursula,
733 2098 870 2170 accepta
893 2089 937 2149 sis
962 2089 994 2150 in
1014 2086 1171 2162 Christo;
1198 2083 1352 2150 Victoria

253 2191 452 2272 refrigeretis
465 2192 600 2272 spiritus
617 2200 693 2254 tuus
706 2193 739 2252 in
753 2193 842 2254 bono
856 2213 862 2267 ;
888 2191 1067 2265 Kalemire‚
1079 2191 1172 2253 Deus
1189 2190 1353 2272 refrigeret

253 2296 405 2376 spiritum
420 2304 514 2358 tuum
528 2314 682 2357 unacum
697 2296 817 2358 sororis
832 2305 899 2358 tua:
913 2295 1050 2371 Hilare;
1071 2304 1197 2356 aeterna
1214 2295 1274 2358 tibi
1291 2295 1355 2366 lux,

253 2396 440 2470 Timothea,
453 2397 485 2458 in
500 2395 641 2459 Christo
689 2397 845 2473 Domine,
858 2399 1047 2481 nequando
1059 2398 1282 2460 adumbretur
1292 2398 1355 2478 spi-

253 2501 334 2562 ritus
346 2499 493 2574 Veneris,
503 2500 584 2562 etc.’'
594 2512 615 2561 ³.
664 2501 719 2563 Ex
733 2503 854 2582 quibus
867 2512 997 2565 constat
1011 2503 1136 2582 primos
1150 2501 1356 2565 Christianos

253 2623 313 2684 pro
330 2603 468 2663 mortuis
484 2606 603 2678 orasse,
621 2613 657 2664 ut
672 2625 691 2666 a
708 2605 776 2666 suis
792 2605 1032 2686 temporalibus
1050 2604 1159 2686 poenis
1182 2602 1357 2665 liberaren-
1399 2669 1400 2678 ,

254 2717 314 2780 tur,
331 2703 521 2785 coelumque
537 2706 633 2767 citius
651 2707 778 2788 ingredi
796 2716 939 2789 possent.

294 2827 344 2892 42.
393 2804 456 2892 (C)
472 2809 528 2870 Ex
540 2808 688 2890 liturgiis
704 2811 945 2891 antiquissimis
962 2811 1030 2871 sive
1047 2808 1278 2872 Orientalibus
1291 2809 1358 2869 sire
1399 2847 1400 2852 κ

253 2911 547 2989 Occidentalibus;
573 2912 643 2974 haec
666 2914 698 2975 in
724 2914 856 2995 liturgia
872 2911 1172 2992 Hierosohtrm'tond
1188 2911 1356 2992 legimus:
1399 2929 1400 3004 ζ

252 3017 356 3090 “Fac,
373 3015 528 3089 Domine,
544 3025 581 3077 ut
604 3014 730 3078 oblatio
755 3027 868 3078 nostra
891 3024 1028 3097 accepta
1050 3015 1092 3077 sit
1110 3014 1184 3075 in
1210 3015 1358 3094 requiem
1399 3017 1400 3032 ¹

253 3118 439 3180 animarum
453 3136 661 3199 eorumquae
674 3129 753 3180 ante
767 3139 826 3180 nos
839 3118 1032 3195 obierunt'’;
1057 3118 1089 3180 in
1107 3117 1152 3179 lit.
1166 3117 1200 3180 S.
1214 3117 1360 3179 Basilii:

253 3225 270 3251 “
282 3220 463 3294 Mement0,
482 3209 636 3297 Domine,
653 3223 803 3284 omnium
820 3222 1058 3284 dormientium
1080 3221 1113 3282 in
1136 3241 1195 3302 spe
1217 3241 1359 3283 resurre-

252 3321 371 3386 ctionis
394 3323 472 3383 vitae
496 3332 639 3396 aeternae,
663 3332 696 3385 et
724 3323 879 3405 refrigera
891 3324 914 3385 ⁹¹.
967 3323 1053 3404 Quae
1080 3324 1218 3403 quidem
1245 3325 1362 3384 omnia

252 3426 396 3506 probant
420 3426 553 3506 praxim
577 3445 637 3505 pro
661 3425 837 3489 animabus
860 3428 892 3488 in
921 3427 1115 3508 purgatorio
1141 3427 1292 3490 detentis
1321 3429 1362 3488 ab

253 3527 427 3610 Apostolis
444 3529 667 3591 descendere:
691 3549 786 3590 secus
803 3530 891 3590 enirn
908 3530 941 3590 in
958 3528 1114 3591 omnibus
1131 3529 1276 3612 liturgiis
1294 3550 1361 3592 non
1399 3513 1400 3538 l

252 3629 484 3694 inveniretur⁴.
980 3659 982 3662 >

287 3837 294 3868 ¹
310 3833 409 3884 Sermo
425 3844 483 3900 173,
497 3848 525 3885 n.
542 3845 565 3884 2.
584 3860 614 3870 -
627 3836 637 3859 ¹
651 3831 729 3884 Orat.
747 3847 798 3900 pro
811 3830 937 3885 mortuis.

286 3931 296 3962 ³
310 3917 352 3970 cf.
369 3917 529 3981 Northcote‚
546 3919 608 3970 The
623 3919 734 3970 Roman
750 3918 928 3984 Catacombs,
942 3934 1003 3988 cap.
1013 3919 1084 3982 V11;
1104 3921 1267 3990 Morb'gny,
1284 3919 1361 3974 Di&

251 4000 302 4052 des
315 4003 413 4069 Antiq.
430 4003 517 4056 claret.
534 4019 603 4056 voce
610 4006 788 4072 prrrgotot're.

287 4080 387 4139 ‘Hinc
407 4087 522 4140 Forror
539 4088 600 4157 ipse
619 4091 676 4156 (Et.
695 4092 788 4159 Hope,
801 4108 828 4161 p.
845 4091 944 4158 XVll)
964 4092 1084 4146 scribit:
1116 4097 1135 4121 ‘¹
1146 4095 1177 4148 Si
1196 4093 1361 4164 hujusmodi

252 4169 383 4223 doctrina
394 4169 443 4236 (de
457 4173 633 4241 Purgatorio)
647 4176 715 4229 nibil
729 4177 805 4230 aliud
819 4194 921 4246 praese
935 4178 1019 4233 resert
1029 4196 1115 4248 quam
1125 4199 1190 4252 quae
1201 4181 1360 4236 Concilium
1399 4237 1400 4240 ,

252 4254 448 4308 Tridentinum
473 4256 502 4309 in
526 4259 705 4316 catechismo
723 4263 828 4331 docuit,
848 4277 876 4319 et
898 4265 922 4318 si
945 4283 998 4320 vox
1019 4269 1105 4336 ἐμὴ,
1120 4269 1202 4338 juxta
1222 4267 1360 4324 Ecclesiae
