2770 4652
401 177 456 226 DE
474 177 766 229 Poerttrssurln.
1064 183 1132 234 ⁴65

44 367 192 408 consensus
210 368 327 423 semper
346 353 487 413 intellexit
496 375 504 426 ;
523 366 551 413 et
566 355 758 424 Novatianos,
771 355 941 414 remittendi
955 366 1132 428 potestatem

44 438 104 493 olim
117 438 302 509 pertinaciter
316 451 468 513 negantes,
483 445 592 516 magna
608 445 721 502 ratione
742 443 875 502 Ecclesia
893 445 1057 515 Catholica,
1070 455 1132 501 tan-

44 541 123 594 quam
139 524 292 583 haereticos
308 527 433 600 explosit
452 540 542 600 atque
561 531 779 588 condemnavit.
828 531 928 602 Quare
945 531 1130 589 verissimum

44 610 113 667 hunc
124 611 239 668 illorum
252 613 409 672 verborum
431 615 554 672 Domini
572 632 692 672 sensum
709 613 811 672 saneta
830 613 894 673 baec
911 614 1049 686 Synodus
1066 631 1132 685 pro-

44 696 108 755 bans
126 708 154 756 et
174 699 328 772 recipiens,
348 700 470 760 damnat
495 719 598 761 eorum
621 701 839 759 commentitias
864 701 1130 772 interpretationes,

44 780 87 850 qui
106 781 191 840 verba
212 782 260 840 illa
281 784 321 842 ad
343 795 520 856 potestatem
543 785 724 858 praedicandi
748 784 870 843 verbum
893 785 949 843 Dei
972 797 1001 842 et
1023 785 1132 844 Christi

44 867 227 939 Evangelium
246 871 452 941 annuntiandi,
469 883 572 930 contra
590 871 762 942 hujusmodi
782 871 957 928 sacramenti
977 871 1134 928 institutio-

44 971 103 1011 nem
117 955 188 1012 ialso
201 955 391 1028 detorquent.

83 1091 182 1152 CAP.
208 1093 245 1151 2.
272 1093 325 1152 De
348 1087 568 1155 differentia
591 1096 822 1154 sacramenti
848 1094 1092 1154 poenitentiae

118 1197 121 1202 ’
450 1197 488 1250 et
513 1191 715 1263 Baptismi.

73 1314 206 1372 Ceterum
219 1314 279 1373 hoe
291 1326 508 1373 sacramentum
523 1315 622 1373 multis
637 1314 800 1374 rationibus
813 1333 830 1372 a
845 1315 998 1387 Baptismo
1017 1315 1133 1374 differre

42 1401 310 1473 dignoscitu15nam
326 1415 520 1474 praeterquam
535 1402 617 1472 quod
631 1401 751 1458 materia
765 1413 793 1459 et
807 1401 909 1470 forma,
920 1401 1029 1473 quibus
1039 1420 1130 1460 sacra·

43 1491 126 1546 menti
139 1489 264 1547 essentia
277 1489 436 1561 perficitur,
452 1489 622 1560 longissime
636 1488 774 1556 dissidet;
793 1500 909 1548 constat
928 1499 1016 1561 certe,
1034 1489 1132 1561 Bapti-

43 1575 91 1631 smi
104 1576 268 1633 ministrnm
283 1575 413 1648 judicem
435 1592 499 1632 esse
519 1593 577 1631 non
598 1585 750 1647 oportere3
768 1594 836 1633 cnm
852 1575 984 1635 Ecclesia
998 1577 1026 1632 in
1042 1577 1133 1633 nemi-

43 1680 103 1719 nem
116 1663 259 1733 judicium
273 1661 475 1734 exerceat,qui
489 1679 550 1718 non
563 1661 643 1732 prius
654 1661 683 1718 in
694 1661 786 1733 ipsam
798 1680 849 1733 per
860 1662 1002 1734 Baptismi
1012 1664 1132 1732 januam

43 1750 121 1806 luerit
133 1751 288 1821 ingressus¹
332 1749 440 1820 “Quid
458 1749 538 1806 enim
556 1747 639 1814 mibi,
655 1749 751 1820 inquit
767 1750 930 1821 Apostolus
939 1758 956 1816 ¹,
972 1751 1010 1808 de
1030 1750 1064 1806 iis
1083 1749 1132 1821 qui

44 1835 105 1891 loris
118 1846 193 1903 sunt,
207 1835 359 1905 iudicare?
369 1837 384 1860 ''
423 1835 514 1892 Secus
528 1846 571 1891 est
585 1834 623 1892 de
636 1835 807 1893 domesticis
821 1836 900 1902 fidei,
911 1854 987 1906 quos
1000 1836 1134 1894 Christus

44 1920 182 1978 Dominus
207 1921 323 1978 lavacro
348 1921 493 1994 Baptismi
520 1921 564 1978 sui
590 1921 722 1992 corporis
747 1921 880 1980 membra
905 1923 997 1980 semel
1022 1923 1118 1980 effecit
1127 1944 1134 1988 ;

43 2025 103 2064 nam
123 2008 186 2090 hos,
206 2009 230 2066 si
250 2026 281 2066 se
301 2019 403 2080 postea
426 2007 549 2065 crimine
571 2008 672 2078 aliquo
695 2011 969 2076 contaminaverint,
991 2027 1051 2067 non
1074 2011 1133 2080 jam

43 2098 159 2167 repetito
172 2097 327 2168 Baptismo
339 2095 430 2161 ablui,
442 2114 512 2153 cum
525 2095 556 2152 id
570 2095 600 2152 in
614 2096 748 2154 Ecclesia
762 2095 916 2154 catholice
930 2096 1009 2154 nulla
1022 2095 1135 2152 ratione

43 2182 129 2252 liceat,
144 2184 195 2241 sed
208 2195 278 2242 ante
291 2183 349 2240 boc
362 2181 490 2240 tribunal
503 2192 645 2254 tanquam
659 2199 724 2239 reos
738 2183 797 2240 sisti
811 2182 919 2249 voluit;
933 2193 964 2241 ut
978 2200 1030 2254 per
1042 2199 1135 2240 sacer·

43 2269 138 2328 dotum
152 2271 328 2329 sententiam
347 2288 407 2327 non
427 2270 528 2334 semel,
543 2270 596 2327 sed
610 2269 726 2342 quoties
742 2269 781 2326 ab
800 2270 936 2328 admissis
949 2270 1078 2343 peccatis
1094 2269 1134 2327 ad

44 2357 132 2427 ipsum
145 2359 324 2432 poenitentes
336 2357 531 2428 confugerint,
548 2368 670 2429 possent
683 2356 807 2415 liberari.

73 2442 153 2498 :llius
174 2453 219 2500 est
241 2453 381 2514 praeterea
405 2443 558 2516 Baptismi,
580 2456 609 2502 et
628 2443 702 2501 alius
723 2444 909 2503 Poenitentiae
928 2445 1062 2504 irudlus:
1083 2464 1135 2517 per

45 2527 221 2598 baptismum
240 2531 319 2588 enim
338 2531 489 2590 Christum
511 2531 675 2602 induentes,
699 2549 775 2590 nova
795 2551 913 2604 prorsus
930 2533 960 2590 in
979 2533 1029 2592 illo
1048 2533 1134 2592 effici·

44 2632 101 2672 mur
116 2629 256 2684 creatura,
277 2619 395 2690 plenam
416 2629 445 2676 et
464 2618 607 2688 integram
628 2629 817 2690 peccatorum
838 2621 971 2679 omnium
991 2621 1135 2679 remissio-

44 2719 103 2760 nem
116 2715 350 2777 consequentes:
369 2706 408 2766 ad
427 2723 517 2777 quam
534 2716 633 2763 tamen
654 2707 813 2764 novitatem
828 2718 857 2764 et
871 2709 1067 2780 integritatem
1083 2727 1136 2780 per

44 2804 250 2850 sacramentum
264 2793 458 2862 Poenitentiae‚
475 2794 538 2851 sine
551 2795 666 2864 magnis
679 2798 786 2852 nostris
800 2795 917 2853 fletibus
931 2807 959 2853 et
972 2796 1132 2865 laboribus,

44 2877 135 2936 divinit
156 2879 186 2938 id
208 2880 344 2951 exigente
365 2881 485 2952 justitid,
510 2881 662 2953 pervenire
685 2900 873 2954 nequaquam
898 2899 1079 2953 possumus:
1104 2901 1136 2953 ut

44 2967 140 3024 merito
153 2967 331 3024 Poenitentia
343 2967 509 3026 laboriosus
522 2967 643 3039 quidam
659 2970 827 3041 Baptismus
841 2987 857 3026 a
872 2967 987 3025 Sandiis
1002 2967 1137 3025 Patribus

44 3051 133 3111 dinus
145 3055 240 3113 luerit.
281 3056 334 3112 Est
347 3065 447 3114 autem
461 3055 519 3112 hoc
532 3065 748 3113 sacramentum
764 3054 950 3112 Poenitentiae
967 3053 1057 3126 lapsis
1069 3065 1136 3126 post

47 3138 221 3211 Baptismum
241 3142 424 3201 adsalutem
444 3143 639 3208 necessarium,
661 3152 693 3198 ut
716 3141 850 3199 nondum
875 3142 1054 3212 regeneratis
1074 3141 1137 3214 ipse

47 3225 215 3298 baptismus.

58 3363 155 3424 CAP.
182 3365 216 3426 3.
242 3367 297 3425 De
318 3365 498 3440 partibus
520 3372 558 3424 et
580 3365 707 3423 fructu
731 3364 852 3437 hujus
876 3364 1122 3422 sacramenti.

76 3488 169 3548 Docet
183 3499 325 3562 praeterea
343 3489 444 3548 sanela
461 3489 598 3561 Synodus
611 3489 786 3546 sacramenti
802 3489 1133 3560 Poenitentiaesormam,

46 3575 137 3647 inqua
151 3577 301 3650 praecipue
319 3577 410 3649 ipsius
429 3577 472 3634 vis
492 3578 547 3634 sita
565 3587 618 3647 est,
635 3577 664 3633 in
684 3577 740 3633 illis
759 3576 882 3632 ministri
897 3574 993 3633 verbis
1007 3574 1133 3647 positam

45 3678 118 3720 esse:
132 3663 197 3735 Ego
209 3671 235 3722 te
247 3663 368 3730 absoluo,
379 3675 434 3722 etc.
441 3683 450 3734 ;
469 3663 578 3734 quibus
591 3663 712 3734 quidem
727 3662 766 3720 de
776 3661 918 3719 Ecclesiae
931 3660 1041 3718 sanciae
1054 3678 1134 3718 more

45 3765 138 3817 preces
151 3751 288 3822 quaedam
309 3749 496 3808 laudabiliter
512 3750 732 3822 adjunguntur:
752 3749 790 3806 ad
809 3749 899 3820 ipsius
918 3758 1017 3805 tamen
1037 3747 1136 3804 formae

45 3838 193 3894 essentiam
208 3853 397 3908 nequaquam
411 3836 556 3908 spectant,
574 3853 671 3908 neque
688 3835 726 3893 ad
743 3835 833 3907 ipsius
852 3833 1027 3892 sacramenti
1045 3834 1139 3891 admi-

46 3922 240 3982 nistrationem
254 3935 323 3982 sunt
337 3924 516 3982 necessariae.

77 4009 147 4068 Sunt
167 4022 266 4070 autem
288 4011 374 4082 qnasi
394 4011 517 4068 aratoria
543 4011 631 4082 huius
654 4011 827 4068 sacramenti
852 4010 944 4082 ipsius
970 4011 1139 4082 poenitentis

45 4097 130 4164 ailus,
145 4117 253 4171 nempe
270 4099 422 4168 contritio,
439 4099 582 4170 Confessio
599 4109 627 4155 et
642 4097 818 4168 Satt'ssallto.
859 4098 929 4170 Qui,
945 4109 1090 4170 qnatenus
1109 4099 1138 4154 in

78 4283 184 4338 1Jc0r.
200 4284 234 4351 V,
251 4299 290 4339 12.

127 4403 250 4448 Sinonsrs
263 4402 308 4448 ill.
322 4428 345 4435 -
362 4418 392 4462 30
