2770 4646
244 150 307 200 178
684 149 824 201 CAPUT
840 150 902 198 111.
957 184 960 190 ,

243 329 463 394 firmationem
495 340 529 392 et
559 329 746 412 Ordinem),
776 339 985 393 sacramenta
1016 347 1088 390 esse
1119 346 1195 389 vere
1228 344 1325 387 causas

243 434 513 497 instrumentales
534 434 669 514 gratiae?
722 435 839 515 Neque
862 453 906 494 ex
930 432 993 494 hoc
1017 431 1135 492 inserte
1151 429 1225 491 licet
1239 426 1324 488 fidem
1372 463 1373 504 3

243 540 314 582 esse
327 519 574 601 justificationis
592 540 725 582 causam
743 519 1055 581 instrumentalem:
1079 537 1157 578 nam
1174 514 1250 577 fides
1265 532 1325 574 sese
1372 509 1373 570 l

242 621 364 686 habere
376 632 486 704 potest
499 643 558 704 per
570 624 705 685 modum
723 622 959 704 dispositionis,
970 622 1111 700 ideoque
1124 639 1168 680 ex
1181 626 1323 679 contextu

242 723 531 786 determinandum
562 735 612 788 est
643 735 752 789 utrum
786 725 868 788 fides
899 726 943 788 sit
972 723 1138 804 dispositio
1164 721 1214 783 vel
1242 739 1324 781 causa

242 827 508 901 instrmnentalis,
532 838 568 891 ut
588 828 658 908 jam
683 830 714 891 in
745 829 798 892 Tr.
813 830 853 892 de
878 827 997 892 Graan
1020 825 1254 906 investigatum
1275 831 1323 883 est.

244 928 382 1010 Optime
399 929 498 1010 igitur
513 951 588 994 cum
607 932 778 1013 Scriptura
802 933 984 994 concordat
1002 927 1155 993 dottrina
1170 927 1324 993 catholica.

240 1032 339 1111 juxta
362 1053 461 1113 quarn
487 1044 558 1097 tum
582 1045 803 1110 sacramenta,
827 1045 898 1098 tum
923 1035 1004 1097 fides
1027 1036 1069 1096 ad
1094 1031 1323 1115 producendam

242 1136 383 1215 gratiam
401 1149 619 1202 concurrunt:
642 1150 859 1214 sacramenta,
877 1149 913 1202 ut
937 1158 1046 1201 causae
1066 1135 1324 1200 instrumentales.

243 1237 333 1313 fides,
346 1248 382 1301 ut
398 1259 464 1303 una
480 1260 523 1302 ex
541 1243 648 1305 causis
664 1244 877 1324 dispositivis.
916 1243 966 1323 (b)
985 1243 1023 1305 ln
1041 1250 1149 1314 textu,
1161 1247 1177 1272 “
1192 1239 1250 1302 nisi
1265 1237 1325 1319 quis

243 1353 377 1406 renatus
405 1342 502 1406 suerit
529 1365 573 1407 ex
601 1348 715 1426 aqut'’
743 1357 803 1409 etc.
849 1345 1000 1411 Christus
1023 1354 1112 1408 certo
1135 1343 1274 1425 loquitur
1292 1341 1326 1402 de

242 1445 404 1525 spirituali
422 1448 671 1526 regeneratione
687 1468 747 1529 per
762 1450 903 1529 gratiam
919 1473 925 1527 ;
949 1448 1041 1529 atqui
1058 1447 1260 1529 regeneratio
1276 1446 1326 1506 ista

243 1545 397 1609 tribuitur
412 1568 519 1629 aquae,
533 1570 589 1612 seu
604 1551 789 1632 Baptismo,
802 1560 962 1632 tanquam
979 1571 1087 1612 causae
1102 1573 1108 1626 ;
1132 1570 1209 1612 nam
1226 1548 1325 1611 eadem

243 1650 435 1731 praepositio
446 1671 484 1712 ex
495 1653 672 1716 adhibetur
684 1674 745 1736 pro
758 1675 853 1735 aquae
865 1664 900 1717 et
913 1654 1057 1736 Spiritus
1074 1651 1180 1716 santii
1197 1650 1326 1718 action&

242 1751 343 1831 atqui,
357 1751 457 1833 juxta
474 1755 701 1818 Protestantes
718 1757 817 1838 ipsos,
835 1755 890 1838 Sp.
906 1753 1049 1820 Santtus
1065 1765 1117 1817 est
1132 1775 1210 1817 vera
1223 1751 1326 1834 justili-

243 1855 383 1918 cationis
405 1875 527 1932 causa;
554 1877 634 1939 ergo
657 1869 691 1923 et
714 1868 816 1939 atqua
840 1861 963 1940 pariter
985 1869 1036 1922 est
1058 1858 1209 1938 ejusdem
1228 1869 1327 1920 causa:

243 1957 377 2020 aliunde
402 1959 591 2042 principalis
614 1983 714 2025 causa
735 1983 807 2024 esse
832 1983 897 2025 uon
920 1973 1052 2044 potest;
1074 1983 1155 2044 ergo
1176 1971 1225 2024 est
1244 1979 1328 2022 causa

244 2061 513 2125 instrumentalis.

281 2159 430 2232 Objin'rmt
446 2163 582 2220 nonnulli
603 2165 803 2222 Protestantes
822 2183 927 2223 vocem
941 2167 958 2193 ‘⁶
969 2183 1004 2220 cs·
1022 2165 1100 2236 aqud
1112 2162 1127 2186 ’'
1146 2180 1234 2220 sensu
1252 2169 1328 2218 meu·

243 2247 376 2322 phoric0,
393 2249 617 2320 intelligendam
633 2269 705 2322 esse,
722 2253 798 2310 sicut
817 2253 847 2309 in
868 2251 1051 2310 Matthaeo¹:
1071 2249 1172 2322 “Ipse
1186 2267 1236 2307 vos
1249 2247 1328 2319 bapti·

243 2335 320 2393 rabit
345 2335 373 2392 in
400 2335 449 2408 Sp.
475 2337 585 2396 Sancto
610 2349 639 2397 et
664 2339 725 2412 igni
735 2339 757 2394 ”.
800 2340 859 2398 Sed
885 2339 949 2396 talis
975 2335 1179 2408 interpretatio
1203 2331 1331 2392 contextui

243 2423 398 2482 manifeste
410 2425 590 2496 opponitur:
611 2445 678 2483 nam
700 2427 729 2483 in
749 2429 856 2486 eodem
876 2425 974 2496 capite
993 2423 1129 2482 Christus
1145 2422 1293 2494 exhibetur
1304 2429 1328 2474 ut

243 2511 395 2582 baptizans
408 2511 476 2568 reali
492 2512 640 2584 baptismo
653 2523 764 2585 aque-3
781 2533 815 2572 ac
835 2511 961 2586 proinde
980 2510 1018 2569 de
1037 2509 1106 2568 reali
1127 2519 1155 2568 et
1175 2527 1234 2567 non
1253 2519 1327 2564 nieu-

243 2597 366 2668 phorico
381 2597 529 2669 baptismo
548 2617 617 2657 cum
637 2600 665 2657 N
669 2600 807 2659 leodemo
827 2601 943 2656 locutus
961 2609 1025 2666 est;
1045 2597 1140 2653 textui
1151 2595 1206 2668 ipsi
1219 2592 1328 2668 opponi·

243 2694 290 2740 tur
303 2705 309 2742 :
330 2701 397 2740 nam
413 2683 502 2742 verba
514 2703 531 2741 a
545 2685 665 2744 Christo
678 2687 812 2744 adhibita
825 2685 902 2744 adeo
915 2686 993 2742 clara
1006 2695 1074 2742 sunt
1088 2694 1129 2748 ut.
1147 2684 1171 2741 si
1184 2685 1222 2741 de
1235 2680 1328 2753 baptis·

243 2790 293 2828 mo
306 2771 510 2844 metaphorico
530 2773 738 2845 intelligantur,
755 2793 859 2833 omnes
878 2775 926 2830 alii
946 2783 1042 2832 textus
1060 2771 1138 2829 circa
1158 2771 1328 2844 Baptismum

243 2858 445 2930 metaphorice
467 2860 649 2932 interpretari
671 2863 794 2934 possint,
818 2873 849 2919 ut
871 2861 998 2919 libenter
1019 2859 1154 2931 agnoscit
1177 2859 1329 2916 Protestans

242 2947 285 3002 D.
302 2943 435 3016 Alsord³.
475 2947 586 3020 Quoad
599 2960 711 3006 textum
728 2953 755 3006 S.
776 2949 920 3016 Matthaei,
934 2956 1032 3020 potest
1045 2947 1213 3002 litteraliter
1223 2943 1329 3012 intelligi

243 3033 281 3090 de
295 3034 362 3104 igne
375 3033 427 3105 qui
440 3035 469 3091 in
484 3035 532 3091 die
545 3036 734 3094 Pentecostes
745 3054 833 3108 super
845 3034 1006 3106 Apostolos
1017 3032 1191 3099 descendit;
1209 3033 1232 3090 si
1244 3041 1330 3088 autem

243 3118 445 3190 metaphorice
465 3119 680 3193 interpretetur,
702 3121 786 3180 adest
806 3124 887 3190 rati0,
907 3121 969 3178 scil.
986 3119 1207 3192 impossibilitas
1225 3117 1330 3191 physice

244 3205 411 3278 baptizandi
428 3205 456 3262 in
471 3207 547 3278 igne,
561 3208 633 3264 dum
649 3209 678 3265 in
692 3226 762 3268 casu
777 3221 888 3274 nostro,
904 3207 984 3264 nulla
998 3219 1043 3264 est
1057 3206 1130 3263 ratio
1147 3201 1329 3277 detorquendi

242 3311 347 3352 vocem
360 3295 376 3322 ‘⁶
386 3312 422 3350 ex
434 3296 511 3366 aqud
522 3294 537 3318 ''
551 3295 589 3353 ad
604 3313 723 3353 sensum
739 3295 985 3367 metaphoricum.

285 3409 335 3477 47.
384 3391 449 3481 (Β)
484 3396 512 3458 T
511 3395 676 3457 reditione.
723 3397 772 3476 (a)
799 3397 853 3457 Ex
875 3395 1043 3459 Patribus.
1089 3395 1236 3478 Quidam
1260 3396 1332 3456 inter

245 3500 358 3560 Patres
381 3508 576 3579 comparant
600 3498 833 3579 baptismalem
857 3520 978 3580 aquam
996 3510 1085 3562 utero
1100 3511 1261 3572 malornm·
1282 3498 1332 3576 (ita

245 3601 280 3664 S.
300 3601 483 3682 Gregorius,
500 3602 604 3682 Nyss,
621 3603 712 3666 Orat.
733 3602 764 3662 in
792 3603 885 3682 Bapt.
904 3603 1035 3676 Christi,
1053 3603 1088 3665 S.
1107 3601 1333 3682 Chrysostomus

243 3705 352 3784 etc.)⁴;
375 3724 454 3785 ergo
470 3704 554 3766 sicut
572 3713 740 3766 maternus
762 3713 873 3767 uterus
895 3706 1051 3768 virtutem
1073 3706 1177 3769 habet
1194 3723 1332 3786 corpora·

245 3806 308 3867 lem
333 3807 435 3868 vitam
461 3807 629 3880 causandi,
644 3808 691 3868 ita
713 3808 835 3888 pariter
857 3808 1065 3889 baptismalis
1086 3829 1174 3890 aqua
1195 3809 1333 3892 spiritua·

244 3909 307 3968 lem
335 3909 438 3970 vitam
467 3908 667 3988 producendi
691 3911 847 3972 virtutem
872 3897 1008 3972 obtinet.
1055 3911 1123 3972 Alii
1151 3919 1333 3992 comparant

278 4067 286 4098 ¹
301 4071 386 4124 Mutl.
400 4073 456 4136 ΙΙΙ,
472 4085 512 4125 11.
523 4101 557 4111 -
569 4077 579 4104 ²
584 4075 650 4142 soa.
664 4075 721 4139 ΙΙΙ,
737 4077 825 4129 22-26.
836 4073 1009 4146 -ΙΑζίυναζ
1024 4079 1118 4132 Greek
1130 4079 1207 4134 Test.
1219 4079 1247 4132 in
1257 4077 1281 4130 h.
1290 4077 1332 4128 loc.

277 4155 287 4183 ⁸
300 4157 316 4184 “
328 4157 411 4225 Quod
424 4169 467 4211 est
481 4159 581 4210 matrix
591 4161 735 4227 embryoni
750 4162 803 4215 hoc
817 4173 859 4216 est
872 4181 946 4231 aquo
959 4163 1113 4233 (baptismi)
1125 4165 1200 4220 fideli
1214 4183 1221 4218 t
1234 4164 1261 4217 in
1271 4159 1332 4232 aquit

242 4245 318 4299 enim
331 4243 444 4312 tingitur
457 4255 485 4298 et
498 4245 631 4300 formatur
641 4247 662 4302 ''.
679 4248 721 4322 (S.
740 4249 875 4318 C'lerysost.
892 4251 919 4304 in
932 4253 993 4321 Joa.
1011 4252 1084 4306 hom.
1100 4251 1134 4305 26
1147 4252 1173 4306 al
1188 4252 1241 4322 25).
