2776 4644
365 177 421 227 DE
438 177 598 226 GRATlA
618 176 815 227 Acuunt-1.
1100 175 1137 226 51

57 375 102 416 me
117 357 325 420 manseritis...
370 357 450 421 Sine
467 377 520 419 me
536 356 616 418 nihil
633 355 773 438 potestis
795 354 927 416 iacere'’
941 366 974 432 1;
1000 353 1140 435 proinde

55 457 130 519 sicut
144 460 268 538 palmes
283 470 390 523 totam
407 481 501 522 suam
517 460 621 522 vitam
637 481 657 521 a
673 459 739 520 vite
754 459 891 531 derivat,
904 459 950 519 ita
963 467 998 519 ut
1011 455 1139 518 nullum

55 555 184 622 studium
201 582 220 623 a
235 563 346 644 seipso
362 561 506 645 prolerre
521 563 638 637 valeat,
655 564 778 644 pariter
795 563 896 624 homo
918 571 1023 624 totam
1044 579 1138 622 suam

54 664 112 723 sim
128 667 168 727 ad
184 685 285 746 opera
299 667 563 747 supernaturalia
574 667 617 729 ab
630 667 759 729 influxu
772 667 895 730 Christi
906 666 1035 746 accipit,
1045 665 1091 726 ita
1104 673 1140 725 ut

53 765 117 828 sine
131 769 199 848 ejus
214 771 321 850 gratia
338 771 464 834 nullum
482 791 566 852 opus
582 769 727 833 salutare
742 769 871 832 efficere
886 770 1001 850 possit.
1040 768 1140 832 Unde

55 869 88 932 S.
99 872 301 953 Augustinus
316 875 548 937 animadvertit
565 875 597 934 in
613 873 701 935 hunc
717 883 869 936 textum:
885 877 901 903 “
914 872 989 934 Non
1003 872 1050 933 ait
1062 871 1137 952 quia

53 971 117 1032 sine
132 993 183 1035 me
198 995 314 1056 parum
333 978 471 1057 potestis
488 975 602 1050 iacere,
613 977 671 1038 sed
685 975 766 1039 nihil
779 977 918 1057 potestis
935 974 1057 1050 saeere;
1072 975 1141 1035 sive

53 1093 125 1154 ergo
140 1096 253 1156 parum
271 1079 340 1142 sive
356 1081 496 1142 multum
513 1081 583 1141 sine
607 1079 663 1142 illo
687 1079 754 1142 fieri
771 1098 836 1140 non
854 1087 972 1159 potest,
988 1078 1059 1139 sine
1073 1096 1140 1156 quo

53 1176 127 1238 nihil
142 1177 208 1241 fieri
224 1191 335 1261 potest
345 1182 361 1206 ”
376 1183 431 1262 (ln
441 1181 515 1264 soa.
532 1193 570 1244 tr.
586 1185 636 1256 81,
653 1203 682 1244 n.
701 1182 742 1262 3).
788 1181 859 1243 Nec
874 1181 1003 1244 dicatur
1018 1178 1070 1240 hic
1086 1178 1140 1258 agi

53 1291 175 1344 tantum
191 1284 233 1346 de
248 1287 355 1365 gratia
370 1285 530 1348 habituali
545 1307 551 1362 ;
578 1306 663 1358 nam,
679 1285 756 1347 licet
776 1284 914 1365 praelata
935 1283 1034 1345 verba
1053 1283 1085 1343 in
1105 1300 1141 1342 se

52 1395 178 1464 sumpta
193 1387 235 1448 de
252 1390 448 1451 necessitate
464 1389 579 1470 gratiae
595 1386 832 1450 sanetificantis
845 1367 1051 1467 interpretari
1066 1403 1140 1465 pos-

52 1485 124 1557 sint,
143 1489 254 1551 Patres
272 1490 320 1552 eis
343 1491 392 1554 usi
411 1501 488 1553 sunt
507 1492 549 1552 ad
571 1490 780 1570 probandum
802 1499 917 1550 contra
938 1487 1141 1568 Pelagianos,

52 1590 160 1667 gratiae
176 1589 314 1656 abinalis
331 1595 560 1656 necessitatem
577 1595 619 1655 ad
636 1592 785 1672 singulos
800 1590 894 1654 atius
909 1601 1142 1672 supernatura·

52 1691 112 1764 les;
135 1692 185 1756 hic
200 1703 251 1758 est
268 1697 368 1776 igitur
381 1716 497 1758 sensus
513 1694 735 1756 traditionalis
746 1707 766 1756 ².

52 1792 100 1873 (d)
122 1795 272 1860 Tandem
297 1798 369 1860 haec
391 1799 504 1860 omnia
527 1797 719 1859 summatim
742 1795 1068 1877 comprehenduntur
1091 1795 1141 1856 his

52 1896 201 1976 Apostoli
224 1900 354 1963 verbis:
377 1899 524 1964 “Gratril
547 1899 635 1962 enim
659 1899 738 1961 estis
761 1899 878 1960 salvati
901 1918 960 1980 per
972 1899 1084 1980 fidem,
1107 1909 1141 1960 et

53 2001 109 2060 hoc
125 2023 186 2063 uon
201 2025 241 2065 ex
253 2004 342 2066 vobt's
352 2005 387 2086 (i.
398 2026 426 2067 e.
436 2025 493 2085 per
509 2002 672 2065 naturalia
687 2001 821 2082 opera):
845 2001 908 2062 Dei
921 2002 1009 2062 enim
1022 2002 1141 2062 donum

53 2115 106 2177 est,
122 2126 183 2166 nan
198 2108 395 2188 exoperibus
410 2119 446 2170 ut
462 2127 503 2168 ne
519 2108 592 2188 quis
608 2106 782 2186 glorietur;
805 2105 907 2184 ipsius
923 2105 1010 2165 enim
1028 2125 1141 2165 sumus

47 2209 183 2284 fathura,
203 2213 304 2273 creati
326 2213 357 2273 in
380 2211 513 2275 Christo
534 2211 613 2291 Jesu
637 2209 707 2290 (qui
731 2219 782 2271 est
805 2228 905 2270 causa
924 2201 1090 2269 meritoria
1108 2217 1141 2268 et

52 2313 247 2392 exemplaris
263 2323 385 2376 nostrae
398 2313 657 2393 justificationis)
674 2313 706 2372 in
722 2310 877 2392 operibus
899 2309 994 2371 bonis
1005 2311 1044 2365 ”3
1062 2306 1098 2395 (i.
1115 2331 1140 2374 e.

52 2413 90 2474 ad
109 2413 195 2477 bona
213 2435 315 2497 opera
333 2415 541 2496 exercenda).
596 2415 646 2476 lbi
665 2415 754 2475 enim
775 2422 824 2475 tot
846 2421 1042 2493 argumenta
1060 2423 1141 2494 quot

52 2519 240 2594 sententiae3
263 2519 393 2580 sienim
411 2518 534 2599 gratid,
550 2518 568 2580 i.
585 2537 611 2579 e.
628 2517 772 2597 gratuito
796 2516 912 2576 salvati
936 2535 1058 2590 sumus,
1074 2535 1139 2578 non

53 2627 133 2679 certe
149 2621 271 2682 nostris
287 2622 432 2698 meritis;
455 2621 482 2682 si
500 2641 557 2701 per
563 2619 677 2702 fidem,
692 2640 758 2680 non
776 2639 834 2699 per
849 2625 949 2698 o'pera
966 2629 1098 2697 nostra;
1114 2620 1140 2680 si

52 2717 238 2795 justificatio
254 2733 304 2785 est
321 2724 384 2786 Dei
400 2723 528 2797 dorium,
545 2745 605 2785 uou
629 2743 668 2784 ex
687 2721 839 2801 operibus,
855 2721 913 2783 sed
935 2721 998 2783 Dei
1017 2721 1141 2782 miseri-

53 2825 156 2886 cordia
169 2824 405 2904 justificamur;
420 2827 447 2886 si
466 2825 529 2887 Dei
535 2827 674 2906 faama
690 2845 813 2900 sumuS,
829 2843 894 2884 non
913 2823 1052 2904 propriis
1068 2825 1142 2885 viri-

53 2923 115 2996 bus,
130 2928 188 2988 sed
208 2927 282 2990 Deo
299 2927 490 3008 impellente
505 2936 539 2989 et
554 2936 754 3008 cooperante
774 2926 862 2987 bona
878 2945 978 3006 opera
995 2926 1141 2988 iacimus

55 3026 219 3110 Numquid
237 3033 382 3112 apertius
397 3031 555 3094 declarari
568 3040 679 3110 potest
690 3029 806 3109 gratiae
818 3029 996 3090 necessitas
1013 3029 1055 3091 ad
1071 3047 1141 3089 orn·

54 3149 104 3191 nes
119 3143 153 3195 et
168 3133 317 3214 singulos
333 3133 427 3197 ailus
442 3132 729 3214 supernaturales?

89 3249 135 3314 52.
185 3235 246 3316 (Β)
283 3236 409 3300 Tradit.
456 3237 511 3298 Ex
542 3235 735 3298 definitione
767 3232 801 3295 C.
839 3232 927 3294 Trid.
959 3233 1049 3312 (sess.
1081 3233 1141 3306 Vl,

53 3353 114 3398 can.
129 3338 163 3417 3)
176 3359 183 3400 :
198 3345 214 3369 “
228 3337 264 3402 Si
276 3339 350 3418 quis
360 3339 492 3412 dixerit,
505 3339 575 3398 sine
579 3335 793 3417 praaem'enu
805 3334 947 3415 Spiritus
961 3336 994 3397 S.
1004 3335 1142 3415 inspira-

54 3437 144 3514 tione,
154 3449 256 3520 atque
271 3440 342 3521 ejus
358 3441 528 3522 arisatoriu,
538 3439 706 3500 hominem
723 3439 865 3512 credere,
875 3457 1016 3518 sperare,
1027 3437 1141 3516 dilige·

85 3648 164 3720 Ἴσα.
181 3655 243 3720 XV,
259 3666 310 3722 1·5.

18 3748 24 3760 ⁸
84 3735 243 3794 '¹'Fnsi0rem
258 3741 340 3807 hujus
353 3749 444 3794 textus
457 3737 662 3806 expositionem
674 3737 766 3804 legere
777 3746 820 3788 est
830 3733 904 3802 apud
917 3733 1028 3802 Carluy,
1041 3750 1084 3801 op.
1094 3733 1139 3786 cit.

57 3837 78 3888 p.
96 3819 138 3890 3'01
162 3844 202 3896 sq.
223 3857 257 3866 —-
276 3826 398 3880 Aliunde
418 3843 517 3879 sensus
536 3823 722 3878 traditionalis
743 3823 810 3874 satis
829 3821 1011 3891 probabiliter
1029 3837 1062 3874 ex
1082 3821 1143 3887 ipso

59 3919 121 3966 textu
139 3915 264 3968 eruitur:
284 3913 449 3967 sicutenim
469 3929 525 3966 non
544 3912 645 3964 sufficit
664 3922 693 3964 ut
713 3911 820 3978 palmes
842 3909 877 3962 sit
900 3908 947 3962 viti
968 3906 1142 3976 conjunilus,

60 3998 100 4050 Sed
111 4001 258 4070 requiritur
271 4012 301 4054 ut
313 4000 412 4070 quovis
425 4007 568 4053 momento
582 3997 681 4051 vitales
695 4013 793 4049 succos
806 4013 824 4047 a
837 3995 892 4048 vite
906 3994 1034 4062 accipiat,
1046 3994 1084 4046 ita
1095 4011 1141 4062 pa-

60 4081 114 4138 riter
125 4105 180 4141 non
194 4087 295 4141 sufficit
308 4099 338 4141 ut
350 4088 445 4141 anima
460 4087 571 4140 Christo
585 4087 696 4139 uniatur
708 4101 757 4153 per
769 4084 888 4152 gratiam
902 4082 1081 4146 habitualem,
1093 4082 1141 4134 sed

59 4174 194 4240 requiritur
207 4185 236 4229 ut
250 4175 363 4228 vitalem
376 4185 484 4228 motum
497 4173 617 4242 accipiat
631 4189 680 4241 per
691 4171 810 4239 gratiam
824 4169 971 4224 atlualem.

87 4253 205 4330 ³Eplres.
225 4263 263 4328 ll,
276 4263 347 4316 8-10.
