2776 4644
239 151 284 204 5²
566 196 569 206 .
704 153 843 205 CAPUT
861 153 885 204 1.

1215 266 1339 275 ...-..--ι

239 351 274 394 re
289 341 346 394 aut
362 332 524 413 poenitere
540 353 637 412 posse
650 334 734 395 sicu-t
746 344 878 414 oportet
889 334 922 414 (i.
932 354 961 396 e.
974 335 1075 398 modo
1085 331 1351 414 supernaturali)

240 435 326 497 otei
347 433 594 514 justificationis
618 437 725 516 gratia
751 435 959 512 conferatur;
992 437 1033 498 A.
1062 436 1114 501 S.'’
1147 435 1247 517 Quod
1277 433 1350 513 jam

239 545 339 598 antea
350 557 371 598 a
384 536 482 600 Cone.
494 537 524 598 A
532 537 701 600 rausicauo
712 537 750 599 II
760 539 853 618 (529)
863 537 1038 602 definitum
1050 537 1158 602 suerat
1169 537 1350 614 (Dencing.

244 640 333 716 1464
344 640 407 720 50),
421 649 454 702 et
470 660 490 701 a
506 639 539 701 Z
541 639 642 702 naimo
657 641 690 702 in
707 645 766 702 sua
784 641 844 720 Ep.
860 639 1061 719 dogmatica,
1076 659 1153 720 quae
1175 638 1205 700 T
1203 637 1352 700 ναέῗονὶα

240 741 379 804 dicitur:
403 740 532 822 “Quod
557 752 689 824 tempus
713 743 890 806 intervenit
913 762 981 823 quo
1005 742 1077 822 ejus
1096 762 1164 804 non
1186 759 1351 821 egeamus

241 845 385 907 auxilio?
413 845 451 906 In
479 846 635 907 omnibus
662 846 762 927 igitur
784 845 922 918 adibus,
938 847 1056 917 causis,
1073 843 1349 924 cogitationibus

241 947 397 1022 motibus,
412 947 546 1027 adjutor
560 958 594 1009 et
610 945 777 1029 protetlor
792 949 940 1010 orandus
956 956 1008 1009 est
1018 946 1043 1010 '¹.

284 1057 333 1125 53»
380 1047 438 1130 (C)
454 1049 530 1110 Καὶ.
553 1049 654 1112 ΤΙιεοΙ.
701 1051 829 1113 Omnes
846 1046 939 1111 adius
955 1049 1202 1129 proportionari
1222 1048 1349 1109 debent

242 1149 299 1212 lini
315 1151 357 1214 ad
374 1171 473 1232 quem
491 1152 633 1214 tendunt
647 1174 654 1228 ;
671 1153 762 1232 atqui
777 1151 971 1231 justificatio
987 1163 1038 1213 est
1055 1150 1130 1213 finis
1141 1153 1284 1213 omnino
1297 1169 1349 1209 su·

242 1254 469 1335 pernaturalis,
486 1274 589 1334 quum
608 1253 688 1315 nihil
705 1253 794 1316 aliud
811 1255 932 1316 sitnisi
951 1253 1072 1316 infusio
1090 1255 1210 1334 gratiae
1227 1249 1348 1314 santii·

240 1355 380 1431 fieautis
403 1376 504 1437 quarn
528 1357 812 1437 supernaturalem
836 1375 908 1417 esse
932 1355 1146 1437 probavimus
1171 1357 1203 1417 in
1234 1355 1289 1416 Tr.
1312 1353 1349 1412 de

243 1459 312 1521 Deo
330 1459 466 1524 Creantr
480 1460 524 1539 (n.
546 1461 606 1537 164
621 1463 697 1540 sq.);
720 1479 800 1539 ergo
815 1457 908 1521 attus
924 1460 1153 1540 praeparatorii
1170 1459 1213 1521 ad
1227 1455 1348 1539 justifi-

240 1563 408 1624 cationem
425 1563 550 1624 debent
566 1582 638 1624 esse
654 1583 729 1624 vere
744 1561 1027 1642 supernaturales;
1046 1561 1105 1624 sed
1122 1581 1191 1624 non
1208 1569 1347 1643 possunt
1383 1595 1384 1630 ;

173 1718 178 1726 .
244 1684 316 1725 esse
336 1683 411 1725 vere
430 1664 705 1745 supernaturales
721 1665 782 1726 nisi
804 1664 885 1727 fiant
901 1664 963 1726 sub
982 1664 1112 1726 influxu
1132 1665 1251 1746 gratiae
1274 1682 1348 1724 vere

242 1778 279 1828 et
307 1767 481 1828 entitative
511 1767 789 1846 supernaturalis;
820 1768 970 1846 potentia
996 1768 1086 1828 enirn
1114 1767 1275 1828 naturalis
1300 1773 1347 1824 est
1383 1791 1384 1800 ¹

245 1867 431 1931 radicaliter
461 1869 606 1948 incapax
637 1866 748 1930 adium
777 1868 1058 1948 supernaturalem
1086 1867 1262 1942 efficiendi,
1288 1865 1347 1927 nisi
1383 1867 1384 1920 l

245 1972 351 2052 gratia
368 1972 414 2032 ita
430 1970 578 2032 elevetur
594 1981 630 2033 ut
646 1971 774 2051 operari
788 1970 898 2032 valeat
910 1981 1030 2052 praeter
1042 1973 1127 2032 vires
1140 1971 1204 2032 sibi
1217 1981 1346 2032 natura-

245 2075 320 2135 liter
336 2074 466 2136 inditas.
502 2073 761 2154 Comparatione
774 2093 824 2134 res
837 2073 1037 2148 illustratum
1060 2075 1249 2135 sicutenim
1263 2073 1346 2133 olea·

246 2186 313 2237 ster
328 2195 395 2237 non
412 2185 523 2255 potest
539 2175 623 2236 ferre
639 2175 745 2236 bonos
762 2171 886 2236 srut‘tus
910 2175 972 2236 nisi
996 2176 1025 2237 ei
1050 2176 1216 2237 inseratur
1239 2189 1345 2235 ramus
1383 2155 1384 2210 Ῑ

245 2279 342 2342 olivae
358 2279 464 2352 bonae,
475 2279 521 2339 ita
537 2279 661 2358 pariter
675 2289 794 2340 natura
810 2286 923 2338 nostra
939 2275 1065 2339 frudius
1081 2275 1347 2358 supernaturales
1383 2315 1384 2322 κ

246 2379 330 2442 serre
346 2381 470 2459 nequit,
487 2380 548 2440 nisi
565 2380 594 2440 ei
612 2381 774 2442 inseratur
790 2379 896 2460 gratia
911 2380 1181 2460 supernaturalis,

287 2525 336 2592 54
392 2515 419 2571 20
445 2516 544 2610 Pheris
558 2540 570 2573 .·
599 2513 723 2577 Gratia
753 2514 907 2578 actualis
941 2532 1026 2579 vere
1061 2512 1346 2594 supernaturalis

246 2611 439 2688 requiritur
452 2610 500 2673 ad
515 2610 633 2687 ipsum
649 2610 731 2674 fidei
747 2611 895 2689 initium,
912 2618 949 2675 et
963 2612 1011 2675 ad
1024 2611 1220 2690 cujuslibet
1235 2609 1346 2690 operis

247 2703 533 2784 supernaturalis
548 2706 774 2770 desiderium.
809 2709 937 2790 Defide
952 2721 1000 2770 cst
1014 2721 1131 2773 contra
1148 2709 1345 2773 Semi-Pela·

248 2813 365 2891 gianos
391 2823 425 2874 et
454 2812 701 2884 Hermesianos,
725 2820 842 2891 utpote
859 2799 1040 2873 'definitum
1064 2832 1084 2872 a
1113 2812 1215 2875 Cone.
1240 2813 1345 2873 Arnu-

247 2915 354 2976 sr'cano
368 2915 411 2976 II
423 2915 465 2995 (a.
478 2915 659 2994 529),quod
674 2914 738 2984 ¹fuit
755 2914 946 2975 solemniter
962 2916 1189 2994 approbatum
1207 2935 1228 2976 a
1246 2915 1278 2978 S.
1291 2914 1344 2974 Bo·

249 3016 370 3078 uifacio
388 3017 443 3078 ll:
471 3023 487 3047 “
500 3016 535 3080 Si
552 3017 650 3097 quis...
669 3017 797 3077 initium
819 3013 918 3077 fidei¹
944 3015 1121 3097 ipsumque
1145 3016 1345 3079 credulitatis

249 3118 405 3183 afsedtum
423 3140 488 3181 non
506 3140 564 3200 per
578 3120 693 3200 gratiae
710 3120 911 3190 donum‚sed
930 3120 1125 3181 naturaliter
1138 3121 1238 3182 nobis
1249 3121 1344 3181 inesse

249 3223 340 3296 dicit
353 3221 544 3301 apostolicis
559 3220 772 3300 dogmatibus
788 3220 993 3281 adversarius
1009 3222 1253 3301 comprobatur
1264 3222 1278 3246 ’'
1289 3233 1309 3282 ².

292 3365 342 3432 55.
388 3353 447 3434 (A)
465 3353 581 3432 Script.
598 3353 648 3432 (a)
667 3353 763 3414 Dixit
780 3353 867 3413 enim
885 3352 1055 3416 Christus:
1079 3355 1222 3418 “Nemo
1245 3366 1346 3439 potest

250 3457 361 3518 venire
377 3455 418 3516 ad
437 3473 490 3514 me
506 3454 577 3532 (seu
600 3454 732 3513 credere
756 3453 788 3512 in
812 3473 873 3530 me,
889 3465 925 3517 ut
947 3475 991 3516 ex
1010 3467 1175 3520 contextu
1201 3457 1346 3540 apparet]
1383 3497 1384 3500 =

251 3559 312 3620 nisi
331 3559 435 3629 Pater,
452 3555 507 3636 qui
528 3555 618 3615 misit
641 3573 703 3628 me,
720 3557 859 3616 traxerit
882 3577 958 3618 eum
973 3559 987 3582 ”
999 3570 1033 3635 ³;
1058 3558 1213 3638 jamvero
1233 3583 1278 3623 ex
1294 3563 1346 3622 hoc

252 3669 348 3721 textu
365 3657 539 3719 manifeste
554 3655 720 3735 colligitur
735 3657 901 3718 neminem
919 3679 1017 3739 posse
1034 3661 1195 3725 accedere
1208 3666 1252 3726 ad
1265 3663 1345 3728 Chri·

252 3771 339 3823 stum
358 3780 414 3840 per
430 3759 539 3834 fidem,
555 3779 612 3820 seu
630 3757 772 3836 incipere
789 3759 921 3820 credere
934 3761 967 3821 in
987 3761 1168 3839 Christum,
1185 3768 1251 3828 nisi
1269 3767 1345 3846 prius
1383 3777 1384 3838 l

286 3957 517 4022 1Initiumiidei‚
533 3959 612 4025 juxta
632 3958 901 4024 Semi-Pelagianos,
921 3964 1164 4031 complectebatur
1185 3970 1346 4024 desideriunt

252 4043 393 4108 credendi,
407 4043 577 4096 desiderium
592 4044 689 4096 salutis
704 4043 769 4096 inde
783 4055 873 4096 ortum
888 4057 973 4116 atque
986 4049 1091 4104 divinae
1103 4053 1245 4110 bonitatis
1265 4056 1346 4124 imple
1383 4097 1384 4106 ,

252 4132 397 4185 rationem.
437 4130 492 4182 Cir.
514 4131 540 4181 T
536 4134 590 4196 epe,
604 4147 631 4181 n.
648 4143 688 4198 45.

287 4226 296 4248 ²
311 4218 448 4284 Hearing,
465 4215 520 4283 148.
539 4246 570 4252 —
582 4216 664 4282 ³sruz,
683 4217 731 4280 Vl,
746 4230 787 4279 44.
