2794 4662
309 219 365 268 DE
386 219 467 269 DEO
484 218 856 272 REMUNERATORE.
1066 215 1131 265 693

395 449 775 550 Prolegomena.

63 640 98 703 3.
156 637 187 686 1⁰
199 625 249 687 De
260 624 376 689 Morte,
425 623 490 710 (A)
506 627 598 690 Mors
610 627 798 710 corporalis,
811 647 885 709 quae
901 635 952 689 est
968 625 1133 688 aeternita-
1151 661 1153 664 -

17 727 62 787 tis
85 728 204 806 janua,
221 729 372 791 consistit
396 731 428 790 in
451 731 660 810 separatione
684 733 805 793 animae
829 751 848 793 a
869 751 1014 812 corpore.
1061 729 1132 792 Ali·

16 830 166 908 quando
182 829 246 892 alia
262 850 351 894 mors
368 833 400 894 in
419 832 590 913 Scriptura
605 844 894 908 commemoratur,
906 855 948 897 sc.
961 855 1046 896 mors
1061 834 1133 895 ani-

17 952 94 1004 moe,
112 952 190 1013 quae
207 933 239 994 in
256 934 441 1014 privatione
457 935 574 1016 gratiae
590 934 826 1000 sanctificantis
843 939 906 1000 sita
923 947 982 1013 est,
998 947 1031 999 et
1048 957 1134 998 mors

16 1035 167 1096 secunda
190 1047 334 1110 vocatur,
351 1039 377 1099 si
402 1037 475 1118 quis
500 1038 532 1099 in
557 1039 619 1100 hoc
642 1049 731 1102 statu
754 1060 773 1102 e
796 1041 863 1102 vita
887 1049 1031 1114 exeat1;
1054 1049 1132 1120 tunc

18 1138 116 1198 enirn
143 1139 212 1200 vita
233 1140 349 1220 gratiae
374 1141 406 1202 in
429 1149 627 1221 perpetuum
652 1143 774 1204 amissa
798 1141 868 1204 fuit
916 1143 953 1203 ln
978 1141 1132 1224 praesenti
1234 1159 1239 1210 ’.

18 1249 116 1302 statu
137 1261 226 1303 mors
250 1253 300 1304 est
325 1263 425 1324 poena
448 1243 596 1324 peccati:
620 1244 722 1306 homo
738 1246 826 1308 enim
844 1245 1134 1308 inexterminabilis

18 1351 158 1404 creatus
175 1343 280 1409 iuerat
291 1357 313 1418 ²,
325 1345 383 1408 sed
397 1351 412 1376 “
424 1366 483 1426 per
499 1365 601 1409 unum
618 1346 786 1409 hominem
805 1358 977 1430 peccatum
996 1349 1028 1410 in
1045 1347 1133 1410 hunc

20 1445 192 1506 mundum
210 1446 353 1520 intravit,
369 1455 402 1508 et
411 1459 475 1528 per
483 1458 649 1528 peccatum
666 1471 752 1512 ninrs
763 1451 778 1476 ''
791 1462 812 1514 ³.

66 1559 98 1622 4,
150 1543 216 1632 (Β)
235 1549 378 1612 Mortem
396 1569 468 1611 esse
487 1551 635 1612 onrrribus
649 1551 833 1614 horninibus
848 1573 1044 1615 communem
1061 1561 1131 1614 tum

21 1646 201 1728 Scriptura
218 1659 288 1712 turn
305 1653 514 1732 experientia
528 1663 717 1735 testantur:
741 1661 756 1686 ‘¹
770 1655 943 1719 Statutum
959 1665 1010 1717 est
1026 1655 1131 1717 horni-

22 1749 125 1811 nibus
142 1751 244 1813 semel
263 1754 389 1816 mori...
407 1754 491 1816 sicut
516 1755 547 1815 in
573 1755 686 1818 Adam
707 1777 814 1818 orienes
830 1758 1023 1831 moriuntur,
1040 1759 1133 1819 itaet

22 1853 55 1914 in
84 1851 221 1916 Christo
244 1875 360 1918 omnes
384 1856 667 1920 vivificabuntur'’
679 1873 701 1921 ⁴.
749 1859 899 1922 Christus
920 1860 998 1940 ipse,
1015 1860 1090 1922 licet
1114 1880 1133 1920 a

22 1967 167 2036 peccato
184 1957 347 2032 immunis
365 1959 466 2021 libere
489 1961 571 2022 mori
596 1963 709 2037 voluit,
726 1971 761 2023 ut
778 1982 838 2042 pro
854 1961 998 2042 peccatis
1014 1964 1133 2022 nostris

23 2058 242 2134 satisfaceret,
258 2071 292 2124 et
309 2081 369 2123 nos
385 2083 405 2123 a
421 2063 540 2124 timore
557 2063 672 2124 mortis
690 2061 852 2136 liberaret,
867 2072 906 2124 ut
921 2061 1135 2142 corporaliter

22 2163 196 2225 moriendo
219 2164 426 2226 similitudini
452 2167 588 2246 peccati,
604 2165 701 2228 daret
725 2163 820 2225 nobis
844 2163 1037 2244 exemplum
1063 2183 1132 2226 mo·

24 2264 133 2326 riendi
148 2265 362 2346 spiritualiter
375 2276 521 2349 peccato,
534 2266 670 2329 tandem
688 2276 723 2328 nt
740 2285 759 2327 a
776 2267 914 2327 mortuis
931 2267 1134 2346 resurgendo

25 2367 125 2430 nobis
141 2388 235 2450 spem
252 2369 445 2450 resurgendi
461 2372 556 2432 daret
572 2370 624 2449 (S.
647 2369 703 2431 Ti.
721 2385 738 2447 3
756 2389 795 2450 p.‚
811 2388 841 2448 q.
861 2381 912 2447 50,
929 2389 956 2430 a.
978 2367 1016 2448 1).

70 2469 210 2551 Duplex
235 2481 346 2533 tamen
369 2472 508 2534 dubium
525 2473 628 2534 oritur
644 2470 754 2552 quoad
773 2470 887 2532 mortis
904 2469 1131 2555 universalita-
1198 2485 1200 2490 '

26 2583 116 2634 tem:
142 2573 191 2652 (a)
214 2594 258 2636 ex
282 2575 321 2637 iis
343 2596 419 2657 quae
444 2576 486 2638 de
511 2573 653 2637 Henoch
677 2583 710 2636 et
734 2573 808 2636 Elia
832 2573 1025 2649 referuntur,
1048 2593 1132 2656 quos

26 2685 177 2738 mortuos
195 2697 260 2738 non
277 2697 349 2740 esse
367 2677 538 2760 Scriptura
554 2677 701 2739 declarat
713 2687 748 2752 5;
769 2677 825 2738 sed
846 2677 959 2738 Patres
975 2685 1008 2739 et
1024 2675 1133 2739 Theo-

27 2777 94 2858 logi
112 2780 333 2843 communiter
349 2780 485 2844 tradunt
509 2801 566 2843 eos
592 2782 623 2842 in
647 2779 711 2841 fine
729 2779 843 2842 mnndi
861 2800 933 2842 csse
949 2780 1134 2855 morituros,

27 2882 135 2943 innixi
161 2882 223 2945 hoc
246 2883 457 2965 Apocalypsis
480 2883 598 2946 loco⁶:
628 2881 703 2943 “Et
728 2882 816 2944 dabo
839 2869 970 2944 duobus
994 2881 1134 2945 testibus

29 2985 120 3056 meis
151 2995 184 3048 et
215 2987 496 3068 prophetabunt...
545 2987 590 3048 Et
624 3004 698 3048 cum
731 2983 875 3046 finierint
906 2985 1132 3047 testimonium

29 3107 135 3161 suum,
159 3088 265 3151 bestia
288 3109 363 3170 quae
387 3091 537 3152 ascendit
560 3090 602 3151 de
626 3089 751 3168 abysso
774 3087 871 3149 saciet
895 3087 1053 3149 adversus
1077 3107 1134 3149 eos

29 3190 162 3264 bellum,
189 3201 222 3253 et
249 3193 360 3256 vincet
388 3193 471 3267 illos,
499 3201 531 3254 et
562 3190 691 3254 occidet
718 3209 775 3251 eos
789 3188 812 3252 '’.
859 3188 1055 3251 Notandum
1084 3199 1134 3250 est

30 3305 141 3355 tamen
158 3292 246 3356 hunc
268 3295 377 3356 locum
401 3316 473 3357 esse
496 3295 594 3357 valde
618 3292 806 3365 obscurum,
822 3299 856 3354 et
871 3311 891 3353 a
907 3291 1074 3368 nonnullis
1090 3292 1133 3352 de

31 3406 178 3475 ternpore
200 3397 467 3478 persecutionum
490 3396 647 3476 intelligi;
671 3395 759 3456 unde
775 3395 833 3456 vix
850 3393 975 3474 aliquid
993 3394 1073 3455 certi
1089 3414 1133 3454 ex

32 3519 71 3559 eo
87 3498 205 3560 deduci
229 3508 349 3581 potest.
395 3499 446 3580 (b)
463 3501 566 3584 Aliud
584 3498 722 3562 dubium
740 3499 843 3560 oritur
859 3518 902 3559 ex
919 3496 970 3557 his
988 3497 1021 3560 S.
1040 3495 1132 3558 Pauli

33 3600 162 3662 verbis:
193 3602 347 3665 “Mortui
379 3603 434 3684 qui
467 3603 499 3664 in
532 3602 665 3667 Christo
696 3610 781 3674 sunt,
813 3608 984 3679 resurgent
1014 3598 1133 3679 primi:

69 3795 174 3862 1Αροι.
192 3798 255 3864 XX,
272 3799 298 3864 6,
315 3813 354 3862 14.
371 3830 405 3837 -
418 3801 428 3829 '·'
442 3799 508 3868 Sap.
526 3799 563 3864 ll,
582 3811 622 3867 23.
637 3829 670 3835 -
684 3807 693 3837 ³
706 3799 783 3850 Rom.
799 3798 832 3864 V,
850 3811 888 3850 12.

70 3881 173 3936 ⁴chr.
191 3885 241 3950 tx,
255 3899 307 3948 27;
327 3885 418 3938 [Cor.
435 3887 496 3952 XV,
515 3899 556 3936 22.

70 3970 155 4022 ⁵Gen.
172 3970 206 4035 V,
220 3985 269 4034 24;
287 3971 385 4040 4lr'eg.
405 3971 442 4034 ll,
462 3986 504 4034 11;
523 3972 623 4032 Heln,
640 3971 690 4036 XI,
707 3983 730 4037 5.

70 4055 174 4125 inpoc.
192 4059 244 4121 Xl,
257 4071 311 4127 3-7.
351 4060 396 4112 De
412 4059 532 4112 Henoch
552 4067 579 4110 et
600 4056 671 4109 Eliae
690 4055 821 4124 praesenti
836 4065 910 4109 statu
924 4065 951 4109 et
964 4055 1056 4109 futura
1069 4053 1134 4108 mis·

40 4143 112 4196 sione
124 4143 177 4211 legi
190 4155 308 4212 possunt
322 4147 439 4210 Saurea,
454 4144 482 4197 in
497 4151 551 4213 3'p.
570 4145 598 4197 S.
616 4143 717 4196 Thom.
734 4142 805 4210 disp.
825 4155 865 4209 55,
881 4140 948 4196 scil.
967 4156 991 4206 1;
1009 4143 1136 4206 Pereira,

41 4232 56 4282 l.
75 4229 115 4282 lll
135 4229 163 4282 in
183 4232 266 4295 Gen,
281 4241 380 4300 quaest.
405 4245 435 4299 53
454 4231 564 4292 Ribera,
581 4231 609 4282 in
628 4247 689 4298 cap.
707 4230 747 4282 Xl
769 4229 970 4298 Apocalypsis;
990 4229 1132 4294 Satellius,

43 4317 68 4368 in
82 4316 124 4370 lib.
141 4317 179 4368 lV
194 4317 272 4384 Reg„
284 4335 327 4386 ap.
342 4317 450 4388 Mr'gyre,
465 4319 566 4386 Script.
582 4311 662 4372 Cure.
679 4318 732 4380 Xl,
747 4319 837 4386 44-58.
