2770 4652
233 173 303 226 ⁴52
676 172 815 223 CAPUT
833 172 892 223 111.

234 351 306 432 ipso
333 352 469 414 instanti
495 353 777 428 consecrationis;
809 352 948 432 expedit
973 361 1085 413 tamen
1113 349 1316 411 intentionem

234 455 465 529 determinare,
481 464 660 536 antequam
680 455 785 517 Missa
801 455 983 517 inchoetur.

235 555 285 638 (b)
305 557 403 620 debet
425 577 497 620 esse
521 557 639 621 saltem
661 557 847 633 habitualrs,
864 558 881 620 i.
899 579 924 621 e.
941 567 1041 620 antea
1061 557 1177 618 habita
1197 565 1230 618 et
1250 575 1320 617 non-

234 661 314 723 dum
332 658 510 724 retractata
525 683 531 737 ;
554 662 633 742 quia
647 661 828 742 applicatio
840 681 875 724 se
890 661 992 723 habet
1009 681 1068 742 per
1080 661 1218 722 modum
1230 661 1318 722 dona·

235 762 335 825 tionis
351 764 501 840 verbalis,
517 785 592 846 quae
614 763 714 826 semel
738 762 826 827 lacta
842 764 929 826 valet
950 765 1057 827 donec
1074 773 1251 826 revocetur.
1290 762 1319 824 Si

235 867 309 947 quis
332 877 455 944 autem,
478 869 594 948 prioris
617 867 811 930 intentionis
836 869 1018 943 immemor,
1034 887 1156 930 novam
1181 867 1320 929 intentio-

236 989 311 1032 nem
325 971 443 1046 eliciat,
456 971 511 1034 illa
524 972 647 1034 valebit
663 991 739 1052 quae
748 971 994 1052 praedominans
1009 971 1107 1034 luerit
1121 993 1128 1048 ;
1153 971 1320 1051 generatim

237 1073 400 1154 posterior
415 1075 512 1148 valet,
529 1075 590 1136 nisi
608 1075 750 1156 priorem
768 1075 815 1137 ita
837 1074 1036 1149 formaverit,
1052 1084 1089 1136 ut
1105 1073 1244 1136 voluerit
1258 1092 1321 1134 eam

237 1176 424 1256 praevalere,
451 1177 582 1240 etiamsi
611 1197 654 1239 ex
683 1177 851 1240 oblivione
878 1195 952 1239 earn
981 1186 1171 1240 mutaturus
1198 1177 1247 1239 sit
1290 1175 1321 1236 ln

237 1278 339 1342 dubio
361 1289 483 1355 autem,
499 1279 620 1342 sufficit
643 1289 680 1342 ut
703 1280 857 1342 sacerdos
880 1278 945 1341 alia
968 1280 1039 1342 vice
1062 1280 1092 1341 ei
1115 1278 1258 1360 applicet
1279 1278 1321 1339 cui

237 1382 344 1462 prima
361 1382 432 1445 vice
447 1383 551 1444 Missa
567 1403 633 1446 non
651 1381 713 1444 luit
730 1383 904 1464 applicata.

238 1485 286 1564 (c)
302 1485 402 1546 debet
422 1505 494 1547 esse
514 1485 738 1560 determinata,
755 1485 873 1547 saltem
895 1485 1074 1566 implicite;
1102 1482 1227 1547 fructus
1246 1485 1322 1546 enim

239 1606 389 1667 personae
406 1587 672 1650 indeterminatae
688 1588 847 1670 applicari
869 1589 991 1669 nequit.
1037 1587 1137 1651 Valet
1159 1587 1323 1669 applicatio

239 1689 266 1750 si
290 1690 443 1752 dicatur:
467 1689 570 1752 offero
592 1710 652 1771 pro
674 1690 732 1753 illo
752 1692 809 1772 qui
831 1691 921 1772 prior
935 1692 1029 1754 dedit
1051 1691 1261 1772 stipendium,
1276 1690 1322 1770 qui

239 1792 328 1873 prior
340 1792 530 1857 inscribitur
541 1793 573 1855 in
588 1793 765 1856 Missarum
780 1793 872 1869 libro,
884 1813 943 1874 pro
956 1795 1097 1874 persona
1109 1792 1161 1874 cuj
1167 1813 1203 1856 us
1216 1812 1322 1855 nomen

240 1895 427 1958 inscribitur
450 1896 482 1956 in
507 1895 591 1958 libro
614 1894 848 1958 fundationum
868 1916 928 1977 pro
951 1896 1012 1958 hac
1029 1896 1091 1972 die,
1108 1915 1169 1977 pro
1184 1896 1323 1958 omnibus

240 1997 414 2064 animabus
432 1999 462 2059 in
482 1999 686 2079 Purgatori0‚
702 2018 763 2079 pro
780 1998 834 2060 itta
851 1999 962 2060 anima
978 2019 1053 2080 quae
1074 1999 1189 2079 majori
1212 1998 1324 2060 auxilio

241 2099 367 2181 indiget
383 2110 441 2162 aut
457 2111 507 2163 est
524 2103 630 2182 magis
647 2103 720 2164 Deo
735 2111 840 2182 grata,
852 2111 911 2163 etc.
959 2101 1036 2164 Non
1053 2101 1142 2162 valet
1158 2111 1266 2163 autem
1280 2100 1324 2162 hic

240 2203 431 2284 applicandi
448 2204 567 2266 modus
585 2228 592 2266 :
616 2209 631 2234 “
642 2204 755 2280 offero,
765 2215 802 2267 ut
816 2205 905 2267 Deus
923 2206 993 2286 ipse
1006 2204 1152 2286 applicet
1167 2205 1243 2267 etc.”
1258 2203 1324 2285 quia

219 2339 222 2347 ·
241 2306 421 2368 sacerdotis
431 2317 487 2370 ,est
504 2326 572 2368 rem
590 2307 810 2369 determinare
826 2329 833 2384 ;
857 2328 916 2372 nec
933 2308 1033 2369 etiam
1056 2307 1144 2369 valet
1160 2306 1324 2389 applicatio

241 2408 303 2470 sub
319 2409 509 2472 conditione
530 2407 639 2472 lutura
660 2411 886 2492 contingente,
902 2431 929 2472 ν.
947 2430 977 2492 g.
993 2409 1096 2472 ofsero
1111 2431 1173 2491 pro
1191 2411 1289 2486 Petro,
1303 2409 1324 2468 si
1367 2473 1368 2490 1

242 2533 312 2573 cras
341 2513 527 2575 restituerit.
582 2513 716 2595 Siquis
740 2515 835 2596 plura
857 2514 1022 2596 stipendia
1045 2511 1185 2577 colledla
1210 2514 1324 2588 habeat,
1367 2493 1368 2577 l

242 2634 303 2675 nec
333 2615 416 2676 sciat
446 2635 465 2676 a
496 2614 614 2697 quibus
646 2627 679 2678 et
709 2637 777 2698 quo
807 2618 922 2680 ordine
951 2620 1031 2681 data
1061 2617 1192 2694 fuerint,
1218 2617 1324 2680 sufficit

244 2717 364 2786 Missas
394 2718 502 2780 dicere
540 2719 720 2787 secundum
752 2719 902 2781 ordinem
934 2740 1047 2782 eorum
1079 2721 1135 2802 qui
1174 2719 1324 2802 stipendia

243 2821 462 2904 praebuerunt.
1306 2819 1309 2824 ⁵

288 2929 354 3006 185.
403 2925 561 3007 Speciales
573 2927 690 3008 regulce
701 2927 810 3008 quoad
820 2927 1015 3008 stipendium
1030 2949 1041 2989 .·
1066 2923 1133 3012 (A)
1150 2925 1242 2989 Licet
1254 2924 1324 2987 accl-

244 3050 320 3112 pere
343 3030 545 3110 stipendium
569 3051 629 3112 pro
652 3030 851 3094 celebranda
868 3030 981 3106 Missa,
998 3051 1063 3094 non
1087 3030 1222 3110 quidem
1245 3025 1323 3110 quasi
1365 3087 1366 3116 p

244 3133 386 3214 pretium
418 3134 674 3196 consecrationis
698 3135 755 3197 sed
780 3134 874 3214 quasi
898 3135 1039 3196 medium
1065 3133 1299 3196 sustentationis
1308 3142 1323 3200 ¹,
1365 3117 1366 3141 l

280 3321 288 3346 ¹
303 3319 359 3372 Res
372 3317 500 3386 exemplo
513 3319 671 3372 declaratur
689 3337 694 3372 :
714 3317 736 3371 si
751 3317 841 3386 pidlor
853 3319 976 3371 vovisset
988 3317 1077 3386 gratis
1090 3318 1206 3386 pingere
1219 3318 1245 3370 in
1258 3316 1322 3368 obse·

244 3405 340 3475 quium
354 3404 499 3471 Ecclesiae,
514 3417 611 3458 contra
623 3417 718 3458 votum
732 3421 788 3457 non
801 3415 905 3473 ageret,
918 3405 941 3457 si
955 3405 992 3456 ab
1005 3405 1135 3458 Ecclesilt
1148 3415 1252 3474 peteret
1264 3417 1323 3455 sum-

245 3507 308 3562 ptus
327 3490 502 3545 necessarios
520 3491 558 3544 ad
576 3493 694 3556 colores,
716 3492 850 3554 tabulam,
872 3491 928 3544 imo
947 3491 984 3544 ad
1003 3489 1145 3560 propriam
1165 3487 1322 3544 sustentatio·

245 3596 327 3642 nem;
347 3579 386 3631 ita
399 3579 503 3646 pariter
515 3579 648 3632 sacerdos
661 3591 759 3632 contra
772 3591 943 3648 praeceptum
960 3578 1047 3646 gratis
1060 3577 1146 3632 dandi
1161 3578 1236 3648 quod
1253 3575 1322 3646 gratis

245 3665 354 3735 accepit
367 3681 423 3717 non
436 3665 502 3733 agit,
517 3665 539 3718 si
554 3681 571 3717 a
585 3665 607 3717 F
609 3665 728 3719 idelibus
742 3667 861 3735 accipiat
878 3667 1037 3720 necessaria
1050 3665 1087 3719 ad
1105 3665 1277 3732 sacrificium,
1290 3661 1321 3713 tel
1363 3681 1364 3705 1

245 3755 282 3806 ad
296 3753 444 3806 honestam
457 3752 698 3807 sustentationem.
736 3755 789 3821 (Cl.
800 3755 890 3824 Lugo,
902 3755 971 3824 disp.
987 3755 1067 3821 xxi,
1081 3772 1107 3808 n.
1125 3769 1221 3822 1344).
1257 3748 1321 3819 Quod

245 3839 359 3908 quidem
373 3855 406 3891 ex
419 3837 480 3906 ipsa
489 3840 625 3908 stridendo
635 3843 745 3910 orrgine
754 3842 846 3909 colligi
860 3853 960 3911 potest.
1000 3841 1130 3894 Printitus
1144 3840 1249 3894 scilicet
1259 3837 1321 3891 Fide·
1362 3845 1363 3866 ³

246 3927 296 3989 les,
309 3940 395 3992 quum
414 3924 451 3976 ad
464 3927 550 3978 Sacra
568 3927 728 3995 peragenda
747 3929 960 3992 conveniebant,
976 3943 1078 3996 panem
1091 3939 1119 3981 et
1132 3927 1229 3980 vinum
1246 3924 1321 3978 allen·

246 4013 324 4076 bant,
334 4028 367 4063 ex
380 4011 481 4078 quibus
495 4015 643 4069 sumebant
657 4017 818 4070 sacerdotes
831 4033 865 4070 ea
878 4031 941 4086 quae
953 4015 990 4068 ad
1005 4013 1171 4068 sacrificium
1185 4006 1323 4068 necessaria

247 4109 336 4164 erant,
352 4109 444 4150 cetera
457 4109 552 4151 autem
565 4099 592 4150 in
607 4099 748 4168 proprium
762 4117 842 4153 usum
856 4100 1015 4154 servabant.
1056 4099 1158 4152 Postea
1171 4111 1262 4153 autem
1273 4107 1323 4148 usus

246 4183 364 4240 invaluit
378 4193 407 4238 ut
420 4183 483 4249 alla,
495 4201 532 4238 sc.
543 4186 645 4252 oleum,
658 4187 710 4253 lac,
725 4189 790 4252 mel,
802 4186 907 4241 fructus
920 4199 972 4244 etc.
987 4187 1023 4242 ad
1036 4187 1125 4241 altare
1139 4187 1293 4242 offerrentur
1303 4181 1324 4230 in

249 4269 426 4323 sacerdotum
436 4272 622 4326 commodum.
652 4273 713 4326 lnro
723 4274 808 4328 etiam
819 4274 939 4344 pecunia
949 4276 1071 4344 primum
1079 4275 1107 4328 in
1116 4269 1325 4345 gazophytaciun
