2738 4646
228 171 294 224 332
685 174 824 226 CAPUT
841 176 864 222 1.
925 183 926 186 ’

230 352 425 434 telligentes,
441 353 643 416 accusabant
659 354 857 418 christianos
873 373 914 415 eo
929 351 1019 434 quod
1037 369 1172 414 carnem
1195 349 1314 412 infantis

229 456 442 518 comederent
469 455 603 538 ejusque
629 457 825 538 sanguinem
854 456 1015 530 biberent,
1042 454 1075 516 in
1107 452 1312 516 conventibus

229 559 320 634 suis;
347 559 438 641 atqui
463 560 537 622 talis
560 559 738 640 disciplina
760 579 826 622 non
852 557 1085 639 explicaretur,
1102 555 1164 618 nisi
1182 554 1313 618 Ecclesia

229 661 424 724 credidisset
440 662 472 724 in
491 661 612 724 realem
630 661 753 726 Christi
770 661 999 743 praesentiam;
1022 660 1154 722 sienim
1173 656 1313 721 Euchari-

230 765 293 826 stia
317 764 433 827 luisset
448 762 600 846 spedtata
616 765 829 832 solummodo
852 773 888 826 ut
913 762 1017 844 figura
1033 763 1183 843 corporis
1198 759 1313 830 Christi,

230 865 310 928 nihil
338 866 466 929 facilius
489 877 559 930 erat
582 887 683 948 quam
707 866 889 928 calumnias
913 885 1122 947 paganorum
1149 863 1313 934 confutare,

231 968 405 1032 manifeste
429 969 581 1034 docendo
605 989 726 1052 panem
751 969 1005 1032 eucharisticum
1031 987 1097 1030 non
1122 987 1194 1030 esse
1213 985 1311 1028 verum

229 1069 300 1151 ejus
316 1091 444 1153 corpus,
459 1072 517 1134 sed
534 1070 643 1134 solum
659 1072 809 1154 ejusdem
827 1071 975 1154 figuram.
1023 1071 1122 1152 Ergo.

274 1187 311 1236 20
335 1177 474 1256 Insuper
500 1175 624 1252 fideles,
651 1184 831 1257 antequam
860 1174 1105 1237 Eucharistiam
1133 1173 1313 1254 acciperent,

232 1275 322 1338 illam
345 1277 535 1354 adorabunt,
566 1287 651 1341 teste
681 1279 873 1358 Augustino
902 1278 958 1360 qui
989 1277 1071 1342 dicit
1101 1277 1149 1358 (in
1178 1298 1223 1359 ps.
1243 1277 1313 1354 98):

230 1375 370 1438 “Nemo
394 1377 483 1440 illam
507 1397 639 1441 carnem
664 1377 854 1452 manducat,
870 1376 933 1438 nisi
958 1376 1048 1456 prius
1071 1376 1313 1444 adoraverit”¹;

229 1479 272 1541 ad
296 1478 386 1542 illam
404 1483 561 1544 accedere
577 1501 642 1544 non
660 1481 830 1545 audebant
848 1481 909 1542 nisi
926 1499 1002 1544 cum
1019 1480 1221 1544 conscientia
1243 1482 1313 1560 puris

230 1579 412 1662 sanstoque
438 1584 569 1657 timore,
594 1603 736 1667 eamque
764 1593 860 1646 tanto
891 1582 1017 1644 honore
1044 1581 1313 1663 prosequebantur

231 1690 267 1742 ut
285 1680 320 1744 5.
342 1682 372 1743 T
369 1684 515 1758 arcisius,
532 1686 716 1768 acolythus,
732 1686 814 1748 mori
831 1686 972 1748 voluerit
989 1686 1203 1766 potiusquam
1219 1683 1312 1766 prola·

231 1783 281 1844 nis
305 1785 458 1848 manibus
473 1807 547 1849 eam
565 1791 739 1866 tradere²;
766 1791 858 1872 atqui
875 1789 947 1851 haec
962 1791 1077 1854 omnia
1093 1791 1179 1854 bene
1192 1791 1312 1872 quidem

230 1886 449 1967 explicantur,
461 1890 487 1950 si
506 1890 657 1955 Christus
673 1893 717 1955 sit
733 1912 808 1954 vere
825 1911 972 1972 praesens
989 1894 1022 1954 in
1041 1893 1253 1966 Eucharistia
1264 1891 1312 1952 sed

231 1987 288 2050 vix
306 1989 445 2072 intelligi
463 2004 611 2073 possunt,
627 1997 654 2057 si
673 1994 884 2057 Eucharistia
900 1994 943 2057 sit
964 1993 1072 2058 solum
1093 1993 1198 2076 figura
1212 2013 1313 2074 corpo-

232 2089 274 2151 ris
291 2090 413 2156 Christi
428 2116 434 2168 ;
457 2114 543 2175 ergo.

275 2207 310 2272 3⁰
327 2195 550 2260 Confirmatur
565 2199 624 2280 (A)
640 2220 683 2261 ex
700 2199 963 2279 inscriptionibus
978 2201 1134 2282 antiquis,
1147 2201 1228 2262 inter
1242 2218 1313 2280 quas
1356 2241 1357 2291 ,

232 2299 398 2380 praecipua
414 2311 464 2364 est
480 2321 555 2382 quae
572 2303 603 2363 in
621 2301 788 2383 epitaphio
800 2300 934 2364 Abercii
947 2313 1094 2365 recenter
1111 2303 1241 2365 inventa
1253 2311 1314 2374 est;

234 2399 394 2465 Abercius
432 2404 604 2486 siquidem,
635 2405 820 2487 Episcopus
854 2405 1074 2487 Hieropoleos
1112 2407 1145 2468 in
1178 2405 1313 2486 Phrygia,

232 2515 377 2566 exeunte
393 2527 466 2570 saec.
485 2509 528 2582 11,
544 2527 676 2570 carmen
701 2506 840 2571 dietavit
864 2527 962 2588 super
977 2508 1144 2571 tumulum
1161 2527 1252 2571 suum
1273 2507 1312 2566 in·
1355 2501 1356 2553 l

233 2602 452 2680 scribendum,
469 2607 500 2668 in
518 2627 585 2688 quo
601 2607 721 2688 legitur
739 2627 746 2670 ε
773 2608 900 2669 “Fides
917 2628 995 2671 vero
1011 2610 1134 2692 ubique
1157 2611 1233 2673 mihi
1253 2611 1312 2670 dux

234 2702 303 2778 fuit,
316 2708 522 2790 praebuitque
534 2712 656 2793 ubique
668 2710 780 2773 cibum
795 2708 880 2792 ι’χθυν
896 2709 1051 2792 (piscem)
1068 2733 1086 2774 e
1104 2713 1195 2776 fonte
1216 2715 1313 2794 ingen·

233 2814 310 2882 tem,
326 2831 453 2890 purum,
469 2833 567 2893 quem
590 2811 764 2894 prehendit
781 2812 874 2892 virgo
897 2812 1025 2876 illibata
1040 2814 1201 2894 deditque
1216 2809 1314 2872 amicis
1354 2799 1355 2810 ³

233 2924 392 2992 perpetuo
421 2917 597 2992 edendum,
625 2917 738 2978 vinum
770 2917 936 2996 optimum
968 2915 1107 2990 habens,
1140 2915 1313 2978 ministrans

234 3014 376 3078 mixtum
394 3017 590 3096 (levinum
608 3023 693 3100 aquit
712 3019 872 3097 mixtum)
889 3039 964 3080 cum
984 3017 1105 3098 pane”.
1144 3017 1206 3081 Cui
1221 3013 1314 3076 affinis

233 3126 282 3179 est
306 3121 511 3202 epigramma
535 3122 842 3205 Augrrsloduueusir
865 3122 1016 3196 Peiiorii,
1039 3122 1071 3183 in
1096 3141 1164 3204 quo
1187 3121 1314 3201 legitur:

233 3223 248 3248 “
261 3219 442 3285 Salvatoris
459 3223 648 3288 sanetorum
666 3245 801 3288 suavem
819 3244 913 3286 sume
927 3223 1056 3299 cibum;
1080 3225 1243 3286 manduca
1254 3239 1314 3282 esu·

233 3322 328 3398 riens,
344 3325 467 3406 piscem
487 3326 570 3408 ίχθυν
586 3339 704 3394 tenens
721 3329 875 3392 manibus
886 3329 910 3392 ''.

275 3425 335 3507 (B)
382 3429 436 3490 Ex
449 3430 599 3510 piiiuris,
611 3431 731 3511 quibus
749 3431 958 3494 Eucharistia
975 3430 1165 3512 frequenter
1181 3431 1212 3492 in
1229 3429 1313 3492 Cata·

258 3573 405 3580 --—--—

268 3649 274 3670 ¹
290 3651 396 3705 Similia
416 3653 546 3722 leguntur
558 3653 633 3720 apud
648 3654 679 3706 S.
699 3651 800 3720 Cyrill.
818 3655 957 3708 Hierosol.
974 3653 1101 3722 (Catech.
1121 3651 1311 3722 5nrystagog·l

233 3739 263 3790 S,
273 3741 338 3806 Jou.
358 3743 561 3794 Hurrruscenum
576 3740 622 3809 qui
643 3741 690 3806 (de
704 3741 759 3794 fide
772 3742 882 3794 orthod.
897 3743 914 3795 l.
928 3742 978 3807 IV,
992 3757 1015 3794 c.
1035 3741 1076 3807 13)
1090 3742 1129 3794 ait
1148 3761 1153 3796 :
1174 3741 1195 3766 “
1206 3738 1313 3793 Acceda-

233 3839 293 3878 mus
307 3828 343 3879 ad
357 3845 421 3880 eum
434 3829 543 3881 ardenti
557 3827 706 3894 desiderio,
723 3829 943 3898 compositisque
962 3827 989 3881 in
1008 3828 1098 3882 crucis
1112 3829 1230 3882 sormam
1242 3823 1312 3880 mani·

233 3910 292 3977 bus,
309 3915 438 3982 crucfirz'
448 3919 547 3983 corpur
559 3917 745 3983 suscipiamus
753 3917 774 3968 ⁴³.

267 4005 277 4026 ²
289 3999 351 4065 Quo
365 4015 448 4052 sensu
462 4001 547 4053 etiam
561 4001 628 4054 dicit
641 4003 774 4070 Origenes
785 4003 871 4066 (hom.
882 4004 956 4055 xlii
974 4003 1001 4055 in
1016 4003 1122 4068 Exod.)
1137 4022 1142 4056 :
1164 4003 1255 4056 “Cum
1267 4015 1312 4052 sus·
1349 4059 1350 4072 ἵ

234 4081 325 4148 cipitis
339 4101 439 4151 corpus
454 4084 566 4147 Christi,
583 4103 646 4140 cum
660 4087 736 4140 omni
754 4089 864 4141 cautela
876 4098 904 4142 et
919 4089 1098 4142 veneratione
1112 4091 1235 4154 servatis,
1246 4103 1277 4139 ne
1287 4101 1311 4136 es
1349 4075 1350 4125 l

234 4182 268 4217 eo
282 4185 378 4236 parum
393 4170 459 4238 quid
472 4171 592 4236 decidat,
604 4190 638 4226 ne
652 4174 807 4227 consecrati
822 4175 945 4228 muneris
956 4175 1062 4244 aliquid
1074 4175 1222 4230 dilabatur.
1252 4175 1310 4225 Reos

234 4252 309 4305 enim
323 4273 372 4308 vos
386 4254 508 4318 creditis,
523 4257 544 4308 si
560 4257 626 4326 quid
641 4259 706 4312 inde
721 4277 770 4328 per
783 4261 984 4329 negligentiam
997 4261 1111 4316 decidat
1119 4263 1140 4316 ''.
