2770 4652
40 147 59 182 p
233 195 290 248 1)ss
308 195 600 247 munuum:
619 189 917 245 sncRAMau'rO.
1058 187 1129 239 ⁴80

45 377 93 439 bet
107 376 210 440 fidelis
227 377 260 440 id
276 386 435 460 praestare
451 376 572 458 possit;
596 371 753 454 Apostoli
771 371 832 453 ipsi
849 371 882 434 id
895 368 966 452 jam
983 367 1129 432 fecerant

43 480 263 560 praedicand0;
296 500 376 561 ergo
400 499 465 541 non
484 479 594 561 agitur
608 479 651 540 de
667 476 913 557 praedicatione,
935 473 992 536 sed
1015 473 1057 536 de
1080 491 1129 535 re-

44 583 189 646 missione
205 593 428 666 peccatorum.

43 681 86 762 (b)
101 683 153 744 Ex
177 684 252 764 ipso
274 693 370 757 textu,
395 682 532 745 verbum
558 681 647 744 enirn
668 674 861 741 remiseritis
876 673 935 757 (gr.
953 672 1062 757 ἀφῆτε)
1078 683 1129 737 est

41 782 183 860 aitivum,
200 795 234 848 et
250 784 351 848 talem
370 783 597 849 remissionem
611 780 784 864 significat,
794 799 870 862 quae
883 775 940 840 fiat
953 796 1011 858 per
1027 774 1128 840 attio·

41 908 107 948 nem
124 889 292 970 propriam
307 898 341 951 et
357 887 533 962 efficacem,
551 907 617 948 non
639 905 698 967 per
722 904 846 946 meram
867 882 1127 946 declarationem

40 991 232 1055 remissionis
252 991 322 1073 jam
347 988 462 1067 fatiam
496 988 711 1052 confirmatur
735 1007 779 1049 ex
803 987 867 1048 alia
885 1004 966 1047 voce
988 985 1129 1048 retinue-

39 1095 106 1155 ritis
129 1091 299 1179 (κρατῆτε),
322 1115 396 1176 quae
420 1093 541 1176 pariter
564 1087 730 1154 aiilonem
755 1089 932 1172 positivam
956 1089 1095 1151 denotat
1121 1113 1128 1152 :

39 1198 202 1260 nonenim
222 1197 374 1262 Christus
391 1197 480 1259 dixit
496 1201 511 1227 ‘⁸
529 1215 590 1256 non
618 1193 807 1255 remiseritis
819 1193 844 1267 ''‚
860 1191 949 1272 quod
968 1210 1056 1252 mere
1072 1211 1127 1253 ne·

37 1300 178 1378 gativum
195 1309 290 1375 esset,
305 1300 364 1363 sed
381 1297 591 1374 retinueritis,
605 1296 699 1378 quasi
716 1292 804 1358 adtio
819 1295 961 1378 positiva
977 1296 1128 1358 sacerdo·

37 1397 75 1457 tis
97 1398 320 1479 requireretur.
366 1397 515 1462 Aliunde
539 1395 572 1459 in
597 1395 744 1459 secundo
767 1394 873 1456 inciso
895 1391 1029 1455 additur
1051 1397 1128 1455 “re-

37 1499 208 1561 mittuntur
221 1500 276 1576 eis,
292 1509 413 1563 retenta
428 1498 541 1574 sunt”,
552 1499 642 1581 quod
660 1497 807 1580 quidem,
821 1496 920 1578 juxta
943 1497 1032 1578 ipsos
1050 1498 1127 1560 Pro·

38 1610 198 1676 testantes,
216 1602 305 1666 idem
332 1612 429 1665 sonat
453 1622 491 1665 ac
514 1622 587 1664 uere
609 1601 823 1662 remittuntur
836 1598 886 1663 vel
911 1620 984 1663 uere
1006 1609 1129 1663 retenta

35 1713 144 1776 sunt¹,·
177 1723 266 1786 erg0,
281 1705 312 1766 vi
339 1704 561 1787 parallelismi,
579 1705 688 1786 priora
715 1704 816 1766 verba
838 1703 1037 1778 remiseritis,
1053 1703 1129 1766 reti-

37 1807 167 1868 nueritis
180 1808 299 1870 eodem
317 1828 415 1871 sensu
428 1808 568 1890 intelligi
580 1809 727 1871 debent:
750 1827 817 1889 quo
827 1808 917 1870 enim
931 1807 1003 1888 jure
1020 1808 1128 1872 remit-

37 1919 94 1969 tere
110 1911 142 1970 in
159 1911 258 1992 priori
276 1910 381 1973 inciso
391 1909 579 1992 significare
590 1911 712 1973 dicitur
723 1909 888 1972 declarare
901 1910 1128 1986 remissimrem,

36 2013 117 2074 etin
141 2013 315 2094 posteriori
340 2033 415 2076 vere
439 2015 624 2076 remittere?
648 2013 812 2089 Tandem,
828 2014 858 2076 vi
882 2013 981 2093 hujus
1005 2023 1128 2090 textus,

36 2134 70 2175 ea
93 2125 143 2178 est
166 2116 286 2180 relatio
310 2117 396 2180 inter
419 2117 646 2180 remissionem
664 2127 877 2198 peccatorum
895 2117 938 2179 ab
955 2116 1128 2198 Apostolis

36 2228 107 2278 eta
136 2217 211 2282 Deo
236 2216 368 2296 fatiam,
396 2231 432 2282 ut
460 2220 735 2302 quotiescumque
761 2217 918 2301 Apostoli
945 2219 1126 2296 remittunt,

37 2318 115 2382 Deus
128 2322 293 2398 remittat;
317 2323 408 2404 atqui
426 2323 501 2385 talis
519 2343 626 2386 nexus
643 2323 728 2386 bene
745 2324 880 2404 quidem
897 2321 1086 2404 explicatur
1101 2322 1128 2384 si

37 2420 184 2502 Apostoli
201 2428 279 2488 vera
296 2423 453 2488 facultate
471 2425 663 2488 remittendi
680 2426 858 2506 gaudeant,
875 2445 941 2488 non
965 2434 1076 2488 autem
1101 2426 1127 2487 si

36 2524 134 2588 solum
150 2537 353 2608 potestatem
370 2527 514 2591 habeant
527 2527 729 2610 praedicandi
747 2529 984 2607 remissionem,
1008 2528 1128 2592 salsum

35 2639 77 2690 est
100 2631 188 2693 enim
216 2633 339 2694 remitti
366 2642 504 2714 peccata
530 2634 808 2714 quotiescumque
832 2653 947 2696 eorum
979 2633 1129 2696 remissio

35 2735 234 2812 praedicatur.
274 2735 365 2816 Ergo
383 2745 453 2799 tum
470 2756 514 2798 ex
532 2747 629 2800 textu
647 2747 717 2800 tum
731 2758 775 2800 ex
792 2747 953 2800 contextu
965 2737 1129 2799 catholica

34 2833 256 2920 interpretatio
272 2847 413 2903 constat.

73 3005 116 3069 19.
165 3002 201 3050 20
221 2989 345 3052 Tradit.
391 2990 450 3070 (A)
465 2991 520 3053 Ex
534 2991 757 3053 controversiis
770 2973 845 3052 curn
860 2989 1079 3051 Montanistis
1095 3000 1128 3053 et

34 3088 226 3155 Novatianr's
240 3095 324 3174 (saec.
340 3093 373 3156 Il
389 3103 422 3157 et
438 3095 524 3176 llI);
541 3095 594 3156 isti
608 3095 695 3156 enim
715 3114 780 3156 non
795 3093 964 3175 negabant
981 3103 1127 3176 potesta·

35 3199 94 3255 tem
111 3195 272 3258 Ecclesiae
297 3197 401 3259 inesse
425 3207 637 3278 peccatorum
663 3197 891 3260 remissionem
916 3199 1128 3279 praedicandi,

35 3297 85 3356 sed
102 3297 208 3379 ipsam
226 3307 428 3379 potestatem
445 3301 635 3363 remittendi
660 3310 797 3382 peccata
814 3298 863 3362 vel
889 3301 1058 3381 negabant
1074 3299 1125 3361 vel

40 3431 86 3440 Q
479 3437 865 3444 0—————
874 3436 1115 3444 -—--——

64 3491 275 3552 ¹Protestantes
289 3499 365 3552 enim
376 3499 415 3553 ita
425 3499 548 3553 reddunt
558 3500 674 3568 praesata
684 3501 771 3555 verba
785 3519 790 3554 :
812 3501 827 3527 ‘⁴
839 3501 948 3568 Quibus
957 3499 1127 3568 praedicave-

35 3580 87 3635 ritis
101 3585 297 3639 remissionem
310 3595 500 3655 peccatorum,
509 3597 626 3657 peccata
639 3605 703 3642 vere
718 3587 925 3642 remittuntur”.
956 3587 1032 3640 Addi
1042 3587 1127 3641 etiam

36 3679 119 3732 potest
132 3673 207 3726 hanc
220 3673 431 3742 expressionem
440 3675 580 3728 remittere
588 3679 702 3744 peccata
715 3675 813 3730 nullibi
827 3676 856 3729 in
866 3675 1009 3744 Scriptura
1022 3674 1127 3742 signifi·

35 3769 92 3810 care
100 3759 257 3826 predicare
269 3761 459 3813 remissionem
470 3765 655 3828 peccatorum,
669 3762 720 3815 sed
733 3779 749 3816 e
763 3773 862 3816 contra
875 3777 989 3816 sensum
1008 3778 1024 3814 a
1044 3759 1127 3814 nobis

36 3844 186 3910 expositum
206 3845 354 3911 exhibere3
382 3865 408 3900 v.
425 3864 452 3916 g.
468 3865 512 3917 ap.
529 3849 680 3915 Mars-vl,
700 3864 740 3914 14,
757 3849 858 3917 legitur
877 3867 882 3902 ι
912 3846 941 3902 Si
960 3848 1128 3900 dimiseritis

36 3925 189 3986 hominibus
203 3943 320 4002 peccata
333 3949 440 4000 eorum,
450 3934 575 3987 dirm'ttet
584 3947 611 3988 et
625 3936 706 3989 vobis
717 3937 801 3988 Pater
815 3947 907 3989 vester
920 3936 1045 3990 coelestis
1059 3934 1128 3988 deli·

36 4010 77 4066 tta
95 4029 188 4072 vestra
198 4015 220 4070 ¹'.
259 4019 331 4088 Quis
349 4029 444 4074 autern
464 4020 581 4089 praefata
600 4022 686 4076 verba
705 4021 745 4076 ita
764 4021 881 4076 reddere
900 4022 1039 4076 audebit:
1070 4021 1128 4074 “Si

36 4104 249 4168 praedicaveritis
261 4107 424 4162 hominibus
438 4106 633 4163 remissionem
647 4119 827 4178 peccatorum
840 4125 946 4172 eorum,
962 4107 1129 4176 praedicabit

37 4195 61 4238 et
78 4191 154 4244 vobis
174 4193 259 4246 Pater
277 4203 369 4248 vester
387 4195 582 4249 remissionem
609 4207 789 4264 peccatorum
809 4207 963 4250 vestrorum
973 4196 1002 4248 ''?
1042 4195 1129 4262 igitur

38 4276 129 4331 modus
142 4279 277 4348 loquendi
292 4279 443 4350 Scripturae
456 4293 561 4337 nostrae
574 4283 650 4337 iavet
664 4282 897 4352 interpretationi.
