2758 4652
241 187 295 238 DE
314 188 608 239 POEutrEurtAE
628 185 928 240 SACRAMENTO.
1066 183 1133 235 55³

31 369 203 434 asserebat
223 373 424 434 conveniens
445 373 591 454 quidem,
607 392 674 434 non
691 381 801 434 autem
820 367 1041 432 necessarium
1061 383 1133 428 esse

31 473 72 534 ad
96 473 305 537 validitatem
328 474 555 551 absolutionis,
576 486 612 539 ut
629 475 799 538 consessor
813 469 1043 556 jurisdictione
1062 469 1133 552 pol·

31 573 121 639 leret.

71 707 145 775 107.
193 700 293 759 Tnesr's
303 724 314 758 .·
336 699 473 764 Praeter
486 704 708 778 potestatem
723 699 858 765 ordinis
873 697 1075 779 requiritur,
1087 695 1134 759 ad

29 793 186 858 validam
201 795 479 876 absolutionem,
495 802 661 876 potestas
675 797 947 878 jurisdictionis,
962 813 1043 874 qua
1062 811 1133 858 non

28 890 206 970 accipitur
229 892 263 954 vi
286 893 401 956 solius
422 893 667 974 ordinationis,
691 895 756 960 sed
777 895 1002 975 superiorum
1023 892 1133 957 eccle·

28 984 261 1052 siasticorum
276 990 520 1056 concessione.

74 1083 143 1150 108t
190 1086 304 1162 Prius,
319 1088 475 1152 videlicet
493 1087 758 1170 jurisdictionem
775 1091 816 1153 ad
834 1090 980 1153 validam
1001 1087 1133 1150 absolu-

28 1187 158 1251 tionem
182 1189 313 1270 requiri,
328 1210 349 1252 a
369 1189 559 1254 Tridentino
580 1193 665 1276 (cap.
682 1195 717 1276 7)
740 1194 898 1275 explicite
921 1191 1132 1255 declaratur:

27 1289 227 1370 “Quoniam
241 1301 360 1356 natura
373 1302 407 1356 et
423 1294 507 1356 ratio
518 1294 635 1373 judicii
652 1295 731 1358 illud
745 1295 908 1377 exposcit,
919 1303 956 1356 ut
967 1290 1133 1354 sententia

28 1391 60 1454 in
79 1393 232 1458 subditos
248 1396 428 1459 dumtaxat
445 1396 576 1472 seratur,
587 1417 780 1479 persuasum
794 1417 925 1479 semper
937 1396 969 1458 in
984 1393 1132 1457 Ecclesia

28 1495 91 1558 Dei
110 1495 182 1572 fuit,
193 1507 228 1561 et
243 1499 452 1563 verissimum
468 1520 541 1564 esse
558 1499 716 1582 Synodus
732 1502 803 1565 haec
819 1499 994 1564 confirmat
1010 1497 1134 1558 nnllins

27 1599 184 1662 momenti
205 1600 449 1665 absolutionem
465 1623 540 1666 eam
557 1623 629 1666 esse
649 1603 779 1678 debere,
795 1622 896 1684 quam
921 1601 1074 1664 sacerdos
1099 1600 1131 1662 in

26 1722 104 1764 eum
133 1703 267 1784 profert,
295 1705 328 1767 in
353 1726 453 1786 quem
479 1707 680 1771 ordinariam
708 1716 765 1768 aut
792 1704 1045 1786 subdelegatam
1071 1723 1132 1764 non

25 1805 393 1886 habetsitrtsdiiiionem
404 1810 428 1871 ''.

73 1908 175 1970 Ratio
192 1908 291 1989 hujus
306 1909 422 1974 asserti
444 1911 637 1986 desumitur,
654 1921 690 1974 ut
711 1909 800 1973 reite
816 1910 917 1972 tradit
934 1908 1130 1982 Concilium,

27 2031 70 2072 ex
89 2011 161 2092 ipsa
178 2015 298 2076 natura
309 2014 537 2078 absolutionis.
584 2012 757 2094 Siquidem
775 2021 923 2094 potestas
941 2009 1131 2072 remittendi

26 2111 77 2172 vel
102 2111 267 2175 retinendi
291 2123 429 2195 peccata
451 2135 511 2197 per
526 2117 664 2179 modum
677 2113 805 2197 Jndicz'i
818 2123 1012 2189 exercetur;
1038 2112 1130 2194 atqui

26 2223 175 2294 potestas
194 2215 363 2296 judicialis
379 2217 489 2282 valide
512 2220 660 2283 exerceri
684 2218 799 2300 nequit
822 2218 885 2278 nisi
908 2217 940 2278 in
957 2216 1132 2289 subditum,

26 2319 41 2380 i.
55 2337 81 2378 e.
96 2317 128 2379 in
146 2337 223 2381 eum
240 2318 296 2400 qui
309 2319 431 2400 judicis
444 2319 634 2386 auctoritati
650 2342 707 2385 seu
722 2319 944 2402 jurisdictioni
960 2316 1129 2399 subicitus

26 2419 86 2482 tuit
113 2421 155 2483 ab
175 2441 217 2483 eo
237 2423 293 2504 qui
314 2433 517 2505 potestatem
538 2425 660 2502 habet;
691 2424 777 2487 sicut
801 2425 833 2486 in
861 2423 957 2485 rebus
978 2422 1130 2486 civilibus

26 2545 91 2586 non
118 2523 258 2605 quilibet
283 2526 389 2606 judex
414 2529 598 2610 quamlibet
623 2549 757 2592 causam
784 2547 984 2608 cognoscere
1011 2534 1131 2608 potest,

25 2629 82 2690 sed
109 2626 322 2693 solummodo
347 2650 403 2692 eas
428 2652 545 2694 causas
570 2653 645 2715 quae
668 2631 827 2714 explicite
849 2631 900 2692 vel
926 2629 1086 2712 implicite
1112 2649 1132 2690 a

25 2729 176 2812 legitimo
188 2733 357 2814 superiore
368 2735 583 2816 assignantur
596 2757 603 2812 ;
626 2755 720 2798 secus
733 2735 821 2797 enim
836 2734 964 2815 judices
981 2733 1130 2796 indiscri-

25 2834 177 2896 minatim
209 2834 376 2916 quaslibet
406 2857 523 2900 causas
549 2835 739 2912 tractarent,
760 2837 851 2900 nulla
884 2844 972 2898 esset
1000 2835 1130 2898 inserio·

26 2957 97 3000 nrm
123 2957 162 2999 ac
187 2940 394 3020 superiorum
420 2940 659 3015 subordinatio,
680 2942 738 3003 sed
767 2951 858 3003 totus
881 2938 1020 3020 justitia:
1048 2938 1130 3001 ordo

25 3039 220 3103 turbaretur.
253 3040 308 3103 Ex
333 3041 396 3105 hoc
423 3043 546 3124 pariter
571 3042 710 3124 intelligi
740 3043 837 3105 datur
863 3061 921 3104 cur
944 3039 1131 3121 jurisdictio

27 3141 56 3204 in
83 3143 201 3206 ceteris
223 3146 440 3208 sacramentis
465 3145 506 3207 ad
533 3146 668 3220 licitam,
690 3165 756 3208 non
778 3155 890 3208 autem
917 3145 958 3206 ad
982 3143 1127 3207 validam

26 3245 349 3309 administrationem
367 3247 561 3327 requiratur,
571 3248 651 3310 dum
665 3248 707 3309 ad
720 3247 865 3311 validam
882 3247 1126 3310 absolutionem

27 3348 210 3410 necessaria
235 3358 310 3412 est:
342 3349 407 3412 alia
429 3351 517 3412 enim
541 3360 750 3413 sacramenta
774 3371 833 3432 per
853 3351 989 3413 modum
1012 3349 1128 3430 judicii

28 3471 89 3514 non
117 3451 341 3529 conseruntur,
366 3473 427 3516 nec
456 3455 596 3536 proinde
623 3452 888 3536 jurisdittionem
923 3474 967 3516 ex
1001 3473 1037 3516 se
1072 3474 1128 3535 po-

28 3555 160 3618 stulant.
620 3581 624 3590 ·

67 3675 136 3739 109.
182 3657 352 3722 Posterius
372 3669 493 3737 autern,
510 3660 665 3723 videlicet
687 3661 770 3724 hanc
780 3659 1044 3742 sitrisditiionem
1067 3681 1128 3722 non

28 3760 164 3840 conferri
178 3761 216 3823 vi
228 3762 328 3824 solans
342 3763 569 3839 ordinationis,
583 3763 642 3826 sed
653 3763 854 3844 superiorum
870 3762 1068 3838 concessione,
1083 3783 1127 3825 ex

28 3860 90 3940 jam
118 3864 269 3944 probatis
296 3866 453 3948 sequitur.
510 3867 598 3929 Nam
632 3865 663 3928 Τ
660 3865 861 3928 rr'dnitinnrn
886 3865 919 3946 (l.
945 3866 995 3947 c.),
1019 3866 1128 3928 decla·

31 3969 129 4030 rando
152 3966 397 4030 absolutionem
420 3969 612 4042 sacerdotis,
632 3966 862 4048 jurisdictione
885 3969 1036 4044 carentis,
1057 3989 1129 4032 esse

32 4070 146 4132 nullius
160 4070 323 4134 momenti
337 4089 394 4133 seu
406 4069 536 4144 valoris,
546 4072 706 4153 supponit
718 4090 816 4152 posse
828 4090 901 4133 esse
912 4073 1129 4147 sacerdotem,

32 4174 81 4253 qui
99 4169 332 4254 jurisdittione
347 4183 479 4250 careat;
505 4175 598 4255 atqui
619 4175 646 4235 si
664 4171 852 4254 jurisdittio
868 4174 901 4237 vi
923 4174 1025 4238 solius
1041 4174 1128 4239 ordi·
1200 4155 1204 4166 ⁵

34 4275 170 4339 nationis
198 4277 441 4350 concederetur,
468 4277 576 4339 amitti
604 4296 671 4338 non
699 4287 821 4358 posset,
848 4297 950 4359 quum
980 4286 1129 4358 potestas
