2758 4652
233 161 289 212 DE
310 163 603 216 mmmmm
622 164 920 216 SACRAMENTO.
1059 162 1119 213 551

32 337 156 396 audirent
168 340 380 412 confessiones,
398 353 429 400 ut
442 342 579 400 videlicet
599 354 772 415 peccatores
791 342 951 401 excitarent
964 341 1003 400 ad
1015 340 1123 400 contri·

32 425 131 483 tionem
145 445 152 496 ;
170 427 254 498 quod
267 427 364 486 inferri
379 439 477 501 potest
490 447 526 488 ex
540 429 656 500 Odom's,
667 431 801 503 episcopi
816 429 995 500 Parisiensis,
1009 428 1124 486 statutis

32 515 123 583 (1197),
142 513 194 572 ubi
214 515 356 586 legitur¹:
382 516 487 573 “Item
511 516 685 588 prohibetur
706 516 839 576 districte
862 535 900 576 ne
921 516 1040 577 diaconi
1063 516 1124 574 ullo

32 601 113 657 modo
134 601 258 660 audiant
279 603 490 673 consessiones,
512 603 568 662 nisi
588 605 618 660 in
641 605 806 662 arlir'ssimd
824 605 1004 674 necessr'tale,·
1027 605 1125 662 claves

30 688 102 744 enim
115 692 174 746 non
189 688 310 760 habent,
326 708 375 747 nec
380 698 504 762 possunt
515 691 656 748 absolvere
664 691 688 748 '’.

62 774 174 833 Eodem
188 775 249 833 sere
261 776 354 835 modo
367 777 530 849 explicatur
541 795 639 834 canon
653 777 730 834 circa
743 779 821 836 tures
834 789 864 838 et
876 779 1017 849 latrones;
1030 795 1123 850 quum

30 861 161 920 vulnerati
182 873 280 920 essent
298 881 333 921 ac
352 863 492 922 deficeret
511 865 657 936 sacerdos,
674 865 808 924 confiteri
829 877 952 938 peccata
970 884 1023 924 sua
1035 865 1125 923 debe·

30 949 95 1007 bant
113 949 252 1016 diacono,
272 961 434 1022 antequam
453 952 698 1010 communionem
718 954 895 1026 acciperent,
919 963 950 1010 ut
970 953 1009 1010 ab
1032 969 1068 1010 eo
1087 951 1126 1009 ad

29 1036 229 1094 contritionem
244 1037 447 1095 excitarentur.

60 1159 113 1214 105.
152 1144 192 1213 (b)
205 1143 310 1201 Medio
321 1161 385 1202 aevo
397 1145 520 1202 invaluit
533 1163 602 1202 usus
617 1157 648 1203 ut
662 1147 692 1202 in
706 1145 838 1218 periculo
849 1144 959 1215 mortis,
968 1146 1125 1204 deficiente

28 1231 184 1298 sacerdote,
197 1230 346 1288 confessio
364 1232 446 1288 laicis
465 1231 564 1304 fieret3
583 1234 661 1289 banc
679 1232 790 1304 praxim
810 1232 1061 1295 commendarunt
1073 1232 1125 1290 do-

28 1317 144 1374 ctissimi
158 1317 298 1388 theologi,
314 1316 376 1375 imo
394 1319 458 1389 ejus
477 1319 682 1376 necessitatem
702 1319 878 1389 docuerunt,
892 1337 918 1375 v.
932 1336 960 1391 g.
975 1319 1126 1390 Lanfran·

27 1400 94 1470 cufi,
108 1403 216 1460 Petrus
228 1403 409 1461 [oriebara'us
416 1417 433 1474 ³,
450 1404 521 1461 Rob.
535 1405 642 1462 Pullus
649 1406 668 1474 ⁴,
681 1405 820 1462 Albertus
831 1405 965 1477 Magnus
973 1416 992 1472 ³,
1008 1405 1039 1464 S.
1054 1405 1125 1462 Tho·

28 1487 110 1557 nras⁶,
125 1490 252 1562 aliique;
272 1507 342 1562 ergo
355 1491 443 1548 etiam
457 1492 522 1549 laici
536 1491 691 1550 absolvere
704 1501 836 1564 possunt.

59 1578 142 1649 Resp.
181 1577 264 1649 Nego
276 1595 440 1648 consequens
450 1585 478 1634 et
487 1580 729 1649 consequentiam·
747 1577 860 1650 praeiati
873 1578 953 1636 enim
969 1578 1124 1649 Doctores,

27 1665 144 1722 minime
163 1664 274 1723 docent
292 1663 383 1722 laicos
404 1674 581 1735 potestatem
602 1665 711 1723 babere
729 1663 913 1734 absolvendi,
932 1664 1067 1736 quamvis
1086 1675 1123 1722 te-

27 1763 121 1823 neant,
136 1753 166 1808 in
180 1769 249 1809 casu
264 1751 455 1818 necessitatis,
470 1752 541 1810 utile
553 1761 604 1808 aut
618 1753 816 1809 necessarium
836 1771 901 1810 esse
916 1764 1038 1826 peccata
1051 1753 1127 1810 laico

26 1839 164 1897 confiteri.
207 1838 296 1894 Hanc
309 1838 481 1911 opinionem
495 1849 683 1909 acceperunt,
699 1839 738 1896 ab
750 1839 872 1897 audiere
885 1838 950 1896 iibri
965 1839 1003 1898 de
1017 1840 1127 1897 verder

26 1928 93 1983 falsa
105 1926 289 1998 poenitentiai,
300 1925 351 1996 qui
364 1925 393 1982 S.
404 1925 569 1995 Augustino
582 1925 729 1984 immerito
739 1925 963 1984 adscribebatur
969 1946 977 1997 ;
988 1945 1024 1984 en
1038 1924 1128 1984 verba

28 2012 313 2084 Pseudo-Augustini
323 2021 350 2068 ⁷:
368 2013 384 2040 “
394 2011 454 2084 Qui
464 2013 526 2070 vult
535 2012 669 2070 confiteri
682 2025 804 2084 peccata
817 2023 849 2070 ut
862 2013 992 2071 inveniat
1004 2014 1127 2085 gratiam

26 2108 135 2170 quaerat
147 2098 331 2158 sacerdotem
352 2099 399 2169 qui
420 2099 492 2156 sciat
512 2099 602 2168 ligare
620 2109 649 2156 et
668 2099 814 2156 solvere...
856 2098 953 2156 Tanta
973 2100 1069 2171 itaque
1085 2100 1129 2157 arr's

25 2197 62 2242 cst
72 2185 259 2257 coirsessr'onia
277 2192 310 2240 ut
325 2186 354 2241 si
369 2185 444 2240 deest
459 2185 593 2255 sacerdos,
609 2185 780 2255 confiteatur
787 2186 956 2257 proximo...
996 2186 1059 2243 Etsi
1080 2185 1128 2244 ille

25 2275 70 2331 coi
89 2273 290 2340 confitebitur,
303 2280 469 2344 potestatem
491 2271 620 2328 solvendi
639 2288 696 2326 non
717 2271 829 2337 lrabeat,
848 2270 880 2328 fit
900 2282 998 2328 tamen
1022 2271 1127 2342 dignus

26 2361 109 2418 veniri
130 2379 166 2418 ex
187 2359 349 2416 sacerdotis
368 2357 525 2426 desiderio,
547 2356 597 2428 qui
617 2357 730 2414 crimen
749 2358 906 2417 confitetur
924 2359 1006 2417 socio
1017 2359 1042 2415 ''.
1084 2359 1129 2415 Ex

27 2465 83 2518 quo
112 2447 246 2518 sequitur
276 2445 366 2503 laicos
398 2455 545 2518 potestate
575 2443 750 2503 absolvendi
781 2463 887 2504 carere.
935 2447 1022 2504 Idem
1048 2455 1129 2505 tenet

27 2535 53 2592 S.
74 2534 199 2590 Thomas
212 2534 241 2603 (l.
258 2535 295 2602 c.)
314 2531 365 2590 ubi
384 2532 474 2590 dicit:
497 2533 515 2560 ‘⁴
526 2531 585 2589 Sed
604 2531 726 2602 quando
746 2533 905 2590 necessitas
921 2532 1065 2602 imminet,
1078 2533 1128 2591 de·

26 2621 73 2680 bet
87 2621 183 2678 facere
197 2619 345 2692 poenitens
358 2619 440 2692 quod
453 2637 489 2676 ex
503 2629 585 2690 parte
597 2617 650 2675 sua
663 2629 717 2684 est,
732 2619 844 2678 scilicet
857 2620 980 2690 conteri,
995 2630 1024 2678 et
1037 2619 1129 2677 conti·

24 2709 74 2764 teri
95 2705 143 2763 cui
164 2715 280 2778 potest;
298 2708 359 2777 qui,
380 2707 514 2777 quamvis
532 2714 742 2763 sacramentum
756 2708 892 2779 perficere
910 2726 966 2764 non
980 2708 1081 2780 possit,
1097 2719 1130 2766 ut

25 2794 111 2850 iaciat
130 2792 161 2850 id
180 2792 262 2864 quod
282 2808 318 2849 ex
336 2801 419 2864 parte
438 2792 599 2850 sacerdotis
613 2804 666 2860 est,
679 2792 897 2851 absolutionem
911 2794 1032 2864 scilicet,
1049 2794 1129 2851 defe-

24 2879 105 2936 ctum
125 2888 225 2936 tamen
245 2877 406 2936 sacerdotis
425 2896 559 2935 summus
578 2879 717 2938 sacerdos
736 2879 888 2952 supplet'’.
929 2880 1009 2936 Laici
1030 2880 1127 2950 igitur,

23 2967 95 3024 dum
116 2965 319 3022 confessiones
338 2964 500 3023 audiebant
520 2964 549 3021 in
569 2981 639 3020 casu
659 2965 851 3032 necessitatis,
868 2975 1014 3037 potestate
1033 2965 1129 3023 absol·

23 3054 111 3111 vendi
127 3071 186 3110 non
200 3051 391 3123 gaudebant3
409 3053 462 3110 sed
482 3051 618 3111 Christus
638 3051 710 3122 ipse,
726 3053 884 3110 occasione
903 3052 992 3122 hujus
1009 3051 1129 3111 humilis

23 3139 229 3208 consessionis,
243 3139 447 3197 remissionem
465 3148 655 3210 peccatorum
676 3137 752 3196 bene
771 3138 923 3210 dispositis
942 3137 1129 3212 impertieba-

23 3239 77 3284 tur.
121 3227 165 3283 Ex
185 3225 243 3283 hoc
266 3226 373 3296 pariter
393 3225 492 3282 inferri
513 3233 612 3296 potest
631 3234 776 3295 quantum
796 3226 961 3283 necessaria
982 3226 1130 3283 confessio

22 3310 189 3367 existimata
203 3309 298 3379 suerit,
314 3326 417 3380 quum,
432 3307 591 3366 deficiente
610 3309 773 3378 sacerdote,
789 3329 887 3368 coram
905 3313 981 3369 laico
995 3311 1130 3369 facienda

22 3397 179 3455 diceretur.

58 3485 111 3541 Nil
124 3484 252 3543 dicimus
264 3483 302 3541 de
315 3482 480 3551 abbatissis,
498 3500 565 3554 quae
583 3483 746 3556 aliquando
765 3494 942 3556 potestatem
957 3484 1130 3542 monialium

22 3571 228 3630 consessiones
240 3569 381 3628 audiendi
396 3571 574 3641 usurparunt
586 3590 593 3640 ;
612 3571 671 3627 hoc
684 3573 764 3628 enim
779 3583 922 3643 tanquam
940 3572 1087 3629 absonum
1100 3581 1129 3628 et

58 3756 65 3778 ¹
80 3751 169 3820 Apud
188 3751 296 3817 Mauri,
319 3750 417 3812 XXII,
439 3750 510 3817 653;
530 3748 578 3802 cfr.
593 3750 733 3815 Lemnia,
747 3767 773 3818 p.
788 3749 822 3802 88
842 3765 884 3817 sq.
900 3748 946 3801 ubi
967 3748 1056 3803 multa
1074 3749 1130 3802 alia

22 3841 197 3894 documenta
210 3835 346 3892 invenies.

57 3942 67 3971 ἰ
81 3928 128 3980 De
143 3925 271 3980 Celanda
283 3921 468 3990 consessione,
486 3939 531 3992 ap.
548 3923 648 3992 Mt'gme
662 3934 680 3976 t.
698 3937 755 3992 150,
769 3940 794 3992 p.
809 3925 861 3994 629
875 3941 916 3993 sq.

57 4025 68 4054 ³
82 4014 213 4066 Sentent.
229 4010 276 4064 lib.
293 4011 342 4076 1v,
355 4009 420 4063 dist.
440 4023 481 4074 17.

57 4118 67 4146 ι
82 4101 211 4153 Sentent.
226 4097 337 4163 lib.V1,
352 4113 412 4166 cap.
428 4109 470 4165 51,
485 4110 599 4163 3or·302
613 4113 656 4165 ap.
671 4098 782 4168 siligne,
798 4109 816 4152 t.
837 4097 895 4166 186,
909 4116 934 4167 p.
949 4099 1010 4169 897.

58 4186 118 4242 ⁶In
135 4185 176 4239 IV
191 4186 317 4240 Sentent.
336 4183 398 4238 dist.
417 4198 458 4250 17,
470 4195 521 4238 art.
541 4185 628 4254 58-59.

57 4273 68 4302 ⁶
79 4277 113 4328 In
126 4273 167 4328 1v
180 4274 257 4329 Sem.
269 4273 334 4328 dist.
345 4285 385 4339 17,
393 4290 418 4342 q.
429 4285 453 4339 3,
462 4289 486 4326 a.
501 4289 526 4342 3,
537 4274 587 4328 sol.
596 4289 659 4326 2.—
668 4271 843 4341 ⁷Ap.rilrg⁷ne
854 4272 883 4325 P.
897 4271 925 4324 L.
938 4281 956 4324 t.
968 4285 1010 4338 40,
1021 4291 1047 4343 p.
1056 4287 1100 4328 ιιι
1107 4285 1122 4339 3
