2780 4646
345 167 400 218 DE
418 167 579 218 onam
598 167 850 218 tremunt-1.
1080 158 1142 210 125

55 347 213 410 naturalis
231 369 252 409 a
277 348 349 430 Deo·
365 347 498 423 inditus,
514 347 683 428 disperiens
700 345 820 407 anima
828 340 1007 422 facultates
1026 338 1074 402 ad
1087 335 1144 398 cli-

53 451 169 513 cr'endos
190 453 282 514 attus
302 451 571 534 supernaturales.
617 447 747 510 Dicitur
767 445 816 525 (a)
838 443 971 505 habitus
990 449 1144 520 superna-

54 554 172 630 turnlrs,
189 575 245 617 seu
262 555 403 620 tendens
419 555 461 618 ad
480 552 578 616 finem
603 547 897 633 supernaturalem,
913 555 949 607 ut
965 544 1011 606 sic
1027 541 1072 606 ab
1086 541 1144 604 ha·

54 654 170 718 bitibus
187 677 274 719 mere
291 656 495 720 naturalibus
510 657 754 736 distinguatur;
777 649 828 731 (b)
843 670 864 710 a
879 648 947 710 Deo
962 645 1095 716 inditus,
1107 653 1144 706 ut

53 757 94 818 sie
109 760 332 842 distinguatur
347 759 390 822 ab
406 758 582 834 habitibus,
598 758 653 839 qui
675 775 733 836 per
749 750 842 817 aetus
859 750 1016 831 repetitos
1033 747 1143 828 acqui-

53 871 176 938 runtur;
201 862 248 942 (c)
264 863 454 943 desperans...
469 872 541 937 etc.;
565 861 615 921 his
631 857 739 920 verbis
756 855 945 918 indicantur
959 854 1048 915 duo:
1072 861 1143 914 tum

51 962 220 1040 subjettum
237 964 366 1027 illarum
382 965 542 1027 virtutum
559 982 601 1024 sc.
619 981 684 1023 non
702 958 845 1021 essentia
861 955 1060 1030 animae,sed
1073 951 1144 1033 ejus
1188 1023 1199 1032 ‚

53 1063 238 1143 facultates3
263 1074 334 1129 tum
351 1074 471 1128 natura
483 1065 684 1136 earumdem,
696 1081 771 1143 quae
784 1058 936 1122 consistit
952 1057 985 1120 in
1002 1055 1144 1136 eoquod

52 1169 218 1233 conferant
234 1172 419 1252 potentiam
437 1167 531 1232 aetus
547 1165 814 1249 supernaturales
837 1160 1023 1236 efficiendi;
1046 1168 1079 1222 et
1099 1158 1145 1222 ita

51 1273 146 1334 uirtus
170 1273 278 1336 infusa
301 1275 516 1356 distinguitur
538 1281 609 1335 tum
634 1269 677 1332 ab
700 1267 867 1330 habitibus
891 1262 1069 1344 acquisitis,
1088 1260 1145 1342 qui

51 1395 112 1436 non
126 1377 233 1439 solum
247 1378 444 1459 potentiam,
454 1377 512 1438 sed
525 1374 719 1438 facilitatem
732 1370 853 1452 agendi
866 1367 1056 1442 conserunt;
1072 1374 1144 1428 tum

53 1480 186 1558 agratit
203 1478 431 1543 sanctificante
447 1497 521 1560 quae
540 1476 668 1559 perficit
687 1476 793 1556 ipsam
817 1469 995 1534 essentiam
1015 1467 1145 1542 animae‚

53 1582 186 1644 sednon
203 1583 263 1646 dat
279 1581 471 1645 immediate
492 1582 677 1663 potentiam
699 1575 820 1658 agendi
835 1597 841 1652 ;
865 1593 922 1637 seu
939 1573 1012 1634 aliis
1027 1571 1144 1648 verbis,

53 1683 149 1747 virtus
173 1685 281 1749 inlusa
303 1696 353 1749 est
376 1684 508 1748 habitus
532 1683 722 1764 operativus,
738 1681 818 1744 dum
842 1677 950 1760 gratia
972 1674 1145 1740 habitualis

53 1796 97 1848 est
111 1786 244 1850 habitus
260 1787 456 1850 entitativus.

93 1900 158 1967 175
204 1890 266 1972 (Β)
282 1891 432 1952 Virtutes
449 1888 566 1951 infusae
582 1887 724 1969 duplicis
740 1884 869 1967 generis
886 1890 982 1944 sunt:

55 1988 98 2068 (a)
119 1991 148 2052 T
144 1990 316 2073 lteologr'coe,
334 2011 473 2072 quarum
497 1987 665 2071 objeelum
689 1985 857 2049 rrzaterialt
879 1983 1071 2064 primarium
1095 1990 1145 2044 est

56 2090 140 2154 Deus
163 2093 456 2174 supernaturaliter
479 2093 645 2174 cognitus,
668 2099 702 2152 et
728 2084 896 2168 objectum
912 2084 1064 2165 formale,
1088 2103 1145 2146 seu

56 2196 217 2270 motivum,
240 2205 289 2258 est
316 2195 452 2276 aliquod
477 2193 550 2276 'ejus
579 2193 786 2257 attributum.
831 2190 914 2252 Tres
936 2197 1014 2250 sunt
1029 2211 1036 2250 ι
1050 2186 1145 2268 fides,

54 2307 121 2375 spes,
138 2305 171 2360 et
186 2297 316 2372 can'tas,
332 2300 374 2361 de
390 2298 510 2378 quibus
527 2298 604 2360 alibi
622 2296 749 2359 dicitur.

56 2399 97 2474 (b)
113 2399 267 2476 Morales,
277 2420 416 2481 quarum
434 2397 601 2480 objeetum
619 2396 787 2461 materiale
802 2405 852 2459 est
868 2394 1002 2476 aliquod
1020 2393 1144 2456 bonum

56 2511 201 2574 creatum,
225 2511 259 2564 et
285 2498 453 2581 objeelum
472 2501 616 2580 sornmle
640 2500 742 2580 ipsius
767 2497 861 2562 attus
886 2496 1145 2578 supernaturalis

57 2599 209 2666 honestas.
259 2603 329 2665 lllae
342 2604 479 2665 virtutes
493 2601 634 2665 morales
646 2602 687 2664 ad
702 2612 845 2684 quatuor
857 2601 1058 2664 reducuntur
1070 2619 1144 2680 quae

54 2717 206 2768 uocantur
228 2705 423 2782 cardinales,
438 2725 458 2768 a
476 2725 557 2768 voce
575 2704 671 2768 cardo
685 2705 827 2786 (ltingt),
842 2705 921 2785 quia
943 2711 1021 2767 sunt
1042 2702 1144 2764 veluti

56 2808 195 2871 cardines
211 2810 299 2872 circa
314 2829 398 2890 quos
414 2808 591 2871 volvuntur
607 2828 723 2870 omnes
742 2807 816 2869 aliae
839 2808 976 2869 virtutes
993 2805 1143 2868 morales.

57 2909 196 2991 Quatuor
214 2922 315 2975 sunt:
332 2911 519 2992 prudentia.
524 2912 672 2992 justitia,
679 2911 843 2990 fortitudo
865 2919 899 2972 et
923 2908 1145 2988 temperantia,

57 3013 92 3074 de
107 3015 222 3094 quibus
239 3014 350 3094 agitur
365 3015 397 3075 in
421 3013 451 3076 Τ
448 3035 473 3076 r.
490 3014 528 3074 dt
551 3013 741 3076 Virtutibus.

92 3147 153 3226 176.
199 3156 227 3206 2⁰
246 3148 343 3205 Ttesr's
358 3178 368 3210 .·
387 3146 551 3211 Virtutes
576 3145 881 3225 supernaturales,
907 3146 982 3210 sive
1006 3145 1144 3210 theolo-

57 3244 145 3322 gire,
169 3243 245 3308 sive
270 3241 435 3320 morales,
461 3243 697 3308 intunduntur
720 3244 756 3307 in
778 3244 857 3323 ipsa
873 3242 1142 3322 justificatione.

61 3339 176 3404 Certum
192 3351 240 3404 est
255 3341 338 3420 (imo
354 3341 395 3402 de
402 3340 474 3421 fide
483 3339 581 3420 juxta
593 3337 774 3425 quosdam)
789 3343 900 3422 quoad
914 3342 1051 3403 virtutes
1062 3342 1142 3403 tltto·

59 3443 171 3525 logicas,
198 3454 335 3525 propter
365 3443 621 3506 declarationem
653 3445 840 3508 Tridentini
874 3444 957 3505 infra
988 3444 1143 3521 relatam;

58 3549 256 3610 tormnunr'ter
270 3546 458 3607 admittitur
474 3565 534 3626 pro
550 3546 728 3608 virtutibus
743 3547 926 3609 moralibus.

95 3645 156 3732 (A)
174 3646 350 3727 Scripturd
373 3667 439 3709 non
460 3648 618 3729 probatur
641 3649 786 3729 quidem,
802 3649 859 3712 sed
878 3649 1071 3722 insinuatur,
1087 3648 1142 3712 ubi

59 3749 188 3812 dicitur:
219 3755 236 3782 ‘⁴
251 3749 296 3811 Et
324 3749 470 3814 auleram
498 3769 554 3812 cor
581 3750 748 3833 lapideum
772 3751 814 3812 dc
838 3771 936 3813 carne
964 3770 1087 3826 eorum,
1110 3761 1144 3813 et

59 3852 133 3914 dabo
155 3853 202 3914 eis
226 3872 282 3916 cor
306 3872 480 3914 carneum:
505 3863 541 3916 ut
566 3854 596 3914 in
621 3855 795 3934 praeceptis
813 3853 895 3915 meis
912 3852 1093 3930 ambulent,
1110 3863 1144 3915 et

56 3952 166 4030 judicia
190 3974 265 4016 mea
289 3956 487 4030 custodiant,
504 3954 693 4034 faciantque
717 3975 763 4030 ea,
781 3963 813 4018 ct
835 3956 900 4018 sint
923 3954 1003 4017 mihi
1027 3956 1060 4020 in
1085 3976 1142 4037 po·

59 4058 169 4136 pulum,
192 4068 225 4121 et
254 4077 317 4140 ego
341 4058 403 4120 sim
428 4058 532 4120 eisin
557 4059 667 4120 Deum
679 4059 741 4136 ”¹;
772 4059 873 4138 atqui,
896 4059 981 4122 sicut
1008 4059 1143 4121 nomine

90 4254 95 4276 ¹
109 4243 204 4301 Erech.
218 4246 270 4315 Xl,
287 4261 372 4316 19-20.
