2780 4646
701 154 841 206 CAPUT
857 155 921 204 111.

256 331 440 395 salvatione
464 333 609 410 alterius,
624 335 701 399 licet
724 337 926 418 quandoque
948 336 1054 418 possit
1076 335 1198 398 habere
1220 333 1339 415 impedi·

255 446 405 499 mentum
423 457 466 499 cx
483 449 577 518 parte
593 439 679 502 illius
695 439 787 521 cujus
803 440 921 521 aliquis
938 436 1072 501 santius
1084 435 1338 518 justificationem

254 539 421 603 desiderat
434 541 458 603 ”.

296 653 369 720 204.
418 656 452 722 5⁰
467 644 588 726 Quoad
613 646 694 709 bona
717 645 914 727 temporalia,
936 645 963 706 si
986 642 1237 706 considerentur
1257 649 1339 722 prout

254 744 350 806 utilio
365 755 444 808 sunt
457 745 653 810 adsalutem
674 757 707 810 et
727 749 769 810 ad
788 768 891 830 opera
906 748 1076 821 virtutum,
1091 741 1216 808 diredie
1229 753 1261 806 et
1274 743 1338 804 sirn-

254 848 382 928 pliciter
396 850 521 911 cadunt
537 850 599 912 sub
615 849 749 930 objetio
770 850 887 924 meriti,
903 850 988 912 sicut
1012 850 1121 930 ipsum
1138 855 1337 926 augmentum

253 953 369 1032 gratiae
383 973 390 1027 ;
417 952 444 1012 si
461 972 539 1014 vero
555 953 807 1015 considerentur
821 951 995 1014 secundum
1010 972 1052 1026 se,
1068 970 1134 1012 non
1154 947 1274 1010 cadunt
1287 947 1338 1008 sub

253 1055 380 1129 merito,
396 1075 498 1136 quum
514 1055 666 1119 similiter
682 1056 778 1118 bonis
794 1075 833 1118 ac
850 1054 945 1116 malis
961 1055 1197 1116 concedantur.

606 1197 802 1254 corollarium
811 1193 973 1268 prolir'cum
982 1197 999 1251 ¹.

284 1327 342 1383 ²⁰5·
383 1313 460 1386 Quae
485 1332 578 1386 quum
605 1315 644 1373 ita
670 1316 737 1386 sint,
761 1316 836 1373 dum
866 1324 986 1384 tempus
1016 1311 1172 1380 habemus,
1197 1323 1337 1383 operemur

250 1401 372 1470 bonum,
384 1401 454 1472 quia
468 1418 526 1458 nox
539 1402 620 1459 venit
634 1402 662 1458 in
676 1404 733 1473 qua
747 1420 837 1460 nemo
851 1399 1000 1458 meritorie
1013 1407 1160 1470 operatur.
1197 1397 1250 1454 Per
1260 1413 1333 1460 mare,

250 1505 302 1559 per
320 1497 419 1556 terras,
440 1505 492 1558 per
511 1489 680 1545 innumeras
700 1487 889 1546 difficultates
909 1495 1054 1543 mercator
1072 1484 1161 1541 currit
1180 1483 1219 1541 ad
1236 1499 1334 1548 aumm,

249 1570 423 1630 ambitiosus
442 1573 481 1630 ad
501 1573 648 1632 honorum
668 1574 792 1645 fastigia,
808 1591 864 1630 nec
877 1589 995 1643 semper
1013 1571 1100 1629 datur
1113 1569 1277 1643 pervenire;
1294 1585 1336 1639 pro

249 1659 368 1716 modica
383 1659 543 1730 praebenda
556 1678 665 1732 magna
677 1661 802 1718 curritur
813 1659 869 1727 via,
879 1675 933 1730 pro
944 1659 1002 1716 vita
1011 1659 1122 1716 aeterna
1131 1657 1179 1714 vix
1190 1673 1267 1729 pesa
1276 1655 1336 1712 terri

249 1745 373 1802 levatur!
394 1747 534 1804 Attamen
555 1764 615 1816 non
636 1757 704 1804 sunt
720 1746 880 1817 condignae
894 1747 1047 1818 passiones
1059 1745 1148 1817 hujus
1160 1743 1296 1816 temporis
1306 1740 1335 1798 ad

248 1831 376 1888 suturam
387 1832 509 1902 gloriam
520 1850 587 1904 quae
597 1833 775 1891 revelabitur
785 1833 815 1890 in
825 1833 929 1890 nobis:
944 1832 1093 1904 siquidem
1107 1843 1334 1889 momentaneum

248 1929 276 1975 et
297 1917 362 1974 leve
384 1917 582 1976 tribulationis
605 1930 713 1976 nostrae
734 1930 876 1977 aeternum
900 1919 1001 1990 gloriae
1023 1919 1144 1990 pondus
1164 1931 1296 1990 operatur
1313 1914 1334 1969 in

248 2005 355 2077 nobis;
374 2006 435 2062 imo
455 2007 580 2078 quilibet
601 2007 685 2064 attus
705 2017 826 2079 propter
845 2007 944 2064 Deum
963 2025 980 2064 a
997 2007 1078 2077 justo
1090 2005 1188 2064 satius
1201 2023 1302 2063 novum
1313 2013 1334 2058 et

247 2103 391 2150 aeternum
405 2093 506 2164 gratiae
519 2103 549 2150 et
558 2093 659 2164 gloriae
671 2094 795 2164 gradum
810 2093 935 2151 obtinet.

283 2177 329 2236 Ne
343 2178 512 2250 frangamur
526 2178 615 2250 igitur
627 2179 789 2246 laboribus;
806 2179 836 2236 in
850 2179 1001 2251 pressuris,
1017 2179 1046 2236 in
1060 2179 1202 2237 virtutum
1216 2177 1299 2251 praxi,
1312 2175 1335 2229 in
1376 2237 1377 2240 Ἴ

246 2263 326 2321 arcta
346 2265 449 2322 salutis
471 2265 517 2322 viri
539 2265 667 2323 animum
688 2285 725 2324 ne
745 2265 1009 2337 despondeanrus;
1030 2265 1140 2323 coelum
1164 2265 1333 2336 aspiciamus,

247 2349 459 2423 Christumque
473 2351 630 2408 nobiscum
645 2351 674 2407 in
688 2349 734 2406 via
746 2349 841 2406 crucis
859 2347 1103 2406 deambulantem
1118 2369 1124 2406 z
1145 2349 1259 2406 tristem
1274 2344 1333 2402 sola·

247 2437 332 2507 bitur,
355 2438 473 2495 infirmo
493 2439 669 2507 medebitur,
688 2438 841 2508 fatigatum
862 2436 982 2503 reficiet,
1001 2436 1121 2494 cadenti
1141 2453 1261 2493 manum
1279 2449 1333 2502 sup

247 2535 347 2596 ponet

283 2607 431 2664 Remanet
445 2607 533 2678 igitur
548 2619 578 2665 ut
593 2626 645 2680 per
657 2607 730 2664 bona
742 2615 836 2677 opera,
847 2606 992 2665 ferventes
1001 2609 1144 2666 orationes
1153 2619 1183 2666 et
1191 2623 1332 2664 sacrorum·
1375 2613 1376 2630 ³

249 2701 343 2750 torum
356 2694 506 2752 assiduam
521 2695 723 2766 receptionem
737 2693 872 2765 quotidie
883 2696 912 2751 in
922 2696 1015 2767 gratia
1025 2715 1201 2768 crescamus,
1214 2707 1245 2753 ut
1254 2696 1292 2752 sic
1302 2692 1332 2748 ad

248 2781 406 2838 fruendum
421 2780 514 2852 gloria
532 2781 730 2853 nosmetipsos
748 2799 948 2853 praeparemus
962 2805 967 2840 :
988 2784 1078 2858 “Qui
1091 2787 1187 2856 justus
1200 2794 1252 2848 est,
1265 2781 1331 2852 justi-

246 2869 349 2926 ficetur
370 2869 490 2927 adbuc:
516 2879 544 2926 et
568 2867 699 2936 sendus,
722 2867 922 2926 sanetibcetur
946 2870 1053 2929 adhuc.
1094 2871 1176 2929 Ecce
1200 2871 1290 2936 venio,
1309 2879 1330 2922 et

246 2975 360 3014 merces
373 2974 440 3014 mea
454 2973 571 3014 mecum
585 2967 636 3026 est,
651 2956 775 3014 reddere
789 2957 951 3030 unicuique
965 2955 1131 3015 secundum
1142 2973 1232 3029 opera
1242 2955 1327 3012 sua''².

280 4071 285 4092 ¹
302 4061 342 4113 Cs.
359 4062 519 4126 Conlerrson,
533 4065 667 4132 Tlreolog.
682 4067 699 4118 l.
716 4067 731 4117 8
751 4067 786 4118 de
809 4067 870 4119 lleo
890 4069 979 4136 primo
998 4083 1106 4126 motore
1126 4073 1194 4126 diss.
1214 4074 1258 4136 lli,
1271 4088 1290 4124 c.
1305 4083 1322 4120 2·

244 4165 256 4197 s
277 4163 317 4198 ec.
351 4187 356 4198 .

260 4165 286 4256 pt*
300 4163 384 4296 Aliae.
401 4229 497 4295 XXII,
515 4246 598 4284 11-12.
