2780 4646
247 157 310 208 120
694 161 831 212 CAPUT
848 160 890 208 11.

285 347 317 396 10
332 333 495 397 Dicitur:
520 331 586 420 (A)
607 336 721 402 Certus
729 337 919 402 certitudine
924 337 1019 420 fidei,
1031 357 1109 400 nam
1126 337 1154 399 si
1170 345 1279 418 agatur
1287 333 1321 394 de

237 435 953 512 certitudinenaturali,communiterdocent
964 437 1111 518 theologi
1122 437 1321 517 justosposse
1380 491 1381 494 ,

237 539 320 600 scire
335 539 600 620 conjeiirrraliter,
612 550 647 603 et
662 561 737 604 cum
756 541 872 604 morali
897 541 1097 604 certitudine
1113 540 1180 602 late
1195 541 1322 618 sumptu
1380 525 1381 584 ἕ

237 661 273 702 se
293 661 365 703 esse
388 643 419 702 in
438 651 528 704 statu
545 643 679 723 gratiae;
712 645 780 706 imo
803 645 927 707 dantur
949 645 1054 726 signa,
1070 643 1193 726 quibus
1215 660 1323 723 cogno·
1380 627 1381 652 ἢ

237 763 328 805 scere
353 763 530 824 possumus
553 755 665 808 utrum
690 747 793 808 simus
817 748 850 810 in
874 757 965 810 statu
994 747 1132 828 gratiae3
1171 745 1323 826 praecipua

237 855 314 908 sunt
332 869 339 909 :
363 845 414 926 (a)
431 846 650 910 testimonium
665 850 869 925 conscientia,
882 849 1018 930 quando
1034 849 1108 930 quis
1124 848 1249 910 scilicet
1263 845 1323 907 nul·
1380 827 1381 906 i

237 946 299 1008 lius
316 949 443 1028 peccati
469 949 617 1010 mortalis
640 953 792 1014 conscius
811 961 862 1014 est
870 974 879 1030 ;
913 950 964 1032 (b)
981 951 1060 1013 item
1084 949 1325 1012 amo'rsincms

236 1067 312 1126 erga
328 1047 444 1122 Deum,
458 1047 608 1111 serverin
622 1051 782 1126 oratione,
792 1054 1001 1136 propositum
1013 1053 1141 1116 vitandi
1154 1059 1323 1133 peccatum,

238 1149 325 1211 zelus
342 1151 383 1212 ad
398 1152 660 1214 convertendum
679 1154 826 1234 animas;
850 1157 921 1220 haec
937 1157 1026 1218 enim
1040 1156 1154 1218 omnia
1166 1155 1323 1217 caritatem

237 1271 274 1312 ac
292 1253 431 1333 proinde
442 1254 583 1334 gratiam
597 1254 802 1318 habitualem
815 1265 1026 1336 supponunt3
1047 1253 1098 1336 (c)
1111 1255 1247 1316 tandem
1258 1271 1323 1314 con·

237 1363 385 1435 temptus
402 1374 509 1417 rerum
528 1356 781 1432 mundanarum,
791 1368 825 1420 et
841 1359 957 1440 praxis
973 1357 1246 1430 mortificationis,
1256 1373 1324 1416 nam

237 1457 321 1537 “qui
335 1456 458 1520 Christi
475 1467 553 1520 sunt
569 1478 702 1522 carnem
720 1480 814 1522 suam
838 1459 1075 1523 crucifixerunt
1098 1480 1174 1522 cum
1192 1458 1275 1522 vitiis
1294 1467 1324 1517 et

237 1561 515 1642 concupiscentiis
528 1563 543 1587 ”
558 1575 578 1624 ¹.

279 1662 437 1743 (B),Sine
451 1665 584 1744 speciali
598 1665 813 1740 revelatione,·
846 1687 923 1728 nam
941 1665 1121 1747 aliquando
1139 1666 1230 1727 Deus
1246 1683 1325 1725 reve·

237 1763 304 1827 lare
328 1775 440 1846 potest
463 1766 630 1847 aliquibus
654 1769 744 1849 ipsos
768 1786 840 1832 esse
866 1768 1083 1850 justificatos3
1128 1779 1165 1831 ut
1197 1767 1326 1846 contigit

238 1867 274 1929 B.
293 1867 434 1950 Virgini,
450 1870 586 1949 quando
610 1871 717 1952 gratia
744 1870 842 1952 piena
866 1871 910 1934 ab
935 1870 1070 1952 Angeto
1092 1869 1236 1934 salutata
1256 1867 1327 1941 tuin

237 1971 315 2033 item
333 1969 517 2052 paralytico
533 1981 566 2034 et
584 1973 712 2034 mulieri
730 1974 915 2055 peccatrici,
929 1975 1048 2054 quibus
1063 1973 1213 2037 Christus
1228 1971 1325 2035 dixit:

237 2074 468 2137 Remittuntur
485 2073 545 2137 tibi
562 2085 700 2156 peccata
716 2085 782 2139 tua.

281 2177 347 2242 166.
396 2190 431 2238 2⁰
449 2176 618 2238 Probatur
639 2177 699 2258 (A)
725 2177 844 2259 Scrrjut.
861 2178 911 2261 (a)
929 2179 1060 2240 Dicitur
1085 2177 1174 2241 enim
1199 2177 1231 2238 in
1250 2175 1326 2237 libro

236 2277 354 2342 Pruu.2
368 2301 380 2342 :
415 2277 526 2360 “Quis
543 2288 655 2359 potest
672 2279 781 2342 dicere
800 2304 806 2342 :
843 2282 1006 2345 mundum
1030 2290 1080 2342 est
1097 2299 1154 2342 cor
1178 2297 1284 2341 meum
1296 2277 1326 2336 '’?

237 2381 322 2462 Quae
339 2381 475 2463 quidem
493 2381 594 2444 verba
610 2384 795 2446 ostendunt
812 2384 940 2446 nullum
965 2403 1062 2464 posse
1079 2380 1244 2444 affirmare
1258 2397 1325 2442 cum

237 2483 434 2546 certitudine
450 2503 485 2544 se
501 2504 574 2547 esse
590 2485 764 2560 mundum,
781 2505 838 2547 seu
864 2486 897 2547 in
921 2495 1011 2549 statu
1035 2485 1161 2566 gratiae.
1208 2484 1327 2548 Citatur

236 2585 337 2648 etiam
351 2586 534 2666 generatim
552 2596 667 2649 textus
680 2587 905 2650 Ecclesiastoes
919 2613 930 2652 .·
953 2592 969 2619 “
983 2589 1100 2650 Nescit
1112 2587 1215 2649 homo
1227 2594 1325 2648 utrum

237 2709 349 2751 amore
364 2709 406 2750 an
420 2688 498 2750 odio
514 2689 636 2770 dignus
653 2690 696 2751 sit
709 2690 742 2766 ”3
776 2711 837 2752 nec
854 2701 967 2753 tamen
986 2690 1043 2753 illo
1059 2691 1193 2766 utimur,
1209 2689 1284 2771 quia
1299 2687 1326 2748 in

237 2791 392 2853 hebraico
408 2790 524 2852 codice
541 2811 656 2852 sensus
674 2790 758 2852 alius
784 2812 856 2854 esse
872 2793 1004 2855 videtur
1019 2792 1062 2854 ab
1079 2792 1192 2872 coqui
1210 2791 1241 2854 in
1254 2788 1327 2852 Vul-
1382 2847 1383 2890 1

237 2899 314 2976 gata
327 2894 499 2955 invenitur.
545 2892 596 2974 (b)
610 2893 645 2956 S.
657 2893 788 2956 Paulus
805 2896 848 2956 de
858 2915 893 2955 se
911 2895 984 2975 ipso
995 2894 1076 2956 dicit
1091 2917 1097 2956 :
1122 2893 1243 2956 “Nihil
1257 2888 1328 2953 mihi
1382 2893 1383 2972 ἐ

237 2997 387 3058 conscius
403 3015 485 3072 sum,
496 2998 553 3058 sed
569 3017 635 3059 non
654 2997 686 3058 in
699 2997 762 3059 hoc
773 2996 975 3077 justificatus
987 3016 1061 3058 sum
1076 2997 1092 3022 ''
1103 3009 1133 3074 4;
1157 2995 1252 3076 cujus
1264 3013 1329 3056 sen·

237 3119 292 3161 sus
308 3107 358 3160 est
377 3121 383 3160 :
419 3099 572 3178 quamvis
597 3098 721 3161 bonam
740 3099 980 3161 conscientiam
997 3098 1151 3173 habeam,
1165 3107 1277 3160 tamen
1292 3093 1329 3157 dc

237 3220 311 3264 mea
326 3201 565 3282 justificatione
578 3210 687 3263 certus
699 3221 765 3263 non
778 3221 861 3276 sum,
873 3202 952 3282 quia
968 3201 1058 3264 solus
1072 3201 1165 3263 Deus
1179 3200 1242 3262 hoc
1252 3197 1329 3282 judi·

237 3325 311 3368 care
322 3315 356 3366 et
373 3304 456 3365 scire
472 3313 584 3384 potest
600 3313 634 3366 et
650 3304 745 3366 addit
765 3328 771 3366 :
804 3303 900 3385 “Qui
925 3314 1037 3367 autem
1056 3323 1110 3365 me
1124 3303 1254 3384 judicat
1270 3302 1329 3365 Do·

237 3409 346 3470 minus
363 3415 430 3482 est;
454 3405 566 3486 itaque
583 3406 687 3468 nolite
705 3415 784 3468 ante
801 3415 935 3488 tempus
950 3404 1135 3486 judicare”.
1180 3407 1329 3487 Jamvern

234 3512 262 3573 'si
286 3509 407 3573 Paulus
424 3509 467 3570 de
491 3509 550 3569 sud
564 3507 803 3588 justificatione
826 3509 981 3571 dubitare
997 3517 1140 3590 poterat,
1156 3509 1230 3589 quis
1255 3525 1330 3570 mor-

237 3613 352 3676 talium
372 3609 495 3692 poterit
511 3630 584 3671 esse
600 3621 709 3673 certus
726 3631 761 3672 se
779 3629 850 3672 esse
863 3609 1101 3690 justificatum?

286 3713 347 3793 (B)
359 3713 437 3774 Rat.
448 3711 539 3774 tlreol.
555 3711 603 3775 Ut
615 3711 734 3793 aliquis
751 3713 793 3774 de
809 3717 869 3774 sut
883 3709 1123 3794 justificatione
1140 3722 1249 3776 certus
1265 3727 1329 3774 esse

274 3887 282 3913 ¹
296 3877 389 3928 Galat.
406 3873 442 3943 V,
460 3891 503 3944 24.
522 3905 554 3917 -—
565 3879 672 3931 ’Proin
689 3879 754 3944 XX,
766 3891 795 3944 9;
815 3876 849 3930 ci.
857 3877 922 3946 lob.
938 3879 989 3942 IX,
1005 3893 1095 3932 20-21.

272 3961 396 4017 ³Eccles.
415 3963 466 4028 lX,
482 3979 505 4016 1.
518 3964 668 4019 —Sensus
682 3965 766 4032 hujus
778 3974 872 4018 textus
882 3974 935 4026 est,
949 3979 1006 4016 non
1019 3979 1104 4032 posse
1117 3961 1238 4032 judicari
1252 3960 1332 4017 exhu-

234 4050 280 4118 jus
292 4047 358 4101 vitae
370 4048 453 4102 bonis
466 4065 501 4102 ac
514 4050 597 4104 malis
610 4061 703 4104 utrum
713 4051 776 4120 quis
785 4069 802 4104 a
813 4053 877 4104 Deo
888 4060 999 4105 ametur
1012 4051 1056 4105 vel
1070 4066 1137 4114 non,
1148 4067 1183 4105 eo
1198 4050 1273 4121 quod
1282 4049 1333 4101 haec

237 4151 318 4203 aeque
331 4134 465 4188 eveniant
477 4135 555 4203 justo
569 4152 602 4189 ac
616 4137 713 4206 impio.

270 4219 310 4272 ⁴I
320 4219 383 4273 Cor.
403 4221 452 4283 lv,
464 4235 489 4285 4.
