2738 4646
194 185 250 234 DE
268 185 486 236 ursmaro
504 183 778 234 PRAESENTIAE
799 185 964 233 nanus.
1064 185 1130 236 ³0⁷

17 360 131 439 juxta
155 362 246 440 alios,
268 384 333 426 non
360 365 480 427 realem
506 366 728 446 praesentiam,
750 366 807 430 sed
834 364 1129 429 transsubstantia-

23 465 160 527 tionem
178 467 422 550 impugnaverit
434 482 454 531 ¹.
904 463 908 472 '
1072 463 1075 470 ’

79 578 106 646 7.
154 582 190 630 20
206 570 386 634 Novatores
401 571 548 654 plerique
566 572 686 635 realem
704 573 916 654 praesentiam
934 573 1058 654 pariter
1073 591 1128 634 ne-

24 674 161 750 garunt.
194 673 244 753 (a)
255 673 418 737 Lutlrerus
427 676 560 757 quidem
575 675 655 739 illud
669 675 793 756 dogma
807 674 939 755 rejicere
952 694 1017 737 non
1029 693 1128 736 ausus

24 783 95 848 est,
107 777 192 856 quia,
207 787 243 840 ut
260 779 330 859 ipse
346 779 521 856 fatebatur,
537 780 634 841 nimis
651 778 820 840 evidenter
837 779 869 839 in
888 777 1056 859 Scriptura
1072 777 1128 838 de·

25 877 199 958 claratur;
233 880 310 942 hinc
338 882 369 943 in
394 881 600 944 confessione
622 881 822 962 Arrgustami
845 882 960 963 (1530)
984 881 1128 962 legitur:

25 978 115 1039 “De
132 979 237 1043 Coena
254 981 391 1045 Domini
408 983 531 1046 docent
546 986 635 1064 quod
658 1005 777 1066 corpus
799 995 832 1047 et
853 985 988 1066 sanguis
1006 981 1127 1048 Christi

26 1101 110 1143 vere
132 1085 243 1147 adsint
266 1094 299 1148 et
322 1085 563 1147 distribuantur
578 1085 797 1160 vescentibus,
814 1086 846 1147 in
868 1089 964 1148 coena
981 1083 1127 1157 Domini,

27 1187 97 1247 sub
119 1189 228 1268 specie
250 1190 345 1270 panis
368 1199 402 1249 et
423 1188 501 1262 vini,
516 1197 550 1249 et
574 1188 764 1269 improbant
788 1207 882 1266 secus
906 1188 1065 1250 docentes
1077 1187 1092 1210 ”
1106 1198 1126 1248 ².

30 1289 102 1351 Diu
127 1289 309 1354 Lutherani
337 1291 490 1354 eamdem
514 1288 699 1354 dodtrinam
728 1301 918 1363 tenuerunt,
943 1291 999 1352 sed
1028 1289 1128 1352 hodie

29 1393 129 1456 multi
147 1394 231 1457 inter
248 1396 346 1476 ipsos,
363 1395 395 1456 in
413 1394 592 1457 Germania
614 1396 806 1477 praesertim,
823 1396 855 1456 in
876 1394 1013 1459 dubium
1037 1413 1127 1456 revo-

29 1505 112 1558 cant
127 1499 338 1578 praesentiam
356 1497 486 1561 realem.
534 1495 582 1577 (b)
600 1493 868 1569 Sacramentarii,
882 1514 924 1556 sc.
938 1493 972 1555 Z
973 1493 1129 1573 wr'nglius

29 1606 68 1658 et
88 1598 354 1680 OEcolopamdius,
371 1599 554 1662 docuerunt
577 1599 820 1662 Eucharistiam
843 1596 922 1659 nihil
945 1596 1034 1659 aliud
1056 1615 1128 1658 esse

33 1701 97 1761 nisi
114 1701 246 1782 signum
263 1703 313 1765 vel
330 1700 470 1783 figuram
488 1701 610 1765 Christi
627 1701 743 1782 :juxta
760 1702 911 1782 priorem,
924 1696 984 1760 ἐστι
995 1699 1078 1781 (est)
1094 1699 1126 1761 in

34 1806 291 1868 consecrationis
314 1804 420 1868 forma
444 1805 536 1868 reddi
560 1804 660 1866 debet
687 1824 746 1886 per
768 1801 994 1885 “significat'ss
1017 1803 1063 1865 ita
1091 1811 1128 1865 ut

34 1925 150 1969 sensus
166 1910 208 1971 sit
224 1930 230 1970 :
254 1908 317 1970 hoc
333 1918 384 1971 est
398 1909 529 1989 regnum
545 1908 692 1988 corporis
709 1905 831 1982 mei''³;
850 1906 952 1987 juxta
968 1905 1127 1986 posterio-

33 2029 118 2084 rem,
130 2014 220 2094 σῶμα
236 2009 382 2094 (corpus)
401 2012 488 2074 idem
505 2009 669 2092 significat
685 2031 724 2072 ac
731 2007 849 2090 figura
863 2007 1012 2089 corpon's',
1029 2009 1075 2070 ita
1091 2017 1128 2070 ut

34 2133 150 2177 sensus
171 2117 239 2179 sit:
266 2116 328 2178 hoc
345 2125 395 2178 est
408 2117 526 2198 figura
542 2115 689 2197 corporis
711 2116 783 2177 mei.
830 2114 965 2177 Exinde
986 2114 1128 2176 deduce*

36 2215 118 2280 bant
130 2218 298 2282 Christum
312 2239 378 2282 non
392 2219 531 2292 realiter,
542 2218 599 2282 sed
614 2218 720 2281 solum
739 2216 909 2299 perfidem
926 2209 1126 2288 manducari.

38 2315 93 2404 (c)
114 2320 276 2397 Calvinus,
292 2331 328 2384 ut
352 2321 496 2385 mediam
517 2321 604 2382 viam
630 2321 714 2384 inter
731 2319 938 2382 Lutheranos
959 2328 994 2381 et
1010 2318 1128 2382 sacrat

38 2425 218 2487 mentarios
231 2433 368 2501 teneret,
383 2425 502 2488 docuit
513 2443 632 2504 corpus
653 2433 687 2486 et
708 2421 902 2503 sanguinem
920 2421 1042 2485 Christi
1059 2421 1127 2483 vir·

37 2527 168 2590 tualiter
181 2548 253 2591 esse
270 2530 303 2591 in
322 2528 538 2602 Eucharistia,
555 2529 640 2589 sicut
659 2525 707 2588 sol
730 2543 875 2607 praesens
891 2533 942 2587 est
958 2533 1054 2586 terrae
1070 2543 1128 2605 per
1153 2547 1156 2554 ·

38 2647 129 2691 suam
145 2631 301 2693 virtutem
321 2652 377 2694 seu
398 2651 456 2712 per
471 2631 622 2693 calorem.
672 2625 729 2714 (d)
750 2621 1127 2709 Pl'erique‘Anglrtanir,

72 2790 80 2820 ¹
94 2794 137 2847 De
149 2794 249 2864 quibus
262 2795 326 2849 vide
339 2794 441 2865 Alsog,
457 2812 502 2863 op.
518 2795 564 2849 cit.
579 2793 663 2864 ἕῳ,
678 2793 737 2864 236,
752 2808 809 2860 279.
847 2793 1076 2846 Petrobrussrbm'
1087 2791 1127 2844 di·

39 2879 135 2934 cebant
149 2881 291 2936 Christum
304 2881 451 2951 reliquisse
463 2882 605 2952 Apostolis
619 2891 788 2952 potestatem
801 2879 993 2946 consecrandi,
1006 2879 1056 2934 sed
1070 2895 1126 2955 non

39 2981 129 3020 eorum
142 2967 358 3023 successoribus.
1037 2955 1038 2958 ¹

71 3059 80 3087 ²
92 3056 172 3123 Apud
186 3053 291 3124 Schaff,
305 3056 411 3109 Creeds
424 3057 457 3109 of
466 3057 674 3120 Christendom,
687 3055 741 3109 rol.
761 3053 815 3121 lll,
829 3072 855 3122 p.
875 3067 913 3123 13.

71 3141 253 3211 ³Zr'rn'nglr'us
265 3142 305 3196 ita
318 3159 399 3196 suum
413 3153 537 3213 systema
550 3142 668 3196 illustrat
686 3161 691 3194 :
717 3145 735 3168 ‘⁴
747 3143 818 3195 Cum
834 3131 1030 3209 paterfamilias
1046 3157 1127 3210 ,pere-

40 3239 83 3290 gre
93 3227 264 3296 profeflurus
272 3228 478 3284 nobilissimum
489 3230 623 3284 annulum
635 3245 724 3293 suurn,
734 3227 762 3280 in
770 3235 826 3296 quo
835 3227 928 3295 imago
937 3243 987 3290 sua
995 3235 1127 3295 expressa

41 3323 86 3378 est,
94 3315 203 3385 conjugi
216 3315 413 3370 matrifamiliae
427 3317 470 3369 his
484 3317 577 3369 verbis
590 3316 693 3368 tradit:
715 3315 758 3366 En
773 3330 818 3368 me
831 3313 880 3366 tibi
894 3313 1033 3378 maritum,
1042 3301 1125 3382 quem

41 3399 178 3458 absentem
196 3414 303 3470 teneas,
323 3415 351 3457 et
369 3421 425 3473 quo
444 3414 471 3457 te
490 3401 623 3457 oblefles.
661 3400 727 3472 Jam
747 3403 792 3454 ille
812 3401 1010 3469 paterfamilias
1032 3401 1068 3453 Ι).
1087 3402 1123 3454 Ν.

42 3484 101 3550 Jesu
114 3490 216 3544 Christi
230 3501 328 3558 typum
340 3489 418 3558 gerit.
459 3491 487 3543 ls
500 3491 577 3545 enirn
590 3490 688 3543 abiens
703 3489 840 3542 Ecclesiae
853 3487 964 3556 conjugi
982 3504 1039 3540 suae
1059 3486 1126 3540 ima-

42 3573 125 3636 ginem
138 3593 219 3630 suam
238 3578 265 3630 in
285 3593 376 3631 coenae
394 3587 572 3630 sacramento
590 3575 701 3645 reliquit
711 3577 732 3631 ’'.
772 3575 927 3644 (Zwt'nglir‘
937 3589 1031 3642 opera,
1048 3583 1065 3627 t.
1085 3575 1122 3641 11,

43 3673 66 3724 Ρ.
87 3665 152 3732 549).
191 3665 283 3733 Quem
303 3665 426 3718 errorem
445 3663 566 3733 amplexi
588 3673 653 3716 sunt
672 3663 751 3716 multi
773 3661 901 3714 hodierni
924 3662 1124 3723 Protestantes,

44 3751 185 3810 prasertim
200 3749 248 3819 qui
262 3749 390 3802 Ir'berales
401 3746 550 3814 dicuntur;
570 3749 618 3802 cfr.
635 3748 855 3816 Lr'cIrIenberger‚
871 3763 916 3814 op.
933 3746 979 3800 cit.
995 3763 1022 3814 p.
1038 3759 1098 3813 792.
1123 3767 1125 3775 ⁴

73 3831 157 3890 ‘Hac
170 3838 246 3890 enim
260 3837 288 3888 in
299 3842 352 3888 art.
362 3835 502 3888 XXVIII
512 3836 659 3904 leguntur:
679 3837 694 3862 “
706 3836 797 3888 Coena
812 3831 926 3888 Domini
941 3849 996 3886 non
1010 3844 1053 3887 est
1066 3843 1126 3887 tan-

45 3925 94 3972 tum
104 3923 211 3990 signum
224 3932 330 3976 mutuae
342 3922 546 3976 benevolentiae
561 3921 785 3974 Christianorum
800 3920 872 3972 inter
885 3936 956 3986 sese,
970 3936 1065 3973 verum
1079 3935 1126 3988 po-

46 4001 90 4058 tius
99 4021 139 4063 est
150 4018 360 4064 sacramentum
373 4019 477 4063 nostrae
491 4023 539 4076 per
549 4019 668 4061 mortem
678 4005 783 4060 Christi
797 4005 1006 4074 redemptionis.
1035 4007 1127 4076 Atque

45 4090 105 4145 adeo
123 4095 181 4159 rite,
197 4095 294 4164 digne,
310 4105 338 4149 et
357 4111 420 4147 cum
438 4094 493 4148 fide
513 4094 696 4157 sumentibus,
713 4091 794 4162 panis
807 4109 891 4160 quem
905 4092 1067 4161 frangimus,
1083 4105 1127 4146 est

47 4182 247 4236 conmunicatio
264 4181 388 4250 corporis
406 4179 529 4244 Christi3
555 4179 684 4233 similiter
705 4179 835 4248 poculum
856 4177 1062 4233 benedittionis
1083 4191 1126 4231 est

46 4266 246 4322 communicatio
265 4266 409 4335 sanguinis
424 4265 537 4320 Christi.
578 4265 662 4318 Panis
681 4277 708 4318 et
726 4265 783 4318 vini
801 4263 1078 4318 transsubstantiatio
1098 4264 1125 4316 in
