2738 4646
249 167 315 219 250
476 151 479 158 '
688 167 827 220 cneus
845 168 904 217 111.
1355 219 1356 270 ,

292 361 327 411 20
343 345 504 412 Attamen
521 349 569 410 ad
580 345 748 410 lr‘critatem
764 348 883 429 aliquis
906 348 989 410 ordo
1012 347 1134 410 servari
1157 347 1269 422 debet;
1287 364 1321 405 sc.
1355 313 1356 398 l

248 451 273 512 si
291 451 378 514 adsit
394 452 556 526 sacerdos,
571 450 715 514 diacono
738 451 940 533 praeferatur‚
957 451 1118 513 diaconus
1134 450 1322 520 subdiacono,
1355 517 1356 532 χ

247 553 381 616 clericus
398 553 481 615 laico
497 563 530 616 et
546 553 594 615 vir
611 553 751 630 seminae,
767 553 829 615 nisi
847 563 959 616 tamen
976 552 1101 616 semina
1116 551 1229 615 melius
1244 551 1322 612 sciret

247 655 388 719 sormam
402 665 435 719 et
448 657 585 719 modurn
599 655 801 738 baptizandi,
814 665 872 719 aut
885 655 946 718 nisi
960 655 1096 737 pudoris
1112 655 1216 736 gratia
1226 655 1323 716 deceat
1355 657 1356 708 l

247 759 404 822 feminam
422 760 634 840 potiusquam
651 760 756 821 virum
782 759 941 822 infantem
967 759 1115 821 nondum
1139 759 1258 821 editum
1279 756 1322 817 ba·

247 864 379 944 ptizare.
426 863 492 926 Sed
517 871 611 943 pater
634 861 760 943 prolem
785 881 878 924 suam
903 862 1073 942 baptizare
1096 881 1163 923 non
1187 860 1286 934 debet,
1303 857 1323 918 si

246 965 301 1028 alii
329 965 441 1028 adsint
466 965 520 1046 qui
548 964 716 1046 baptizare
742 965 878 1046 possint.
925 963 1087 1027 Sacerdos
1109 953 1220 1026 autern
1242 961 1323 1023 schis-

247 1071 387 1132 maticus
410 1068 461 1131 vel
485 1067 659 1130 haereticus
683 1088 749 1129 non
774 1069 873 1130 debet
901 1066 1059 1143 adhiberi,
1083 1067 1146 1127 nisi
1172 1051 1324 1128 deficiente

245 1191 454 1254 quacumque
471 1175 610 1251 persona
628 1170 800 1244 catholice,
817 1171 895 1232 item
920 1169 1022 1232 laicus
1045 1170 1182 1232 deberet
1201 1165 1323 1249 praefeni

245 1276 407 1338 sacerdoti
420 1275 720 1336 excommunicato.
753 1273 891 1336 Laicum
906 1271 1070 1335 sacerdoti
1081 1271 1322 1353 praeserreetianr
1355 1289 1356 1346 i

245 1377 475 1452 consentienti,
506 1377 557 1438 vel
589 1377 781 1438 haereticum
813 1386 871 1439 aut
901 1375 1228 1437 excommunicatum
1257 1372 1324 1434 laico

245 1480 409 1543 catholico
431 1499 531 1559 grave
552 1487 639 1540 esset
662 1487 859 1559 peccatum;
883 1477 915 1538 in
939 1477 1056 1540 ceteris
1079 1486 1191 1539 autem
1215 1475 1324 1538 casibus

246 1585 406 1646 invertere
421 1582 572 1643 ordinem
589 1591 676 1643 esset
693 1581 821 1642 veniale
838 1596 1019 1662 peccatum.

521 1721 569 1776 11.
595 1720 650 1777 De
675 1719 872 1792 Baptismo
893 1720 1069 1776 solemni.

286 1864 335 1928 29.
398 1859 430 1908 10
454 1846 660 1926 Principiurrr
686 1846 842 1926 generale.
897 1843 947 1926 (a)
979 1846 1132 1908 Minister
1162 1845 1325 1908 ordinarius

245 1949 408 2032 Baptismi
422 1948 580 2010 solemnis
592 1959 642 2011 est
657 1949 844 2029 Episcopus
856 1947 907 2009 vel
921 1950 1083 2010 sacerdos.
1112 1949 1275 2012 Diaconus
1286 1958 1327 2008 est

244 2053 394 2116 minister
409 2053 701 2125 extraordinarius,
717 2061 751 2114 et
775 2051 902 2131 indiget
925 2049 1059 2132 speciali
1083 2050 1284 2132 delegatione
1296 2059 1326 2110 ut

244 2160 332 2223 licite
341 2157 497 2238 baptizet.
537 2156 629 2218 Dicit
641 2156 729 2217 enim
744 2155 882 2218 Floreat.
897 2180 909 2218 .·
932 2154 1113 2216 “Minister
1128 2154 1225 2235 hujus
1237 2173 1326 2216 sacra-

243 2263 346 2326 menti
359 2270 410 2322 est
422 2259 585 2332 sacerdos
595 2259 647 2320 cui
661 2279 704 2320 ex
718 2257 827 2319 officio
838 2257 1000 2339 competit
1011 2255 1217 2336 baptizare”;
1232 2255 1324 2337 quoad

243 2367 434 2438 diaconum,
458 2363 534 2424 licet
557 2361 591 2423 in
614 2366 674 2424 sua
697 2360 907 2423 ordinatione
931 2358 1123 2421 facultatem
1153 2357 1325 2439 baptizandi

243 2468 392 2547 accipiat,
409 2463 464 2526 illa
488 2473 637 2545 potestas
653 2463 799 2525 exerceri
818 2464 932 2544 nequit
949 2463 1019 2524 sine
1036 2462 1168 2524 licentia
1187 2460 1325 2544 Episcopi

243 2569 293 2632 vel
311 2567 573 2646 Pastoris,juxta
590 2565 738 2628 locorum
755 2565 1051 2627 consuetudinem:
1075 2570 1091 2596 “
1109 2565 1246 2647 Absque
1262 2565 1325 2645 Epi·

243 2687 344 2748 scopo
359 2665 409 2728 vel
427 2666 623 2747 Presbytero
639 2665 808 2746 baptizare
833 2685 898 2727 non
923 2667 1070 2727 audeant
1087 2666 1149 2727 nisi
1167 2667 1325 2729 necessitas

241 2780 394 2833 'extrema
410 2768 590 2849 compellat
601 2769 617 2794 '¹
635 2767 685 2848 (S.
702 2767 859 2844 Celusius,
876 2769 917 2829 ad
937 2768 1026 2848 Epis.
1044 2767 1122 2830 Luc
1141 2789 1166 2831 c.
1183 2771 1225 2848 7).
1268 2769 1326 2830 lmo

241 2875 409 2947 diaconus,
426 2873 481 2950 qui
504 2873 574 2933 sine
597 2870 808 2951 delegatione
825 2871 1034 2951 Baptismum
1051 2871 1235 2934 solemniter
1249 2869 1326 2932 mini-

242 2984 325 3038 strat
343 2993 417 3035 cum
439 2974 555 3035 ritibus
580 2983 613 3035 et
636 2973 839 3048 ceremoniis,
850 2973 1051 3053 probabilius
1071 2974 1325 3055 irregularitatem

242 3076 387 3149 incurrit,
403 3075 479 3137 licet
504 3075 719 3156 probabiliter
742 3077 773 3137 id
797 3087 921 3156 negent
942 3077 997 3138 alii
1020 3096 1060 3138 eo
1083 3079 1173 3157 quod
1198 3087 1327 3160 potestas

242 3177 434 3258 baptizandi
452 3177 498 3239 eis
514 3179 684 3258 competit,
701 3178 776 3239 licet
794 3177 904 3258 ligata.

285 3279 336 3362 (b)
356 3280 495 3360 Insuper
503 3280 696 3360 sirrisdiriio
720 3280 893 3359 requiritur
910 3281 951 3341 ad
969 3279 1149 3343 liceitatern
1167 3281 1198 3343 in
1216 3281 1327 3344 casibus

266 3382 426 3456 rdinariis,
444 3382 521 3462 quia
538 3402 595 3462 per
613 3383 821 3463 Baptismum
839 3383 913 3462 quis
938 3393 1138 3464 aggregatur
1155 3404 1220 3445 non
1237 3381 1327 3445 solun

243 3482 402 3546 Ecclesiae
418 3483 604 3558 universali,
620 3484 678 3545 sed
696 3485 797 3545 etiarn
817 3484 975 3546 Ecclesiae
993 3485 1191 3566 particulari.
1235 3480 1326 3563 Atqui

242 3605 422 3668 aggregare
438 3587 576 3666 aliquem
596 3586 754 3648 Ecclesiae
771 3587 959 3668 particulari
977 3589 1121 3669 pertinet
1136 3590 1179 3651 ad
1196 3608 1267 3651 eum
1283 3585 1327 3666 qui

243 3686 503 3767 iurisdietionem
521 3687 622 3749 habet
640 3690 671 3749 in
690 3689 745 3751 illa
762 3689 898 3750 ecclesia
917 3713 922 3766 ;
947 3711 1033 3771 ergo

284 3807 332 3870 30.
381 3803 416 3851 20
432 3789 567 3871 Reguloe
574 3791 733 3870 profitere,
780 3791 830 3871 (a)
843 3799 859 3822 ‘⁸
873 3791 1076 3854 Gravissima
1094 3793 1327 3874 reprehensione

242 3890 333 3971 digni
357 3901 435 3953 sunt
456 3895 645 3955 sacerdotes
667 3894 722 3972 qui
745 3892 888 3955 infantes
912 3894 954 3955 ab
977 3893 1085 3956 aliena
1105 3895 1259 3977 parochia
1273 3891 1328 3952 sive

242 3993 377 4053 dioecesi
399 3993 460 4054 sibi
483 3994 601 4055 allatos
624 4005 747 4056 temere
771 3995 942 4076 baptizant
967 4017 1042 4059 curn
1067 3997 1163 4060 facile
1179 4019 1199 4060 a
1215 3995 1328 4080 proprio

244 4093 392 4154 Parocho
408 4095 568 4174 baptizari
586 4098 772 4176 potuissent
786 4099 801 4123 ”
819 4097 924 4178 (Corrc.
940 4099 1026 4161 Ball.
1046 4099 1091 4174 ll,
1109 4097 1199 4184 227).
1239 4099 1328 4178 Igitur

244 4205 383 4276 peccant
400 4197 585 4258 sacerdotes
603 4201 668 4279 qui,
684 4210 781 4262 extra
803 4221 936 4264 causam
963 4203 1172 4265 necessitatis
1197 4211 1251 4265 aut
1273 4199 1328 4260 sine
