2758 4652
247 203 302 252 DE
321 203 613 253 POENITENTIAE
633 200 937 252 SACRAMENTO.
1069 199 1136 250 539

44 381 172 442 mittam
191 382 239 444 ei?
286 383 402 462 Usque
418 383 559 463 septies?
576 381 747 464 respondit
762 382 881 463 Jesus:
903 401 967 442 non
986 380 1061 442 dieo
1078 378 1139 440 tibi

45 504 145 564 usque
161 485 293 566 septies,
311 485 369 546 sed
386 493 491 565 usqu'e
505 485 687 565 septuagies
700 485 813 564 septies
825 484 840 510 ''
855 496 887 556 ¹‚·
911 503 986 564 quae
1002 481 1138 564 quidem

44 586 154 662 rerba,
166 586 267 667 juxta
282 606 408 660 omnes,
425 587 592 667 indefinite
606 586 751 649 offensas
774 607 845 648 esse
862 585 1079 648 remittendas
1095 586 1138 647 si·

41 689 210 770 gnificant.
255 690 412 771 Jamvero
445 691 471 752 si
498 711 548 752 res
577 691 622 752 ita
649 711 683 752 se
710 691 832 754 habeat
862 692 946 753 inter
978 688 1140 764 homines,

41 802 169 874 quanto
186 795 291 874 magis
307 794 396 876 apud
414 795 534 869 Deum,
550 795 606 876 qui
624 796 722 857 Pater
742 795 1040 857 misericordiarum
1057 793 1126 856 est?

76 928 116 980 8⁶.
156 925 361 998 Opponuntur
387 937 487 984 tamen
518 926 587 983 huic
607 926 751 985 doetrinae
771 917 866 984 textus
895 944 971 998 quos
990 925 1138 998 explicare

41 1012 196 1070 debemus.
235 1017 275 1084 (a)
289 1012 426 1072 Christus
440 1012 520 1071 enim
533 1013 607 1071 dixit
622 1033 628 1070 :
649 1013 778 1072 “Omne
792 1023 947 1084 peccatum
962 1022 991 1069 et
1005 1011 1140 1084 blaspbe-

41 1099 101 1155 mia
110 1098 275 1157 remittetur
289 1095 480 1157 bominibus}
500 1100 625 1171 Spiritus
637 1112 736 1156 autem
752 1099 936 1172 blasphemia
950 1117 1006 1154 non
1020 1098 1141 1154 remitte-

41 1185 115 1241 !rrr''
126 1185 266 1258 ².-Resp.
297 1187 447 1246 Contextu
460 1187 602 1260 inspeelo,
617 1197 772 1259 peccatum
784 1188 822 1245 de
835 1204 897 1262 quo
909 1186 1005 1258 agitur
1015 1195 1059 1243 est
1068 1185 1141 1243 illud

40 1290 103 1343 quo
116 1289 207 1343 opera
226 1273 384 1332 manifesto
403 1273 511 1340 divina,
530 1285 560 1330 ut
581 1273 721 1330 miracula
733 1273 772 1332 ad
785 1273 971 1330 divinitatem
990 1270 1139 1328 missionis

40 1357 153 1416 Christi
168 1359 253 1431 saeta,
269 1360 391 1417 diabolo
404 1359 599 1429 ascribuntur,
616 1360 719 1432 sicque
736 1359 898 1418 deliberate
911 1369 940 1416 et
954 1357 1143 1430 pertinaciter

43 1445 113 1502 fidei
128 1445 232 1502 lumini
247 1446 426 1504 clauduntur
443 1446 538 1517 oculi,
564 1447 660 1518 agitur
672 1446 752 1503 enim
767 1447 805 1506 de
821 1445 972 1504 Pharisaeis
991 1444 1041 1516 qui
1061 1444 1140 1503 dice·

42 1533 115 1588 bant
130 1531 282 1591 Christum
297 1533 326 1589 in
341 1531 511 1591 Beelzebub
525 1533 631 1604 ejicere
645 1533 801 1590 daemonia.
838 1532 977 1605 Jamvero
991 1531 1064 1588 illud
1074 1548 1141 1603 pec·

40 1631 143 1676 catum
157 1619 266 1677 dicitur
279 1638 336 1676 non
350 1620 466 1690 remitti,
484 1637 544 1677 non
558 1619 642 1692 quod
655 1638 809 1692 nunquam
823 1617 989 1689 dimittitur,
1006 1618 1058 1677 sed
1072 1617 1142 1691 quia

39 1725 78 1761 ex
97 1724 126 1764 se
151 1707 264 1762 nullam
289 1708 495 1763 exeusationem
518 1706 609 1773 habet,
634 1707 746 1764 nullam
771 1707 888 1764 veniam
914 1715 1043 1764 meretur
1050 1726 1058 1778 ;
1084 1704 1140 1774 vel,

38 1793 125 1862 juxta
144 1792 226 1861 alios,
243 1793 313 1864 quia
326 1793 473 1865 dt'fficiliru
491 1792 658 1859 remittitur,
674 1812 734 1850 non
753 1793 876 1864 quidem
895 1811 931 1852 ex
950 1791 1072 1850 defeelu
1090 1809 1142 1864 po·

40 1881 158 1936 testatis
176 1891 227 1936 aut
241 1880 401 1938 voluntatis
421 1881 450 1938 in
467 1881 533 1940 Deo
552 1881 677 1952 ejusque
695 1879 846 1945 ministris,
860 1878 913 1937 sed
933 1879 1003 1950 quia
1022 1877 1143 1937 difficile

40 1977 87 2024 est
107 1977 140 2023 ut
159 1977 308 2038 peccator,
323 1969 374 2039 qui
389 1967 577 2040 pertinaciter
591 1967 691 2039 gratiae
704 1967 810 2025 mediis
829 1965 940 2023 abusus
959 1978 1012 2032 est,
1028 1966 1143 2024 sincere

41 2053 198 2124 poeniteat.
238 2053 330 2126 Quod
344 2055 386 2112 sic
400 2056 514 2128 optime
533 2055 662 2113 declarat
676 2055 707 2112 S.
727 2054 851 2110 Thomas
864 2055 900 2123 (2.
917 2073 941 2110 2.
957 2072 986 2125 q.
1003 2071 1078 2122 14‚a.
1095 2053 1143 2125 3):

43 2139 135 2212 “Qui
155 2140 235 2198 enim
254 2159 289 2198 ex
309 2142 473 2212 ignorantia
486 2142 532 2199 vel
551 2141 720 2198 infirmitate
733 2151 846 2212 peccat,
862 2141 1008 2198 minorem
1022 2157 1142 2211 poenam

43 2237 191 2293 meretur;
219 2229 269 2298 qui
289 2238 388 2285 autem
409 2246 444 2285 ex
463 2229 543 2285 certat
561 2227 669 2284 malitia
688 2237 801 2298 peccat,
814 2245 875 2284 non
899 2227 989 2283 babet
1010 2225 1141 2297 aliquam

40 2313 278 2372 exeusationem,
299 2314 380 2373 unde
402 2316 465 2386 ejus
491 2330 580 2386 poena
607 2313 764 2371 minuatur.
810 2313 949 2370 Similiter
978 2313 1066 2370 etiam
1090 2313 1142 2384 qui

42 2399 272 2470 blasphemabat
291 2401 321 2457 in
336 2401 442 2457 Filium
457 2399 595 2470 bominis,
612 2400 675 2470 ejus
689 2399 842 2457 divinitate
856 2398 990 2456 nondum
1006 2398 1142 2470 revelata,

41 2497 161 2557 poterat
174 2486 284 2546 habere
296 2488 427 2559 aliquam
442 2488 663 2545 excusationem
678 2495 800 2559 propter
813 2485 1014 2543 infirmitatem
1034 2485 1139 2552 carnis,

40 2590 135 2644 quam
150 2574 180 2630 in
191 2593 227 2632 eo
240 2575 412 2647 aspiciebat,
422 2585 451 2632 et
464 2574 505 2632 sic
519 2575 663 2632 minorem
673 2591 793 2646 poenam
807 2572 981 2630 merebatur.
1020 2573 1079 2631 Sed
1090 2573 1142 2645 qui

41 2659 72 2716 in
87 2661 186 2731 ipsam
199 2661 384 2719 divinitatem
400 2660 636 2733 blasphemabat,
649 2677 740 2733 opera
753 2660 878 2732 Spirittis
889 2660 917 2717 S.
930 2659 1052 2718 diabolo
1065 2659 1143 2717 attri-

42 2746 149 2819 buens,
172 2748 282 2805 nullam
296 2749 517 2806 excusationem
531 2746 671 2812 babebat,
686 2747 767 2804 unde
780 2747 843 2818 ejus
857 2763 946 2818 poena
965 2745 1144 2805 diminuere·

39 2833 124 2891 tur’'.
166 2834 263 2906 Pergit
278 2835 306 2892 S.
324 2835 439 2892 Doelor
452 2834 630 2906 exponendo
643 2845 799 2906 peccatum
814 2833 843 2889 in
857 2831 999 2904 Spiritum
1009 2833 1037 2889 S.
1054 2833 1143 2890 etiam

41 2920 242 2978 irremissibile
262 2922 321 2980 dici
340 2922 506 2979 secundum
536 2930 669 2977 naturam
695 2937 788 2989 suam,
812 2917 989 2989 inquantum
1014 2918 1144 2977 excludit

41 3007 148 3071 iidem,
164 3007 293 3079 ideoque
306 3026 341 3065 ea
355 3025 407 3080 per
420 3025 487 3078 quae
502 3007 533 3064 fit
547 3006 679 3064 remissio
693 3016 899 3078 peccatorum;
926 3004 1002 3060 sicut
1020 3004 1144 3062 morbus

42 3075 217 3151 insanabibs
236 3094 344 3152 dicitur
362 3094 527 3152 secuudum
547 3103 680 3150 naturam
701 3092 805 3162 morbi,
819 3109 871 3164 per
884 3108 973 3162 quem
988 3091 1100 3149 tollitur
1113 3092 1144 3150 id

41 3199 96 3251 per
116 3181 200 3251 quod
219 3181 340 3238 morbus
359 3179 455 3238 curari
475 3190 581 3252 potest.
621 3179 708 3236 “Per
727 3180 784 3236 boe
804 3189 913 3247 tamen,
927 3179 976 3246 ait,
990 3197 1051 3236 non
1071 3197 1143 3251 prae·

39 3267 175 3324 cluditur
192 3270 237 3324 via
257 3267 424 3326 remittendi
444 3279 473 3324 et
492 3266 616 3324 sanandi
637 3265 864 3338 omnipotentiae
885 3276 913 3323 et
932 3265 1144 3323 misericordiae

43 3357 112 3420 Dei,
121 3373 174 3428 per
184 3373 274 3427 quam
287 3355 450 3427 aliquando
463 3355 536 3412 tales
549 3353 633 3426 quasi
647 3352 821 3410 miraculose
835 3352 1024 3424 spiritualiter
1037 3369 1144 3409 sanan·

38 3444 125 3502 tur'’.

78 3531 140 3588 Alii
169 3529 299 3598 tandem,
317 3547 386 3585 cum
409 3527 439 3585 S.
464 3527 629 3598 Augustino
659 3527 753 3598 (serm.
780 3527 835 3595 71),
856 3536 959 3584 tenent
984 3535 1141 3599 peccatum

40 3617 216 3690 hujusmodi
227 3634 290 3674 esse
304 3616 421 3674 finalem
433 3615 691 3688 impoenitentiam,
700 3631 766 3685 quae
777 3614 859 3671 nullo
872 3615 965 3672 modo
979 3613 1145 3684 remittitur,

39 3707 114 3778 quia
129 3717 284 3778 peccatum
299 3703 421 3761 mortale
435 3703 465 3759 in
478 3721 539 3774 quo
552 3702 644 3760 horno
659 3712 822 3774 perseverat
835 3719 930 3773 usque
944 3702 982 3759 ad
1001 3711 1139 3767 mortem,

39 3809 144 3864 neque
158 3793 187 3847 in
201 3791 257 3848 bite
268 3791 326 3846 vitia
340 3807 438 3860 neque
450 3790 479 3846 in
489 3789 585 3847 sutura
595 3788 705 3846 remitti
714 3797 818 3860 potest.
852 3787 931 3860 Quae
944 3798 1044 3845 tamen
1056 3805 1144 3859 expo·

40 3880 112 3936 sitio
126 3879 223 3936 aliena
236 3895 299 3935 esse
314 3877 429 3934 videtur
441 3895 458 3932 a
472 3886 620 3933 contextu.

77 3967 119 4031 87.
161 3966 201 4036 (b)
216 3965 331 4021 Instant
350 3963 525 4029 adversarii;
552 3962 659 4021 dicitur
677 3961 756 4018 enim
774 3981 780 4018 :
809 3960 986 4032 Impossibile
1004 3967 1047 4017 cst
1064 3961 1144 4018 enim

37 4068 95 4107 eos
109 4051 161 4122 qui
173 4049 265 4107 semel
278 4059 346 4106 sunt
360 4049 524 4118 illuminati,
541 4057 731 4119 gustaverunt
745 4047 832 4105 etiam
847 4047 960 4105 donum
972 4048 1101 4115 coeleste,
1115 4057 1144 4104 et

39 4137 207 4210 participes
226 4135 295 4193 fatti
314 4146 382 4193 sunt
403 4135 526 4207 Spiritus
546 4135 585 4203 S.,
599 4143 790 4205 gustaverunt
817 4132 1009 4191 nibilominus
1030 4133 1144 4191 bonum

76 4279 84 4309 ¹
98 4287 180 4338 Matt.
196 4283 306 4348 XVlll,
322 4299 351 4337 21
369 4302 409 4355 sq.
426 4315 460 4323 —
473 4281 573 4337 2illoti.
591 4285 659 4348 Xll,
676 4301 717 4353 31·
763 4283 803 4338 cf.
818 4285 978 4349 iliaidonal,
993 4285 1020 4336 in
1034 4285 1061 4338 h.
1077 4284 1129 4338 loc.
