2770 4646
261 181 326 232 232
714 177 853 228 CAPUT
869 177 894 226 1.

256 371 466 424 sacramenta
484 360 525 422 N.
538 359 638 440 Legis
655 379 727 422 esse
744 358 840 441 plura
856 368 914 422 aut
931 359 1088 440 pauciora
1104 378 1203 440 quam
1221 369 1341 439 septem.

256 464 409 527 videlicet
427 463 659 544 Baptismam...
678 462 718 524 A.
737 463 769 526 S.
789 457 894 546 (Sess.
911 462 992 536 VII,
1009 483 1077 524 can.
1100 460 1143 548 1).

300 565 358 648 (A)
380 564 499 646 Script.
545 564 648 626 “Nisi
672 565 746 646 quis
771 574 904 627 renatus
928 564 1027 628 luerit
1050 585 1094 627 ex
1117 571 1203 646 aqua
1224 575 1258 626 et
1280 563 1341 643 Spi-

257 671 320 733 ritu
334 669 378 742 S,
391 687 456 730 non
474 676 585 750 potest
602 668 736 731 introire
754 667 785 728 in
804 687 943 749 regnum
958 667 1022 730 Dci
1034 669 1050 693 ”
1063 680 1086 744 ¹;
1110 673 1126 699 “
1136 660 1261 730 Euntes
1276 685 1341 745 ergo

256 775 374 836 docete
397 790 514 833 omnes
538 778 664 852 gentes,
681 770 890 853 baptizantes
912 793 969 834 eos
993 773 1027 834 in
1051 773 1186 834 nomine
1204 771 1302 833 Patris
1315 777 1340 829 et

259 874 331 937 Filii
348 884 382 936 et
399 873 544 956 Spiritus
563 873 614 936 S...
631 892 707 934 ecce
724 895 787 958 ego
803 875 974 938 vobiscum
996 897 1069 939 surn
1092 895 1196 957 usque
1216 877 1256 937 ad
1277 893 1340 935 con·

254 980 516 1042 summationem
534 976 711 1052 saecuti”2;
735 975 826 1060 “Qui
843 979 1019 1042 crediderit
1035 989 1069 1041 et
1084 979 1270 1060 baptizatus
1286 977 1340 1037 lue-

258 1082 308 1156 rit,
324 1083 435 1144 salvus
452 1081 514 1143 erit
525 1080 541 1104 ”
552 1091 573 1144 3.
622 1079 722 1142 Unde
738 1081 810 1142 sic:
841 1081 895 1143 Ad
920 1088 1166 1143 sacramentum
1184 1078 1225 1139 N.
1243 1077 1340 1139 Ltris

258 1187 468 1267 requiruntur
483 1193 516 1248 et
532 1183 699 1246 sufficiunt
719 1207 724 1245 :
748 1184 881 1264 signum
897 1182 1053 1256 sensibile,
1063 1181 1185 1262 gratie
1195 1178 1339 1262 pradum·-

257 1309 344 1362 vurn,
360 1309 381 1348 a
401 1285 529 1352 christo
537 1295 768 1366 permanenter
782 1285 971 1348 institutum
989 1309 1000 1348 :
1023 1285 1126 1366 atqui,
1143 1305 1186 1347 ex
1210 1283 1340 1347 textibus

258 1390 375 1465 allatis,
390 1388 461 1451 haec
474 1387 537 1451 tria
550 1388 582 1448 in
598 1387 772 1468 Baptismo
784 1390 1017 1453 inveniuntur:
1039 1386 1095 1474 (a)
1111 1391 1243 1470 signum
1255 1387 1339 1450 sensi-

258 1492 332 1567 bile,
346 1512 389 1554 sc.
401 1491 524 1554 ablutio
536 1510 575 1552 ex
584 1487 671 1570 aqut
683 1498 717 1553 et
731 1491 889 1554 invocatio
902 1492 930 1555 S
933 1493 968 1555 S.
987 1491 1164 1554 Trinitatis
1174 1513 1188 1562 ,·
1216 1491 1264 1572 (b)
1279 1507 1339 1570 pro·

258 1593 429 1659 ductivum
453 1593 578 1675 gratiae,
596 1613 672 1654 narn
694 1594 885 1675 Baptismus
909 1595 1066 1677 importat
1090 1594 1339 1675 regenerationes

154 1707 156 1712 '
257 1699 475 1780 spiritualem,
487 1697 563 1778 (nisi
577 1697 651 1777 quis
665 1707 797 1760 renatus
810 1719 854 1760 ex
868 1698 977 1779 aqua),
988 1709 1022 1760 et
1034 1700 1092 1761 dat
1103 1697 1158 1778 jus
1172 1700 1214 1760 ad
1226 1716 1340 1779 regnum

256 1803 332 1890 Dei,
348 1823 404 1863 seu
429 1800 471 1863 ad
496 1800 635 1881 gloriam
654 1796 738 1884 (non
763 1811 874 1883 potest
895 1802 1030 1864 introire
1047 1802 1079 1862 in
1097 1821 1236 1882 regnum
1255 1793 1340 1880 Dei);
1368 1792 1369 1834 l

259 1907 352 1987 atqui
374 1904 580 1986 regeneratio
596 1903 775 1984 spiritualis
792 1913 825 1966 et
845 1905 899 1984 jus
920 1904 962 1966 ad
986 1923 1125 1985 regnum
1143 1904 1218 1978 Dei,
1234 1923 1286 1964 seu
1306 1898 1339 1960 ad

258 2009 409 2091 gloriam,
434 2006 618 2069 necessario
646 2017 840 2087 supponunt
868 2006 1067 2069 inlusionem
1095 2007 1239 2088 gratiae:
1267 2022 1339 2083 ergo.

261 2108 315 2199 (c)
341 2133 362 2172 a
388 2109 518 2175 Christo
542 2108 745 2182 institutum,
769 2120 806 2172 ut
830 2118 922 2190 patet
946 2129 989 2170 ex
1014 2109 1122 2171 verbis
1146 2109 1263 2188 quibus
1284 2109 1341 2187 ipse

260 2214 418 2296 praecepit
434 2208 609 2294 Apostolis
631 2219 667 2272 ut
689 2211 907 2292 baptizarent,
924 2212 1108 2291 etquidem
1125 2219 1340 2291 permanenter.

259 2334 336 2376 nam
361 2324 437 2395 post
460 2312 561 2375 verba
585 2313 687 2376 citata
710 2313 830 2377 addit:
864 2315 979 2376 “Ecce
1002 2333 1066 2395 ego
1089 2315 1259 2396 vobiscum
1281 2331 1339 2374 sum
1369 2316 1370 2382 l

261 2413 474 2502 (docentibus
498 2426 531 2477 et
555 2415 821 2502 baptizantibus)
841 2437 944 2498 usque
967 2419 1009 2481 ad
1034 2421 1339 2481 consummationem

259 2518 371 2582 saeculi
383 2520 407 2581 ¹¹.
455 2518 602 2581 Aliunde
622 2518 778 2600 Apostoli
795 2540 974 2601 eorumque
996 2541 1202 2584 successores
1224 2522 1267 2583 ita
1286 2537 1338 2581 rem

260 2620 505 2694 intellexerunt,
520 2640 622 2702 quum
645 2621 831 2703 baptismus
854 2643 985 2703 semper
1002 2623 1034 2685 in
1052 2643 1113 2687 usu
1135 2624 1242 2698 luerit,
1257 2623 1338 2685 etiam

260 2725 348 2807 apud
365 2723 547 2798 haereticos,
564 2733 600 2786 ut
616 2744 660 2785 ex
677 2723 813 2787 historia
830 2734 969 2788 constat.

301 2841 331 2905 9.
371 2827 430 2908 (B)
440 2828 518 2889 Rat.
535 2827 637 2890 Theol.
674 2828 724 2892 Ut
737 2828 836 2890 homo
849 2828 1048 2892 christianus
1061 2827 1128 2904 liat,
1138 2828 1240 2892 debet
1251 2851 1269 2891 a
1282 2847 1340 2910 pec·

260 2942 335 2994 cato
347 2930 499 3011 originali
514 2930 666 2992 mundari
679 2940 713 2992 et
728 2931 887 2993 Ecclesia
903 2931 1090 2993 membrum
1105 2951 1161 2994 seu
1175 2935 1253 2995 civis
1270 2931 1340 2994 fieri:

260 3034 351 3114 atqui
369 3033 509 3094 decebat
533 3043 570 3094 ut
594 3043 768 3112 peccatum
794 3033 954 3113 originale
978 3035 1151 3114 petritum
1169 3034 1340 3098 sensibilem

261 3137 375 3219 gratiae
392 3133 624 3216 produitivum
648 3137 827 3212 tolleretur,
845 3156 912 3216 quo
935 3136 1087 3198 homines
1110 3138 1265 3198 certiores
1285 3135 1341 3196 red·

260 3242 416 3305 derentur
443 3240 484 3300 de
513 3238 634 3301 collati
662 3239 722 3301 sibi
752 3241 881 3321 gratia;
915 3238 1056 3302 decebat
1084 3241 1208 3320 pariter
1236 3251 1271 3302 ut
1297 3239 1341 3300 ho·

260 3345 366 3409 mines
400 3342 558 3405 Ecclesiae
591 3343 729 3406 visibilis
762 3343 911 3406 membra
943 3341 1058 3405 fierent
1095 3363 1152 3424 per
1184 3353 1340 3405 externam

261 3448 491 3521 initiationem,
508 3447 648 3508 internas
666 3447 812 3527 ipsorum
829 3466 904 3508 cum
923 3443 1072 3507 Ecclesia
1090 3444 1221 3506 unionis
1242 3444 1342 3525 figura·

261 3553 387 3626 tivam;
414 3569 494 3630 crgo
514 3549 655 3611 decebat
675 3558 712 3609 ut
733 3547 835 3610 homo
855 3547 1053 3609 christianus
1073 3546 1166 3608 fieret
1187 3567 1245 3628 per
1260 3549 1341 3609 ritum

260 3665 436 3716 externum
467 3653 583 3733 gratiae
612 3649 871 3732 produdlivum:
904 3669 1002 3730 quem
1029 3651 1129 3712 ritum
1157 3650 1341 3732 baptismum

261 3777 426 3818 vocamus

306 3875 352 3926 10.
401 3871 435 3918 20
449 3857 688 3922 corollarium:
713 3857 903 3938 Baptismus
919 3855 1044 3921 Cltm'sti
1057 3877 1078 3916 a
1094 3855 1340 3939 baptismolaaa-

263 3962 315 4023 m's
330 3961 447 4040 (infert.
493 3961 544 4024 De
551 3961 622 4043 fide
636 3970 683 4022 est
698 3970 813 4023 contra
832 3959 1016 4021 Lutherum
1040 3960 1231 4041 multosque
1252 3969 1342 4040 prote·

264 4073 400 4134 stantes
411 4073 447 4124 ut
457 4075 588 4126 constat
600 4085 644 4126 ex
654 4083 744 4125 conc.
764 4062 852 4124 Trid.
865 4068 880 4094 ‘⁶
890 4061 924 4126 Si
936 4063 1010 4143 quis
1020 4062 1146 4124 dixerit
1157 4063 1340 4144 baptismum

304 4279 390 4346 ¹J0a.
405 4279 461 4340 ΙΙΙ,
477 4293 499 4345 5.
513 4307 542 4315 -
556 4281 660 4334 =Matt
676 4282 816 4341 XXVIII,
833 4296 918 4341 rozo.
933 4280 1086 4334 -—³Marc.
1098 4281 1180 4346 XVI,
1195 4283 1234 4334 16.
