2780 4646
250 113 313 166 122
702 115 836 166 CAPUT
853 113 895 163 11.

251 297 341 360 nime
351 305 476 359 certum
487 297 599 360 evadit
609 295 696 358 hunc
707 295 758 359 vel
770 295 862 358 illum
872 295 1040 358 hominem
1051 304 1143 357 certo
1154 295 1328 358 omnesillas
1365 303 1373 326 ³*

251 399 486 480 dispositiones
503 400 534 460 in
552 419 587 460 se
603 399 731 461 habere.
770 399 926 480 Jamvero
941 418 985 460 ex
999 394 1096 460 ditiis
1109 399 1142 460 in
1162 399 1193 461 Τ
1190 398 1329 460 nchide

250 501 420 564 conclusio
436 501 624 582 theologica
640 521 680 563 ea
695 512 746 564 est
761 521 837 582 quae
853 522 897 564 ex
914 500 1085 582 praemissh
1097 501 1242 564 revelata
1256 511 1284 563 et
1297 520 1328 560 ex
1372 517 1373 526 ¹

251 603 315 665 alia
331 604 558 685 propositione
574 607 663 665 certa
678 603 861 666 deducitur.

292 735 358 816 1⁶9.
399 746 431 796 2⁰
450 739 547 797 Thesr's
561 767 571 800 .·
593 736 718 801 Gratia
731 736 1003 816 justificationis
1025 755 1096 801 nou
1118 742 1175 802 est
1190 737 1224 800 in
1239 735 1329 800 omui·
1364 711 1365 727 ¹

250 834 319 898 bus
339 835 497 914 aequalis,
520 835 586 898 sed
608 839 665 898 est
687 835 871 914 inaequalis
894 835 929 898 in
952 835 1103 899 diversis
1118 834 1237 914 justis,
1255 835 1328 898 etin

250 934 377 997 eodem
397 933 498 1013 justo
523 950 685 997 crescere
709 938 841 1012 potest.
894 935 945 997 De
961 935 1033 1016 fide
1061 944 1109 997 est
1137 956 1178 997 ex
1207 935 1236 996 Τ
1234 934 1328 996 rident.
1364 937 1373 1018 ,

251 1039 403 1112 dicente:
426 1039 477 1120 (a)
500 1041 697 1121 “Justitiam
723 1042 755 1102 in
780 1041 876 1102 nobis
902 1040 1098 1121 recipientes
1126 1040 1328 1121 unusquisque
1364 1031 1373 1068 '¹

251 1143 433 1205 secundum
458 1163 656 1218 mensuram,
671 1163 772 1224 quam
799 1143 942 1224 Spiritus
965 1139 1098 1204 santius
1122 1143 1260 1223 partitur
1279 1141 1328 1201 sin·

250 1244 336 1327 gulis
353 1254 452 1326 prout
467 1244 538 1308 vult
555 1255 588 1308 et
603 1245 785 1308 secundum
803 1246 970 1326 propriam
988 1246 1147 1327 quusque
1163 1246 1329 1329 dispositio

252 1368 328 1410 nem
345 1359 379 1411 et
395 1350 672 1430 cooperationem.
720 1349 768 1430 (b)
786 1347 821 1413 Si
845 1350 919 1430 quis
943 1349 1066 1412 dixerit
1079 1349 1241 1430 justitiam
1257 1369 1328 1411 acce·

251 1460 344 1533 ptam
369 1471 435 1514 non
460 1453 653 1528 conservari,
671 1462 772 1533 atque
788 1453 889 1515 etiam
913 1452 1026 1534 augeri
1050 1471 1108 1533 per
1131 1453 1219 1516 bona
1240 1471 1329 1534 opera

255 1553 294 1616 A.
312 1552 362 1618 S.”
382 1553 480 1630 (Sess.
498 1555 559 1629 Vl,
577 1555 657 1638 Cap.
674 1571 706 1634 7;
730 1555 809 1618 Can.
828 1555 890 1636 24).

301 1669 331 1718 10
349 1655 464 1736 Scapt.
481 1658 531 1738 (a)
548 1658 580 1722 S.
599 1658 720 1721 Paulus
736 1659 883 1723 declarat
899 1657 1040 1740 gratiam
1057 1657 1154 1719 nobis
1170 1658 1279 1721 donari
1292 1676 1329 1718 sc·

253 1758 393 1822 cundum
411 1779 601 1822 mensuram
617 1781 692 1842 quae
712 1762 837 1843 pendet
853 1781 872 1823 a
887 1762 1060 1842 voluntate
1076 1759 1221 1825 Christi:
1242 1767 1257 1793 ‘⁴
1267 1759 1329 1824 Uni·
1372 1787 1373 1794 ¹

253 1863 372 1942 cuique
388 1871 538 1924 nostrum
555 1863 635 1924 data
651 1874 702 1927 est
717 1865 825 1946 gratia
842 1865 1021 1925 secundum
1044 1883 1231 1928 mensuram
1246 1863 1330 1926 dona·
1372 1861 1373 1866 ’

253 1966 352 2030 tionis
376 1965 497 2030 Christi
511 1966 575 2046 '’1;
598 1969 690 2049 atqui
715 1968 804 2049 quod
828 1970 927 2030 datur
950 1977 1146 2044 mensurate,
1170 1969 1329 2032 secundum

252 2068 388 2132 liberam
406 2066 528 2132 Christi
545 2069 762 2144 voluntatem,
775 2090 841 2132 non
858 2072 957 2132 datur
972 2089 1102 2150 semper
1117 2081 1151 2133 et
1168 2069 1330 2134 necessario

252 2173 285 2233 in
303 2175 457 2233 mensura
473 2171 602 2252 aequali.
648 2171 699 2252 (b)
716 2173 867 2236 Christus
883 2171 1030 2234 declarat
1042 2173 1182 2253 gratiam
1193 2171 1331 2253 justifica·

253 2275 352 2336 tionis
363 2275 606 2355 proportionari
622 2275 896 2356 dispositionibus
909 2271 1048 2356 subjedti
1063 2296 1071 2337 ε
1094 2279 1111 2306 “
1123 2276 1331 2338 Remittuntur

253 2379 282 2440 ei
306 2386 443 2458 peccata
467 2377 572 2441 multa
595 2380 751 2460 quoniam
776 2379 897 2442 dilexit
919 2377 1060 2440 multum
1074 2377 1135 2440 ”22
1169 2378 1258 2459 atqui
1279 2394 1330 2438 uon

253 2500 383 2562 semper
398 2479 542 2561 aequales
558 2491 636 2543 suut
652 2480 791 2562 subjet‘ti
808 2481 1041 2563 dispositiones
1056 2502 1062 2557 ;
1085 2499 1173 2561 ergo.
1219 2481 1262 2562 (c)
1284 2480 1331 2542 Pa·

254 2583 331 2645 riter
353 2603 510 2664 expresse
533 2584 719 2647 declaratur
739 2585 867 2666 justum
893 2586 924 2646 in
945 2583 1074 2664 justitia
1091 2584 1199 2646 semel
1216 2585 1331 2663 accepti

254 2703 398 2747 crescere
421 2705 540 2766 posse:
564 2685 661 2767 “Qui
682 2687 792 2768 justus
816 2697 867 2750 est
888 2684 1086 2767 justificetur
1106 2685 1223 2761 adhuc,
1238 2695 1269 2748 et
1289 2681 1331 2764 qui
1372 2679 1373 2684 ’

254 2785 387 2850 sanctus
410 2797 462 2850 est
484 2787 708 2852 sanctificetur
731 2790 840 2854 adhuc
851 2791 867 2817 '¹
879 2802 900 2852 3.
960 2789 1094 2852 Frustra
1117 2788 1217 2869 igitur
1239 2789 1331 2850 Prote·

255 2901 380 2954 stantes
392 2893 477 2954 inter
486 2892 760 2972 justificationem
774 2904 808 2957 et
821 2891 1117 2957 sanetificatiouem
1130 2892 1332 2973 distinguunt;
1372 2887 1373 2900 ¹

254 3014 331 3056 nam
356 2995 388 3055 in
412 2995 552 3075 praesato
576 3007 672 3060 textu
696 3007 874 3080 utrumque
894 3008 1174 3062 commemoratur
1194 3008 1230 3061 ut
1249 3000 1332 3060 iucre-
1372 2997 1373 3048 l

256 3097 358 3158 menti
375 3117 491 3177 capax.

300 3211 334 3260 2⁰
348 3198 425 3262 Rat.
442 3200 530 3264 theol.
558 3201 667 3266 Valde
683 3205 830 3266 convenit
844 3214 880 3267 ut
896 3205 928 3268 in
946 3205 1104 3267 societate
1120 3203 1276 3285 spirituali
1289 3219 1333 3262 va·

255 3303 353 3364 rietas
377 3303 472 3377 adsit,
495 3306 579 3368 sicut
603 3306 636 3368 in
661 3307 732 3388 ipsa
756 3309 915 3371 societate
938 3306 1046 3384 civili;
1081 3306 1173 3387 atqui
1196 3307 1236 3369 ad
1258 3305 1333 3366 illam

255 3405 448 3468 varietatem
476 3409 651 3488 requiritur
682 3421 719 3473 ut
749 3413 857 3493 gratia
884 3409 1069 3492 justificans
1101 3428 1166 3471 non
1198 3407 1334 3471 omnibus

255 3509 426 3589 aequaliter
442 3511 547 3585 detur,
560 3513 617 3573 sed
634 3515 816 3577 secundum
835 3515 899 3578 Dei
917 3515 1053 3576 liberam
1066 3513 1278 3584 voluntatem,
1289 3505 1333 3588 qui

255 3611 343 3674 bona
359 3633 418 3676 sua
434 3615 631 3679 distribuere
648 3627 768 3698 potest,
781 3627 879 3698 prout
895 3617 974 3692 vult,
990 3627 1023 3678 et
1041 3615 1225 3696 recipientis
1240 3615 1334 3692 dispo·

256 3715 390 3777 sitiones
414 3717 628 3797 dispensetur,
645 3731 681 3782 ut
705 3721 751 3782 sic
773 3721 814 3782 ad
840 3720 957 3784 melius
980 3719 1146 3802 agendum
1163 3725 1335 3786 moveatur;

256 3835 341 3894 ergo.
387 3817 452 3898 (Cl.
471 3819 505 3882 S.
528 3819 583 3884 Tu.
606 3839 629 3884 1.
648 3839 674 3884 2.
691 3844 721 3905 q.
744 3839 811 3899 112,
828 3843 855 3887 a.
871 3825 916 3904 4).

325 3949 378 3958 —-‹
386 3951 623 3962 ——---—-—--.-

291 4023 413 4092 'lipsien
432 4023 526 4092 1v‚7;
546 4029 578 4083 ct.
597 4031 682 4084 ,tlara
698 4031 789 4095 XXV,
807 4045 894 4100 ις-κο,
916 4029 962 4084 ubi
982 4029 1044 4083 haec
1063 4025 1191 4082 doctrina
1209 4037 1336 4094 compara·

256 4111 331 4164 tione
345 4111 516 4166 talentorum
529 4113 697 4171 declaratur.

340 4195 1334 4273 inruat-*Amaxxll,rr;ctProv.IV,18;llPetr.111‚1t.
