2758 4652
476 189 532 238 DE
549 190 724 241 ORDINE.
1082 192 1148 244 503

41 363 157 433 crandi,
174 375 203 421 et
215 364 357 424 offerendi
371 383 472 425 verum
486 385 593 440 corpus
606 379 635 426 et
647 371 822 442 sanguinem
836 370 969 440 Domini,
985 379 1014 428 et
1027 379 1149 442 peccata

41 451 216 509 remittendi
229 465 258 512 et
270 454 432 527 retinendi;
445 456 498 514 sed
511 456 641 514 officium
654 466 768 514 tantum
783 465 811 514 et
825 455 939 514 nudum
954 457 1149 516 ministerium

41 537 228 607 praedicandi
244 539 447 612 Evangelium,
464 543 510 600 vel
530 561 590 611 eos,
603 542 655 615 qui
675 561 734 600 non
754 543 926 616 praedicant,
950 560 1068 617 prorsus
1088 561 1148 602 non

40 641 106 680 esse
120 623 299 683 Sacerdotes
311 649 318 694 ;
338 627 372 684 Α,
388 626 415 685 S.
635 635 638 640 '

79 709 159 767 Can.
175 728 199 767 2.
239 712 269 769 Si
283 713 349 784 quis
363 713 476 784 dixerit,
486 727 592 789 praeter
604 716 820 785 Sacerdotium,
830 735 891 775 non
900 733 965 775 esse
976 717 1005 773 in
1015 716 1150 775 Ecclesia

39 796 193 854 catholica
206 798 279 855 alios
293 799 432 870 Ordines,
450 811 479 860 et
492 803 628 874 majores,
640 813 669 861 et
689 802 826 873 minores,
840 821 892 876 per
903 821 988 876 quos,
1005 803 1084 862 velut
1098 821 1150 876 per

39 883 154 950 gradus
168 885 326 955 quosdam,
339 887 369 943 in
383 886 590 947 Sacerdotium
603 890 761 960 tendatur;
779 891 816 948 A.
833 890 862 948 S.

77 969 156 1026 Can.
171 989 194 1042 3.
232 972 261 1028 Si
276 973 343 1044 quis
357 974 472 1046 dixerit,
485 975 640 1048 Ordinem,
653 977 714 1035 sive
726 994 839 1034 sacram
852 976 1077 1036 Ordinationem
1089 995 1149 1037 non

38 1071 104 1113 esse
126 1074 196 1114 vere
217 1068 247 1116 et
263 1059 382 1131 proprie
400 1073 628 1134 sacramentum,
647 1083 664 1122 a
681 1064 800 1124 Christo
820 1065 952 1122 Domino
970 1065 1147 1132 institutum,

38 1143 83 1199 vel
99 1161 169 1201 esse
183 1144 359 1217 figmentum
372 1148 526 1219 quoddam
545 1151 710 1210 humanum
727 1151 927 1222 excogitatum
940 1169 958 1208 a
971 1151 1038 1208 viris
1051 1169 1147 1210 rerum

38 1230 312 1288 ecclesiasticarum
324 1233 475 1306 imperitis,
488 1247 539 1294 aut
549 1255 614 1296 esse
624 1247 739 1295 tantum
749 1237 838 1294 ritum
849 1236 1011 1307 quemdam
1020 1237 1148 1309 eligendi

38 1317 195 1375 ministros
207 1317 288 1377 verbi
304 1320 370 1391 Dei,
386 1331 415 1378 et
428 1336 700 1395 sacramentorum
719 1324 754 1381 A.
769 1323 798 1382 S.

77 1403 157 1460 Can.
172 1423 198 1474 4.
239 1404 268 1461 Si
284 1405 352 1476 quis
371 1407 484 1478 dixerit,
501 1426 552 1480 per
565 1429 678 1469 sacram
691 1410 918 1470 ordinationem
932 1428 993 1468 non
1007 1411 1069 1469 dari
1084 1412 1149 1484 Spi-

38 1490 130 1547 ritum
146 1491 335 1560 sanetumac
348 1495 474 1566 proinde
488 1495 594 1554 trustra
607 1498 773 1570 Episcopos
786 1497 905 1556 dicere:
927 1498 1069 1570 “Accipe
1083 1497 1147 1571 Spi-

37 1577 130 1633 ritum
145 1579 280 1636 sanctum
290 1580 325 1651 ’';
343 1591 394 1638 aut
409 1599 538 1652 peream
552 1602 613 1641 non
627 1585 757 1658 imprimi
769 1583 969 1642 characterem
983 1607 990 1655 ;
1010 1585 1055 1642 vel
1069 1603 1145 1657 eum,

37 1664 88 1734 qui
104 1664 254 1722 Sacerdos
268 1668 359 1724 semel
374 1667 437 1738 fuit,
454 1669 561 1726 laicum
577 1689 675 1729 rursus
689 1671 751 1730 lieri
766 1689 872 1743 posse;
891 1672 926 1730 Α
941 1672 970 1729 S.

76 1751 156 1808 Can.
172 1765 197 1823 5.
238 1753 267 1810 Si
281 1755 348 1824 quis
361 1755 475 1824 dixerit,
486 1773 598 1814 sacram
613 1758 809 1825 Unctionem,
822 1758 883 1829 qua
894 1759 1028 1816 Ecclesia
1042 1759 1071 1816 in
1085 1777 1150 1816 san·

37 1837 86 1892 ela
108 1837 310 1897 Ordinatione
330 1841 428 1910 utitur,
448 1859 509 1900 non
529 1852 642 1900 tantum
663 1861 724 1900 non
743 1843 860 1914 requiri,
884 1843 937 1901 sed
956 1854 1149 1902 contemnen-

38 1925 121 1993 dam,
133 1935 164 1982 et
174 1925 372 1996 perniciosam
383 1945 460 1999 esse;
469 1928 603 1987 similiter
612 1939 642 1987 et
649 1930 721 1988 alias
732 1929 854 1989 Ordinis
862 1931 1067 2001 caeremoniam
1077 1931 1146 1989 A.S.

76 2011 154 2067 Can.
174 2016 200 2066 6.
240 2012 269 2069 Si
289 2014 356 2085 quis
375 2013 488 2085 dixerit,
506 2014 535 2071 in
557 2013 693 2072 Ecclesia
712 2013 859 2072 catholica
878 2030 938 2072 non
958 2031 1023 2071 esse
1042 2015 1149 2072 hierar·

37 2097 141 2154 chiam
165 2098 264 2156 divina
289 2100 477 2160 ordinatione
499 2100 672 2172 institutam,
691 2116 759 2171 quae
784 2109 900 2158 constat
924 2117 960 2160 ex
982 2100 1149 2174 Episcopis,

38 2184 234 2256 Presbyteris,
252 2195 281 2244 et
296 2187 459 2246 Ministris:
479 2189 514 2244 A.
529 2188 557 2246 S.

76 2273 153 2330 Can.
169 2289 192 2345 7.
230 2274 259 2331 Si
273 2276 339 2345 quis
353 2276 468 2345 dixerit,
483 2275 650 2348 Episcopos
669 2292 730 2331 non
747 2291 812 2332 esse
827 2272 1006 2345 Presbyteris
1019 2274 1149 2346 superio·

36 2377 92 2428 res,
106 2360 156 2416 vel
171 2379 230 2417 non
245 2361 354 2419 habere
367 2373 546 2434 potestatem
559 2359 767 2428 confirmandi,
780 2369 810 2418 et
826 2360 984 2418 ordinandi
992 2382 999 2432 ;
1012 2362 1058 2419 vel
1071 2379 1146 2434 earn,

36 2465 133 2516 quarn
147 2445 267 2518 habent,
284 2448 340 2505 illis
359 2467 425 2507 esse
443 2468 512 2507 curn
534 2448 714 2520 Presbyteris
731 2464 943 2518 communem;
959 2447 1006 2504 vel
1019 2447 1149 2506 Ordines

35 2533 76 2591 ab
95 2533 169 2605 ipsis
186 2535 309 2593 collatos
327 2536 391 2594 sine
408 2537 511 2609 populi
532 2537 578 2594 vel
594 2535 749 2608 potestatis
766 2534 905 2592 secularis
922 2552 1080 2606 consensu,
1095 2547 1146 2594 aut

36 2619 206 2689 vocatione,
224 2621 319 2678 irritos
338 2640 413 2687 esse,
430 2633 481 2679 aut
499 2640 559 2692 eos,
576 2622 627 2694 qui
643 2640 699 2680 nec
714 2621 753 2678 ab
772 2621 980 2679 Ecclesiastice
1000 2632 1147 2694 potestate

35 2707 93 2763 rite
117 2706 257 2778 ordinati,
279 2725 336 2765 nec
355 2709 435 2765 missi
455 2720 533 2778 sunt,
553 2708 606 2767 sed
625 2708 747 2766 aliunde
767 2708 899 2777 veniunt,
918 2708 1066 2778 legitimos
1085 2725 1149 2766 esse

38 2794 124 2851 verbi
140 2805 170 2851 et
183 2806 435 2853 sacramentorum
450 2796 619 2854 ministros:
640 2796 676 2853 A.
691 2796 718 2853 S.

78 2880 155 2936 Can.
170 2883 193 2936 8.
232 2881 262 2938 Si
276 2881 343 2952 quis
356 2881 470 2952 dixerit,
485 2882 661 2954 Episcopos,
673 2882 724 2954 qui
737 2881 913 2939 auctoritate
927 2880 1057 2938 Romani
1072 2881 1149 2938 Pon-

37 2961 131 3019 tificis
140 2975 340 3034 assumuntur,
352 2982 412 3021 non
422 2982 486 3022 esse
497 2964 653 3036 legitimos,
662 2975 691 3022 et
700 2982 767 3023 vere
778 2965 955 3038 Episcopos,
964 2964 1017 3022 sed
1027 2963 1149 3035 figmen-

38 3059 106 3107 tum
122 3048 307 3110 humanum:
326 3053 361 3108 A.
378 3053 404 3108 S.

419 3194 777 3275 praenotanda.

87 3371 116 3422 1.
165 3356 338 3421 Absolutis
362 3359 409 3420 eis
434 3380 508 3439 quae
532 3360 574 3422 de
597 3358 822 3422 Sacramentis
844 3359 1005 3422 individui
1029 3357 1149 3422 saneti-

39 3460 234 3523 ficationem
262 3461 512 3542 respicientibus
539 3462 682 3524 dicenda
708 3470 811 3538 erant,
837 3461 1004 3542 agendum
1032 3470 1082 3523 est
1108 3461 1151 3524 de

40 3562 108 3626 illis
134 3583 208 3644 quae
233 3566 507 3628 communitatem
533 3563 722 3644 respiciunt,
749 3583 869 3645 nempe
895 3553 949 3627 de
967 3563 1091 3627 Ordine
1117 3575 1149 3628 et

39 3665 272 3728 Matrimonia.

90 3765 158 3854 (A)
173 3769 268 3845 Ordo,
280 3769 314 3832 in
321 3790 446 3850 genere,
457 3767 622 3849 significat
633 3769 887 3850 dispositionem
901 3770 1105 3850 superiorum
1117 3780 1150 3833 et

41 3872 237 3934 inferiorum
257 3893 465 3954 rerumquae
487 3873 572 3934 inter
593 3892 628 3933 se
651 3874 697 3934 ita
717 3872 955 3934 coordinantur
973 3882 1011 3935 ut
1025 3892 1092 3934 una
1107 3874 1148 3935 ad

41 3975 184 4036 alteram
208 3976 386 4051 referatur;
410 3975 610 4057 quandoque
631 3975 707 4037 ordo
730 3977 870 4038 sumitur
891 3995 950 4056 pro
971 3978 1076 4057 gradu
1098 3978 1149 4038 vel

42 4076 218 4158 dignitate,
238 4086 295 4140 aut
316 4087 404 4140 coetu
424 4078 598 4140 hominum
623 4079 678 4158 qui
699 4078 760 4140 hac
784 4079 947 4159 dignitate
970 4089 1150 4155 ornantur;

42 4181 173 4261 optime
197 4180 296 4262 igitur
316 4202 383 4242 vox
407 4181 462 4242 illa
485 4183 527 4243 de
549 4181 641 4242 sncrci
656 4179 837 4243 ln'erarcln'ci
854 4181 1060 4262 praedicatur,
1075 4203 1150 4264 quae

42 4305 88 4346 ex
105 4284 203 4345 variis
219 4283 377 4364 gradibus
394 4292 525 4347 constat
542 4283 583 4346 ad
601 4304 704 4347 unum
721 4283 820 4347 linem
837 4284 1060 4361 tendentibus,
1075 4306 1149 4348 san-

133 4419 258 4463 Sruorsrs
271 4418 316 4464 111.
330 4443 357 4451 -
370 4420 398 4475 38
