2794 4662
235 184 303 234 62⁴
603 181 659 230 DE
678 181 970 232 arumnorum.

236 364 338 424 monii
361 337 584 425 sanctificatur
604 363 682 424 unio
705 362 764 423 viri
787 371 821 424 et
841 361 983 437 feminae,
999 381 1044 423 ex
1066 365 1134 441 qua
1159 360 1345 440 gignuntur

235 465 323 527 cives
340 465 395 546 qui
415 475 590 545 utramque
608 466 802 527 societatem
822 463 1009 540 efformant,
1024 464 1157 527 civilem
1183 475 1218 525 et
1244 462 1345 524 eccle·

236 569 410 631 siasticam.
456 569 581 651 Quanti
604 568 765 630 momenti
786 569 830 631 sit
849 570 892 631 de
912 568 977 631 hoc
998 577 1213 630 sacramento
1233 568 1345 649 dispu-

237 680 306 734 tare
329 671 375 733 illi
398 691 513 733 omnes
541 675 672 745 norunt,
695 670 815 752 quibus
842 691 1035 752 persuasum
1063 680 1207 734 estnon
1237 669 1346 732 solum

238 775 493 850 individuorum,
509 774 567 835 sed
584 774 684 836 ctiam
703 772 901 836 familiarum
923 774 1191 854 societatumque
1207 773 1348 834 solicita-

238 886 305 940 tem
321 887 355 940 et
371 878 626 959 prosperitatem
643 896 663 937 a
679 875 819 938 filiorum
844 878 1073 956 procreatione
1088 877 1254 957 bonaque
1272 876 1349 938 edu·

238 981 368 1043 catione
385 980 523 1042 omnino
539 979 690 1060 pendere.

280 1095 309 1144 2.
364 1082 467 1145 Van'a
487 1082 626 1143 norrcino.
673 1081 926 1143 Matrimonium
949 1081 1094 1156 (matris,
1111 1081 1294 1158 ninnium)
1309 1083 1350 1143 ita

238 1185 431 1268 appellatur,
443 1186 521 1267 quia
534 1195 640 1248 mater
653 1185 685 1246 in
700 1183 791 1266 prole
807 1183 1018 1265 suscipienda
1033 1193 1066 1245 et
1082 1182 1268 1245 educanda
1287 1204 1350 1244 ma·

236 1289 341 1370 jorem
356 1309 491 1371 operam
504 1309 605 1370 quam
617 1298 712 1370 pater
724 1288 916 1368 regulariter
932 1287 1105 1368 impendit,
1115 1306 1223 1368 quum
1241 1287 1350 1349 inians

240 1392 336 1455 matri
353 1396 368 1422 ‘¹
381 1401 458 1453 ante
474 1401 606 1472 partum
623 1411 791 1469 onerosus,
806 1393 980 1457 dolorosus
997 1395 1029 1455 in
1046 1403 1152 1474 partu,
1169 1403 1256 1473 post
1281 1414 1351 1473 par·

240 1506 310 1558 tum
338 1494 521 1557 laboriosus
548 1494 647 1557 fuisse
674 1497 855 1560 noscatur”
867 1509 887 1559 ¹.
932 1497 1083 1559 Vocatur
1108 1497 1213 1558 etiam
1244 1500 1352 1579 consic-

234 1599 329 1678 gr'um
350 1597 624 1678 (cum,jungerc),
640 1600 718 1679 quia
741 1609 791 1661 est
814 1599 916 1662 veluti
940 1618 1118 1662 commune
1139 1597 1280 1680 jugum,
1305 1601 1352 1662 cui

240 1711 359 1782 sponte
375 1721 410 1762 se
425 1700 623 1763 submittunt
639 1702 694 1783 qui
713 1703 961 1765 matrimonium
983 1701 1187 1765 contrahunt
1201 1727 1208 1782 ;
1233 1724 1352 1764 conno-

240 1805 337 1880 bium,
351 1825 408 1867 seu
432 1805 552 1885 nuptio
574 1807 608 1886 (a
631 1806 784 1882 nubendo,
808 1807 825 1868 i.
842 1827 868 1870 e.
883 1805 1049 1886 velando),
1064 1806 1140 1887 quia
1160 1807 1354 1887 antiquitus

240 1929 380 1990 sponsae,
396 1910 531 1990 quando
549 1910 626 1971 viris
648 1911 873 1982 tradebantur,
889 1919 991 1991 caput
1012 1908 1096 1984 vcl0,
1112 1910 1258 1990 pudoris
1283 1931 1355 1992 gra·

240 2013 295 2088 tia,
321 2011 562 2094 operiebanr23
586 2014 778 2074 consortium
805 2001 904 2092 (cuore,
926 2016 1022 2091 sors),
1045 2032 1112 2093 quo
1139 2012 1355 2093 significatur

240 2115 424 2179 ardlissima
446 2135 622 2195 corporum
647 2117 900 2197 animorumque
922 2116 1063 2178 societas
1078 2121 1144 2197 qua
1160 2117 1211 2177 vir
1228 2127 1268 2178 et
1286 2139 1356 2180 mu-

241 2219 298 2281 lier
313 2216 563 2280 connectuntur.

284 2323 535 2384 Matrimonium
559 2331 595 2384 ut
614 2319 804 2384 contractus
820 2321 980 2384 naturalis
997 2331 1029 2384 ct
1046 2332 1082 2385 ut
1098 2334 1355 2386 sacramentum

241 2422 381 2506 spectari
397 2433 515 2504 potest.

283 2545 312 2608 3.
362 2527 408 2590 Ut
434 2529 622 2601 contradices,
645 2526 774 2590 definiri
798 2537 932 2609 potest:
958 2529 1034 2589 unio
1056 2528 1205 2609 legitima
1230 2529 1357 2590 viriet

242 2629 395 2703 rrcolierr's,
419 2640 568 2691 cornuum
590 2640 620 2692 et
633 2641 823 2712 perpetuum
836 2633 900 2712 jus
922 2631 1002 2711 ipsis
1024 2632 1187 2709 conserens
1208 2639 1289 2693 lum
1316 2633 1357 2693 nd

242 2735 332 2795 odius
347 2753 386 2794 cx
399 2755 432 2794 sc
445 2744 535 2813 aptos
549 2734 842 2815 adgenerationcm
848 2735 961 2814 prolis,
972 2743 1041 2794 trcm
1057 2733 1106 2795 ad
1118 2734 1195 2794 vitce
1209 2755 1352 2796 commu-

242 2839 294 2899 nis
307 2838 509 2899 consortium.
550 2838 697 2915 Dicitur;
719 2838 769 2919 (a)
786 2839 862 2901 unio
876 2836 1024 2918 legitima
1084 2836 1101 2897 i.
1115 2856 1141 2898 e.
1155 2836 1243 2899 inita
1255 2838 1354 2918 juxta
1393 2827 1394 2906 l

242 2941 331 3022 leges
358 2941 427 3001 sive
454 2940 621 3002 naturales
652 2942 721 3002 sive
751 2941 920 3020 positivae,
947 2938 1067 3020 quibus
1098 2939 1353 3002 matrimonium

243 3043 550 3122 1·egitur‚videlicet
573 3043 658 3103 inter
680 3043 785 3103 virum
810 3053 843 3105 et
865 3040 1046 3116 mulierem,
1067 3041 1122 3122 qui
1147 3041 1295 3104 aliunde
1318 3043 1354 3104 ad
1392 3095 1393 3104 ,

242 3145 430 3224 hujusmodi
446 3143 653 3207 contrabium
670 3147 712 3207 de
726 3146 798 3225 jure
814 3153 891 3207 sunt
907 3143 1042 3206 habiles

242 3247 290 3326 (b)
305 3248 464 3309 Mutuum
477 3257 507 3309 ct
514 3251 765 3329 perpetuumjus
775 3248 823 3310 ad
830 3249 921 3310 ocius
976 3247 1096 3329 quibus
1111 3247 1222 3308 verbis
1242 3249 1354 3312 decla·

243 3362 332 3413 ratur
339 3352 528 3432 primarius
544 3350 617 3412 finis
637 3353 849 3426 matrimonii,
864 3351 1019 3412 videlicet
1037 3349 1139 3430 prolis
1160 3353 1353 3430 procreatio

242 3455 283 3516 ad
301 3464 540 3535 consequenter
556 3455 731 3516 educatio:
758 3454 799 3515 ad
817 3453 994 3515 essentiam
1012 3460 1125 3514 autem
1142 3452 1353 3516 matrimonii

243 3579 308 3620 non
327 3559 501 3638 requiritur
517 3567 553 3619 ut
568 3558 610 3619 de
627 3556 715 3619 lacto
732 3557 788 3619 lilii
806 3559 993 3638 gignantur,
1003 3573 1106 3636 quum
1123 3554 1259 3618 steriles
1278 3556 1352 3638 legi-

243 3662 323 3723 time
339 3663 466 3723 nubant
480 3686 487 3740 ;
507 3682 566 3723 nec
582 3663 683 3722 etiam
701 3682 779 3723 usus
796 3661 1007 3735 matrimonii,
1023 3680 1126 3740 quum
1145 3660 1179 3722 B.
1194 3660 1313 3743 Virgo
1328 3679 1353 3725 e:

244 3765 276 3827 S.
292 3765 417 3845 Joseph
435 3764 585 3844 legitimo
604 3764 817 3825 matrimonio
838 3759 1005 3844 conjuncti
1029 3763 1106 3837 sint,
1126 3761 1204 3824 licet
1222 3763 1354 3843 juribus
1391 3783 1392 3832 3

244 3867 542 3928 matrimonialibus
566 3886 736 3947 nunquam
760 3867 808 3928 usi
833 3866 974 3942 fuerint3
1005 3865 1062 3926 sed
1088 3864 1211 3927 sufficit
1224 3867 1297 3946 jus
1319 3871 1353 3930 ad

245 3969 318 4028 illos
335 3966 427 4029 attus
444 3971 499 4048 qui
517 3989 555 4030 ex
570 3990 603 4030 se
621 3970 689 4050 apti
714 3979 792 4031 sunt
813 3971 855 4031 ad
878 3969 978 4052 prolis
999 3967 1267 4049 generationem,
1285 3973 1355 4033 licet

245 4089 302 4148 per
318 4070 469 4130 accidens
492 4071 671 4150 aliquando
695 4073 864 4150 generatio
887 4091 951 4132 non
971 4079 1137 4151 sequatur.
1187 4071 1283 4135 Illud
1305 4095 1353 4136 au·
1390 3999 1392 4128 l

247 4209 308 4220 μ-
458 4213 477 4218 -
482 4213 557 4220 -ᾑ-
574 4215 620 4220 --..
838 4217 901 4222 —--

282 4291 288 4312 ¹
305 4277 334 4328 S.
354 4279 466 4344 Gregor.
484 4281 538 4342 IX,
556 4283 679 4343 Decret,
697 4281 742 4334 lib.
760 4284 814 4350 Ill,
832 4285 874 4336 tit.
891 4298 932 4352 33,
946 4301 970 4337 c.
988 4302 1011 4337 2.
1030 4313 1062 4322 —
1075 4287 1085 4310 ²
1100 4285 1166 4338 Gon.
1184 4285 1353 4356 XX1V,05
