2752 4648
205 168 261 218 DE
285 169 505 221 MYSTERIO
522 170 792 224 PRAESEN'UAE
811 171 975 222 nanus.
1073 170 1140 222 357

58 347 151 410 ticuiis
167 343 374 424 consecratis,
389 371 465 434 quae
480 363 557 434 post
574 351 842 416 communionem
859 351 1072 415 'reservantur
1086 349 1138 413 vei

56 461 227 530 supersunt,
243 473 310 515 non
327 474 497 518 remanere
513 475 628 518 verum
643 476 762 538 corpus
778 456 939 522 Domini:
968 455 1009 518 A.
1023 453 1075 520 S.”

95 566 123 615 1⁰
134 553 258 636 Script,
273 576 317 618 ex
333 555 443 620 verbis
460 557 685 634 institutionis,
700 565 716 591 ‘⁸
730 560 882 642 Accipite
897 569 931 624 et
946 559 1112 623 comedite
1131 581 1138 621 :

54 655 108 717 hoc
127 667 177 720 est
199 677 318 740 corpus
342 679 453 723 meum
464 660 488 724 ’'.
540 662 629 724 Vera
644 663 779 743 quidem
803 663 858 725 illa
873 663 975 725 verba
997 661 1139 735 suerunt,

53 759 154 822 statim
170 780 209 823 ac
225 762 354 842 prolata
368 784 375 838 ;
401 763 495 844 atqui
512 763 642 845 prolata
657 776 734 830 sunt
749 775 828 828 ante
844 785 949 840 usum,
965 783 1022 826 seu
1044 767 1139 827 ante-

52 880 140 940 quam
168 861 323 945 Apostoli
349 885 476 928 sacram
501 869 771 931 communionem
797 868 1025 949 susciperent:
1057 886 1138 948 ergo

50 976 118 1027 ante
133 987 237 1044 usum,
258 979 292 1032 et
308 965 572 1052 independenter
590 970 634 1034 ab
658 991 730 1048 usu,
748 971 899 1035 Christus
925 989 1071 1051 praesens
1086 978 1138 1031 est

50 1068 78 1130 in
123 1071 339 1136 Eucharistia
409 1071 509 1156 Quod
558 1074 693 1156 quidem
742 1081 975 1154 argumentum
1021 1082 1137 1135 contra

51 1169 200 1236 Eucerum
239 1174 357 1238 vaiet:
405 1175 632 1241 Chemnitzius
670 1185 781 1240 autem
824 1175 1019 1238 Traditione
1058 1194 1136 1238 con·

48 1271 170 1339 iutatur.

86 1391 118 1438 2⁰
139 1379 168 1440 T
165 1381 326 1443 raditione
342 1405 354 1445 .·
381 1383 435 1445 Ex
453 1383 600 1446 Ecclesia
608 1382 713 1463 prasi
727 1406 739 1444 .·
764 1381 814 1462 (a)
830 1380 927 1464 praxi
943 1381 1134 1444 communta-

48 1478 93 1539 nis
105 1481 294 1556 donresticcae
317 1504 360 1546 ex
379 1475 580 1548 Tertulliano
595 1485 651 1568 (de
663 1495 743 1548 orat.
758 1506 786 1547 n.
803 1485 855 1564 19)
868 1494 999 1548 constat
1012 1483 1136 1560 fideles,

47 1589 186 1664 tempore
216 1587 463 1667 persecutionis,
495 1587 738 1652 Eucharistiam
771 1590 802 1651 in
834 1589 985 1670 proprias
1015 1587 1136 1650 domos

47 1691 231 1766 asportasse,
261 1699 299 1751 ut
329 1691 454 1772 seipsos
484 1693 788 1766 communicarent;
827 1693 915 1754 idem
947 1690 1086 1754 refertur
1114 1712 1135 1776 a

49 1785 78 1848 S.
102 1787 258 1871 Cypriane
280 1793 337 1873 (de
364 1793 473 1875 lapsis,
496 1815 525 1858 n.
551 1797 614 1877 26),
639 1797 695 1877 qui
722 1795 817 1859 addit
841 1793 955 1857 fideles
977 1794 1134 1858 habuisse

46 1910 129 1954 arcas
144 1895 175 1956 in
188 1896 310 1977 quibus
323 1917 395 1960 eam
413 1899 653 1976 recondebant;
677 1900 745 1962 imo
758 1900 923 1961 interdum
937 1899 1134 1981 navigantes

47 2013 148 2059 secum
169 2019 242 2062 eam
266 1999 444 2078 habebant,
460 2023 510 2078 ne,
527 2003 725 2067 adveniente
748 2003 930 2084 naufragio,
946 2003 1017 2064 sine
1040 2007 1134 2064 sacra

45 2102 270 2164 communione
284 2123 304 2164 e
319 2103 386 2166 vita
402 2106 542 2182 exirent,
559 2117 595 2170 ut
611 2117 722 2170 narrat
740 2107 774 2171 S.
787 2106 983 2169 Anthrosius
993 2118 1013 2169 ¹.

45 2199 89 2280 (b)
105 2203 156 2266 Ex
167 2205 261 2286 praxi
273 2207 466 2270 asservandi
474 2209 720 2273 Eucleanstiam
737 2212 768 2272 in
784 2209 950 2280 Ecclesiis
964 2229 1039 2290 quae
1054 2229 1133 2270 con·

45 2313 103 2367 stat
124 2327 166 2370 ex
189 2327 317 2371 canone
338 2308 368 2372 C.
386 2309 753 2394 Nt'ccani(can.,13-14),
771 2314 802 2376 in
820 2333 887 2394 quo
909 2311 1132 2393 praescribitur

45 2407 190 2472 diaconos
207 2409 360 2474 fidelibus
376 2433 503 2478 sacram
520 2416 789 2479 communionem
806 2415 982 2496 porrigere,
994 2413 1133 2478 absente

44 2511 203 2576 sacerdote
219 2537 225 2590 ;
252 2534 295 2576 ex
315 2534 375 2578 usu
397 2516 540 2582 habendi
563 2520 595 2581 in
614 2518 845 2581 Ecclesiis'vas
861 2527 1064 2600 argenteum,
1079 2518 1131 2581 vel

44 2631 178 2691 aureum,
193 2617 256 2680 sub
279 2616 385 2679 forma
401 2619 565 2684 columbae
588 2632 645 2684 aut
669 2621 776 2696 turris,
793 2621 824 2684 in
849 2641 916 2704 quo
938 2621 1133 2684 servabatur

45 2713 253 2794 Eucharistia‚
262 2729 322 2782 etc.
334 2733 348 2762 ²

44 2815 84 2896 (c)
96 2821 145 2884 Ex
162 2823 261 2904 praxi
272 2822 438 2903 deferarrdi
447 2826 693 2890 Eucltan'stiam
706 2829 747 2890 ad
761 2827 917 2891 absentes
928 2836 962 2889 et
975 2836 1129 2907 aegrotos,

44 2939 108 3000 quae
130 2935 270 2989 testatur
285 2947 305 2989 a
323 2926 357 2988 S.
367 2925 533 3009 justinus,
553 2941 587 2994 et
608 2952 627 2994 a
648 2931 682 2994 S.
700 2930 857 3010 Dionysio
873 2928 1131 3003 Alexandrinae,

44 3035 71 3086 et
85 3030 261 3107 praesertim
279 3050 298 3092 a
315 3030 413 3094 Conc.
431 3033 563 3095 Nicoeno
578 3033 662 3113 (can.
684 3032 735 3112 13)
758 3030 970 3112 praecipiente
986 3049 1027 3092 ne
1041 3049 1131 3110 pres-

44 3129 137 3211 bneri
161 3147 305 3219 aegrotos
328 3139 399 3201 sine
415 3137 537 3201 viatico
554 3137 638 3198 mori
662 3135 842 3217 patiantur.
888 3133 993 3214 Atqui
1018 3133 1130 3214 hujus-

45 3238 122 3299 modi
138 3238 225 3302 iat'ta
241 3241 380 3303 omnino
395 3241 538 3322 probant
555 3241 587 3300 in
604 3239 718 3319 primis
737 3237 895 3301 Ecclesiae
915 3237 1044 3299 saeculis
1060 3257 1128 3299 cre·

44 3337 137 3404 ditum
162 3343 263 3406 t'uisse
284 3343 452 3408 Christum
478 3343 621 3405 existere
647 3341 678 3401 in
701 3340 909 3404 Eucharistia
931 3359 997 3401 non
1020 3338 1126 3401 solum

45 3437 104 3519 ipso
119 3457 290 3508 momento
305 3445 558 3521 communionis,
574 3455 632 3507 aut
653 3445 754 3506 etiam
776 3465 796 3506 a
817 3443 1063 3505 consecratione
1084 3442 1127 3504 ad

44 3549 309 3626 communionem,
326 3551 383 3612 sed
401 3551 502 3612 modo
518 3548 726 3630 permanenti
744 3570 750 3623 ;
777 3567 863 3628 ergo.

71 3756 77 3778 ¹
91 3748 144 3803 Lib.
164 3755 168 3798 ἑ
188 3751 224 3804 de
240 3751 365 3805 Excessu
378 3752 470 3806 fratris
484 3753 526 3805 sui
541 3752 640 3820 Satyri,
654 3769 681 3805 n.
695 3767 737 3820 43.

71 3832 212 3891 ²Constit.
235 3848 327 3906 apost.
352 3838 368 3892 l.
392 3840 417 3905 8,
439 3855 462 3893 c.
490 3853 528 3906 13.
550 3869 584 3878 -
611 3839 688 3892 Hinc
711 3840 741 3895 S.
768 3838 979 3907 Chrysostomns
1000 3839 1065 3908 (Ep.
1090 3841 1129 3894 ad

46 3919 226 3982 Innocentium
244 3929 264 3994 1,
278 3945 304 3981 n.
320 3936 346 3998 3)
364 3929 461 3984 scribit
478 3947 485 3984 ε
510 3928 526 3956 “
536 3929 655 3988 Locum,
672 3929 700 3980 in
717 3945 772 3998 quo
790 3926 888 3982 sancta
905 3927 1019 3982 condita
1035 3945 1127 3982 serva·

44 4004 137 4080 bantur,
151 4014 270 4084 ingressi
285 4026 350 4069 sunt
362 4015 464 4070 milites
525 4025 552 4068 et
566 4014 760 4068 sanctissimus
776 4013 877 4068 Christi
892 4015 1005 4084 sanguis
1023 4016 1129 4070 effusus

44 4099 103 4152 esti).

71 4183 170 4257 ³np01.
190 4191 210 4255 1,
224 4192 267 4254 67.

72 4275 138 4343 ‘Ep
152 4277 188 4329 ad
203 4275 385 4345 Calosyrium.
