2780 4646
456 172 513 222 nt:
533 173 707 223 MERITO.
1067 175 1129 226 135

39 347 65 408 in
89 349 207 414 ordine'
229 354 469 434 supernaturali
494 357 565 418 sine
588 357 701 437 gratia.
750 355 836 417 Item
866 354 897 416 Τ
895 354 955 416 rid.
980 354 1128 416 declarat

41 448 125 534 (sess.
144 454 203 528 Vl,
217 477 289 536 cap.
312 454 365 542 16)
383 478 484 540 opera
498 457 663 538 justorum
684 478 750 521 non
775 478 847 521 esse
872 455 1041 521 meritoria
1057 458 1128 520 sine

39 555 150 617 virtute
180 557 301 620 Christi
332 580 406 639 quae
437 561 614 637 antecedit,
641 563 828 636 comitatur,
856 571 891 624 et
917 561 1130 641 subsequitur

40 653 86 716 illa
99 678 107 732 ;
129 661 220 739 atqui
237 662 344 742 gratia
360 665 570 740 antecedens
583 665 747 728 comitans
760 675 820 728 etc.
835 673 885 728 est
897 665 1004 745 gratia
1017 661 1129 726 anua-

39 755 180 841 lis,ergo.

39 859 83 941 (b)
100 862 243 926 Ratione
249 867 336 948 finis
351 888 408 931 seu
426 868 552 946 motivi‚
564 889 603 932 eo
616 889 715 932 sensu
732 871 821 950 quod
840 867 908 931 fieri
924 869 1044 933 debeat
1061 887 1127 930 non

39 981 77 1022 ex
102 966 227 1028 motivo
254 969 410 1047 humano,
433 974 491 1035 sed
516 991 590 1034 curn
620 971 779 1036 relatione
803 972 844 1034 ad
871 971 981 1033 Deum
1004 972 1127 1034 autad

39 1065 131 1127 ritam
164 1078 335 1148 aeternam,
362 1072 462 1153 juxta
494 1074 601 1136 illud:
635 1073 910 1156 “Quodcumque
941 1075 1056 1149 facitis
1084 1093 1128 1136 ex

41 1167 140 1230 animo
156 1175 350 1252 operamini,
366 1177 449 1239 sicut
466 1176 615 1238 Domino
630 1184 664 1238 et
681 1195 746 1238 non
772 1175 972 1250 hominibus
988 1177 1129 1238 scientes

41 1273 120 1347 quod
137 1293 157 1334 a
174 1274 322 1338 Domino
338 1277 506 1358 accipietis
523 1279 774 1342 retributionem
788 1279 828 1322 ”1
845 1301 851 1341 :
875 1280 963 1341 idern
984 1279 1128 1360 probant

41 1373 144 1434 omnia
171 1374 242 1438 loca
268 1378 323 1440 ubi
348 1377 469 1442 dicitur
494 1399 554 1442 nos
582 1390 717 1463 propter
741 1381 850 1442 Deum
877 1400 975 1462 agere
1000 1381 1127 1442 debere.

44 1472 116 1548 lmo‚
129 1475 228 1554 juxta
250 1479 440 1556 Thorm‘stas,
458 1483 632 1564 requiritur
655 1493 692 1545 ut
714 1503 798 1564 opus
823 1483 902 1545 illud
921 1483 983 1545 sub
999 1481 1128 1544 inlluxu

43 1576 179 1640 caritatis
195 1579 275 1653 fiat;
298 1582 416 1646 sufficit
440 1595 551 1648 tamen
573 1585 728 1647 virtualis
751 1584 906 1662 influxus,
922 1586 979 1668 qui
999 1603 1128 1666 perma-

44 1689 90 1740 net
106 1683 263 1760 quamdiu
281 1682 373 1748 adtus
390 1688 544 1764 caritatis,
560 1708 639 1768 erga
656 1688 765 1750 Deum
790 1689 891 1751 semel
908 1688 1045 1762 elicitus,
1061 1706 1127 1748 non

45 1780 96 1842 luit
123 1783 328 1850 retractatus.
381 1791 437 1855 Sic
464 1793 552 1854 enirn
581 1801 772 1872 arguunt2:
807 1800 843 1852 ut
870 1788 963 1854 aetus
990 1789 1129 1868 alicujus

44 1884 162 1948 virtutis
179 1890 221 1952 sit
238 1892 315 1953 vitat
333 1901 465 1956 aeternae
483 1895 678 1971 meritorius,
694 1893 794 1955 debet
810 1913 829 1954 a
847 1894 953 1973 gratia
968 1889 1129 1954 habituali

44 1992 210 2065 procedere
224 2015 231 2068 ;
255 1996 311 2057 sed
330 2016 349 2057 a
365 1998 471 2077 gratia
488 1996 596 2059 nullus
612 1996 705 2059 adtus
722 1996 870 2078 procedit
887 1995 947 2057 nisi
962 1995 1130 2056 mediante

45 2090 195 2156 caritate:
226 2116 303 2160 nam
328 2099 436 2160 omnis
460 2107 570 2162 motus
593 2109 626 2161 et
651 2098 796 2161 influxus
822 2098 937 2178 gratiae
962 2099 994 2160 in
1019 2096 1129 2158 Deum

46 2195 141 2257 tendit
165 2196 264 2260 finem
291 2201 442 2264 ultimum
467 2202 776 2283 supernaturalem;
802 2221 881 2282 ergo
904 2200 1013 2263 nullus
1037 2197 1130 2262 actus

45 2295 110 2358 ritae
125 2309 255 2364 reternae
272 2305 456 2366 meritorius
472 2325 544 2368 esse
561 2314 670 2386 potest
694 2305 773 2385 quin
795 2304 931 2366 caritate
947 2302 1131 2366 virtualiter

47 2393 151 2458 saltem
176 2399 333 2464 reseratur
357 2403 389 2463 in
415 2403 523 2464 Deum
548 2402 646 2465 finem
667 2403 820 2465 ultimum
837 2401 1131 2482 supernaturalem.

47 2495 192 2578 —Quod
211 2511 322 2566 tamen
339 2526 359 2567 a
376 2505 539 2587 theologis
563 2525 627 2566 non
652 2506 766 2587 paucis
783 2514 931 2585 negatur,
947 2505 1130 2584 praesertim

50 2595 161 2662 Suarea
186 2613 219 2666 et
251 2605 442 2687 vasquez-a·
477 2629 567 2685 nam,
591 2617 676 2670 teste
704 2607 887 2687 Scriptura,
912 2607 980 2668 vita
1007 2615 1131 2667 aeterna

49 2717 103 2762 uon
119 2704 224 2769 solum
243 2711 389 2774 caritatis
402 2710 538 2786 adtibus,
550 2712 607 2773 sed
621 2713 721 2773 etiam
739 2711 811 2772 aliis
827 2709 1131 2791 supernaturalibus

49 2808 240 2878 promittitur
255 2813 418 2894 operibus,
435 2814 587 2876 videlicet
604 2813 815 2886 obedientiae,
831 2813 1028 2893 paupertati,
1039 2831 1131 2873 man·

50 2913 211 2988 suetudini,
228 2917 409 2997 ceterisque
433 2916 528 2978 bonis
551 2917 705 2996 operibus
730 2916 761 2976 in
786 2934 906 2995 genere
917 2927 938 2974 4.
984 2913 1132 2976 Aliunde

51 3015 207 3089 quodlibet
235 3037 319 3099 opus
346 3019 604 3100 supernaturale,
632 3019 663 3080 in
693 3027 782 3079 statu
810 3017 924 3096 gratiae
954 3013 1132 3096 peractum,

52 3114 253 3180 sufficientem
278 3122 526 3202 proportionem
544 3120 645 3181 habet
661 3140 737 3181 cum
753 3120 821 3180 vita
838 3121 969 3180 aeterna.
985 3155 1028 3164 -
1045 3118 1132 3181 Con-

52 3222 193 3283 troversia
216 3231 267 3284 est
291 3225 397 3304 magis
420 3223 622 3304 speculativa
638 3242 738 3303 quarn
756 3217 924 3302 pradlica3
948 3240 1025 3282 narn
1043 3220 1132 3281 Tho-

53 3320 145 3383 mistae
161 3334 276 3386 tenent
292 3346 408 3388 omnes
425 3323 517 3388 adius
541 3325 584 3386 ab
606 3345 647 3386 eo
670 3325 797 3387 elicitos
821 3325 876 3404 qui
901 3322 1000 3384 habet
1017 3323 1133 3385 carita·

54 3427 117 3496 lem,
137 3447 193 3487 seu
218 3436 268 3489 est
292 3429 324 3488 in
349 3438 437 3490 statu
461 3429 586 3509 gratiae,
609 3427 799 3488 virtualiter
820 3424 888 3488 fieri
914 3425 976 3486 sub
1004 3424 1131 3486 influxu

55 3526 192 3604 caritatis
208 3549 246 3591 ac
263 3549 333 3592 esse
351 3531 545 3605 meritorios,
562 3529 623 3591 nisi
642 3529 674 3591 id
692 3529 891 3610 impediatur
911 3547 969 3608 per
987 3526 1132 3606 aliquam

55 3621 315 3694 inordinationem
332 3631 425 3696 actils
439 3645 458 3696 5.
505 3633 649 3695 Aliunde
674 3633 790 3695 melius
813 3640 872 3706 est,
885 3629 986 3711 juxta
1009 3649 1135 3710 omnes,

56 3747 128 3811 Saepe
143 3731 290 3798 adtiones
307 3749 436 3800 nostras
456 3757 498 3799 ex
520 3736 646 3799 motivo
669 3733 816 3797 caritatis
834 3732 908 3794 Deo
925 3730 1063 3794 offerre:
1088 3736 1134 3795 sic

57 3833 128 3897 enim
146 3837 240 3900 valde
257 3849 397 3921 augetur
412 3841 576 3901 meritum.
650 3827 652 3832 ⁸

84 3989 89 4010 ¹
103 3995 197 4052 Coloss.
217 4001 271 4066 ΙΙΙ,
290 4016 330 4068 23.
347 4029 381 4037 -
393 4005 403 4028 ²
416 3999 595 4066 Salmatia,
611 3997 683 4067 disp.
703 3997 751 4060 lV,
767 4013 793 4050 n.
812 4008 835 4059 7.

83 4079 211 4152 ³Sucrrea,
224 4087 242 4140 Ι.
256 4087 326 4150 ΧΙΙ,
342 4103 364 4140 c.
379 4100 461 4152 9·1o;
486 4086 617 4154 Vosquea,
636 4102 656 4138 1.
672 4100 695 4137 2.
709 4084 780 4162 disp.
799 4097 856 4150 127.

85 4171 188 4228 ‘tlara
206 4175 261 4241 ΙΙΙ,
274 4189 329 4244 353
347 4175 433 4227 Matr.
448 4173 482 4240 V,
500 4173 564 4238 3·6;
584 4171 662 4225 Rom.
682 4170 768 4237 11,6;
788 4171 808 4223 I
821 4171 891 4222 Tim.
907 4168 958 4234 Vl,
976 4181 1016 4236 17.

84 4253 128 4313 ⁵S.
147 4262 240 4317 Thom.
256 4263 291 4316 de
307 4262 393 4328 Malo,
407 4277 432 4330 q.
449 4260 488 4326 ΙΙ,
501 4277 525 4312 a.
542 4271 570 4327 5;
590 4258 625 4311 de
640 4257 724 4310 Carit.
739 4273 765 4326 q.
781 4273 826 4310 un.
843 4273 867 4310 a.
886 4270 913 4308 rr
929 4255 964 4308 ad
980 4269 1002 4306 2.
