<?xml version="1.0" encoding="UTF-8"?>
<!DOCTYPE html PUBLIC "-//W3C//DTD XHTML 1.0 Transitional//EN"
    "http://www.w3.org/TR/xhtml1/DTD/xhtml1-transitional.dtd">
<html xmlns="http://www.w3.org/1999/xhtml" xml:lang="en" lang="en">
 <head>
  <title>
</title>
<meta http-equiv="Content-Type" content="text/html;charset=utf-8" />
  <meta name='ocr-system' content='tesseract 3.04.00' />
  <meta name='ocr-capabilities' content='ocr_page ocr_carea ocr_par ocr_line ocrx_word'/>
</head>
<body>
  <div class='ocr_page' id='page_1' title='image "./synopsistheolog01tanqgoog_0512.png"; bbox 0 0 2770 4652; ppageno 0'>
   <div class='ocr_carea' id='block_1_1' title="bbox 242 169 1140 248">
    <p class='ocr_par' dir='ltr' id='par_1_1' title="bbox 242 169 1140 248">
     <span class='ocr_line' id='line_1_1' title="bbox 242 169 1140 248; baseline 0.001 -28"><span class='ocrx_word' id='word_1_1' title='bbox 242 171 297 220; x_wconf 83' lang='lat' dir='ltr'>DE</span> <span class='ocrx_word' id='word_1_2' title='bbox 315 171 612 220; x_wconf 78' lang='lat' dir='ltr'><strong>POENITENTIAE</strong></span> <span class='ocrx_word' id='word_1_3' title='bbox 632 171 933 248; x_wconf 73' lang='lat' dir='ltr'>sacaastanm.</span> <span class='ocrx_word' id='word_1_4' title='bbox 1074 169 1140 221; x_wconf 79' lang='lat'>497</span> 
     </span>
    </p>
   </div>
   <div class='ocr_carea' id='block_1_2' title="bbox 38 348 1143 1354">
    <p class='ocr_par' dir='ltr' id='par_1_2' title="bbox 38 348 1143 1354">
     <span class='ocr_line' id='line_1_2' title="bbox 42 348 1140 434; baseline 0.001 -25"><span class='ocrx_word' id='word_1_5' title='bbox 42 349 95 427; x_wconf 71' lang='lat' dir='ltr'>(b)</span> <span class='ocrx_word' id='word_1_6' title='bbox 110 348 326 414; x_wconf 87' lang='lat' dir='ltr'>Confirmatur</span> <span class='ocrx_word' id='word_1_7' title='bbox 338 373 382 416; x_wconf 89' lang='lat' dir='ltr'>ex</span> <span class='ocrx_word' id='word_1_8' title='bbox 393 353 558 434; x_wconf 89' lang='lat' dir='ltr'>Johannei</span> <span class='ocrx_word' id='word_1_9' title='bbox 571 363 686 414; x_wconf 91' lang='lat' dir='ltr'>textus</span> <span class='ocrx_word' id='word_1_10' title='bbox 698 352 815 414; x_wconf 74' lang='lat' dir='ltr'>ultima</span> <span class='ocrx_word' id='word_1_11' title='bbox 829 362 922 432; x_wconf 90' lang='lat' dir='ltr'>parte</span> <span class='ocrx_word' id='word_1_12' title='bbox 935 355 951 381; x_wconf 90' lang='lat'>“</span> <span class='ocrx_word' id='word_1_13' title='bbox 963 361 993 412; x_wconf 85' lang='lat' dir='ltr'>et</span> <span class='ocrx_word' id='word_1_14' title='bbox 1004 369 1140 430; x_wconf 88' lang='lat' dir='ltr'>quorum</span> 
     </span>
     <span class='ocr_line' id='line_1_3' title="bbox 42 452 1142 536; baseline 0 -25"><span class='ocrx_word' id='word_1_15' title='bbox 42 453 245 528; x_wconf 76' lang='lat' dir='ltr'><em>retinueritis,</em></span> <span class='ocrx_word' id='word_1_16' title='bbox 262 464 384 518; x_wconf 83' lang='lat' dir='ltr'>retentu</span> <span class='ocrx_word' id='word_1_17' title='bbox 399 457 520 529; x_wconf 86' lang='lat' dir='ltr'>suut&#39;&#39;,·</span> <span class='ocrx_word' id='word_1_18' title='bbox 546 456 639 536; x_wconf 77' lang='lat' dir='ltr'>quus</span> <span class='ocrx_word' id='word_1_19' title='bbox 663 475 780 516; x_wconf 89' lang='lat' dir='ltr'>sensus</span> <span class='ocrx_word' id='word_1_20' title='bbox 803 464 875 518; x_wconf 87' lang='lat' dir='ltr'>est:</span> <span class='ocrx_word' id='word_1_21' title='bbox 899 455 926 516; x_wconf 92' lang='lat' dir='ltr'>si</span> <span class='ocrx_word' id='word_1_22' title='bbox 943 452 1142 516; x_wconf 87' lang='lat' dir='ltr'>retinueritis</span> 
     </span>
     <span class='ocr_line' id='line_1_4' title="bbox 40 556 1143 639; baseline 0.002 -23"><span class='ocrx_word' id='word_1_23' title='bbox 40 575 110 628; x_wconf 74' lang='lat' dir='ltr'>vos</span> <span class='ocrx_word' id='word_1_24' title='bbox 126 557 249 618; x_wconf 87' lang='lat' dir='ltr'>retineo</span> <span class='ocrx_word' id='word_1_25' title='bbox 265 567 298 620; x_wconf 90' lang='lat' dir='ltr'>et</span> <span class='ocrx_word' id='word_1_26' title='bbox 314 577 386 638; x_wconf 80' lang='lat' dir='ltr'>ego,</span> <span class='ocrx_word' id='word_1_27' title='bbox 434 559 610 621; x_wconf 86' lang='lat' dir='ltr'>Peccatum</span> <span class='ocrx_word' id='word_1_28' title='bbox 629 558 727 639; x_wconf 88' lang='lat' dir='ltr'>igitur</span> <span class='ocrx_word' id='word_1_29' title='bbox 744 578 809 619; x_wconf 91' lang='lat' dir='ltr'>non</span> <span class='ocrx_word' id='word_1_30' title='bbox 828 558 1007 620; x_wconf 86' lang='lat' dir='ltr'>remittitur</span> <span class='ocrx_word' id='word_1_31' title='bbox 1022 577 1042 618; x_wconf 99' lang='lat' dir='ltr'>a</span> <span class='ocrx_word' id='word_1_32' title='bbox 1059 556 1143 629; x_wconf 88' lang='lat' dir='ltr'>De0,</span> 
     </span>
     <span class='ocr_line' id='line_1_5' title="bbox 42 659 1142 743; baseline 0.002 -24"><span class='ocrx_word' id='word_1_33' title='bbox 42 659 213 740; x_wconf 71' lang='lat' dir='ltr'>Apostolis</span> <span class='ocrx_word' id='word_1_34' title='bbox 237 662 479 740; x_wconf 90' lang='lat' dir='ltr'>retinentibus;</span> <span class='ocrx_word' id='word_1_35' title='bbox 503 672 536 725; x_wconf 90' lang='lat' dir='ltr'>et</span> <span class='ocrx_word' id='word_1_36' title='bbox 560 663 635 725; x_wconf 89' lang='lat' dir='ltr'>ideo</span> <span class='ocrx_word' id='word_1_37' title='bbox 659 671 813 743; x_wconf 89' lang='lat' dir='ltr'>peccator</span> <span class='ocrx_word' id='word_1_38' title='bbox 830 660 1026 742; x_wconf 82' lang='lat' dir='ltr'>Apostoliclt</span> <span class='ocrx_word' id='word_1_39' title='bbox 1050 668 1142 741; x_wconf 88' lang='lat' dir='ltr'>pote-</span> 
     </span>
     <span class='ocr_line' id='line_1_6' title="bbox 40 763 1142 846; baseline 0.002 -24"><span class='ocrx_word' id='word_1_40' title='bbox 40 772 127 823; x_wconf 89' lang='lat' dir='ltr'>state</span> <span class='ocrx_word' id='word_1_41' title='bbox 143 773 217 842; x_wconf 86' lang='lat' dir='ltr'>eget</span> <span class='ocrx_word' id='word_1_42' title='bbox 234 785 294 843; x_wconf 93' lang='lat' dir='ltr'>pro</span> <span class='ocrx_word' id='word_1_43' title='bbox 309 766 404 826; x_wconf 74' lang='lat' dir='ltr'>venia</span> <span class='ocrx_word' id='word_1_44' title='bbox 421 766 648 846; x_wconf 69' lang='lat' dir='ltr'>assequenda;</span> <span class='ocrx_word' id='word_1_45' title='bbox 672 785 749 827; x_wconf 86' lang='lat' dir='ltr'>narn</span> <span class='ocrx_word' id='word_1_46' title='bbox 766 764 869 838; x_wconf 89' lang='lat' dir='ltr'>aliter,</span> <span class='ocrx_word' id='word_1_47' title='bbox 883 763 1055 844; x_wconf 89' lang='lat' dir='ltr'>Apostolis</span> <span class='ocrx_word' id='word_1_48' title='bbox 1068 763 1142 825; x_wconf 89' lang='lat' dir='ltr'>reti·</span> 
     </span>
     <span class='ocr_line' id='line_1_7' title="bbox 39 865 1142 946; baseline 0.002 -22"><span class='ocrx_word' id='word_1_49' title='bbox 39 865 203 940; x_wconf 76' lang='lat' dir='ltr'>nentibuS,</span> <span class='ocrx_word' id='word_1_50' title='bbox 221 866 314 928; x_wconf 93' lang='lat' dir='ltr'>Deus</span> <span class='ocrx_word' id='word_1_51' title='bbox 330 887 396 930; x_wconf 92' lang='lat' dir='ltr'>non</span> <span class='ocrx_word' id='word_1_52' title='bbox 414 869 569 930; x_wconf 88' lang='lat' dir='ltr'>retineret</span> <span class='ocrx_word' id='word_1_53' title='bbox 586 889 593 944; x_wconf 88' lang='lat'>;</span> <span class='ocrx_word' id='word_1_54' title='bbox 616 887 702 928; x_wconf 88' lang='lat' dir='ltr'>vana</span> <span class='ocrx_word' id='word_1_55' title='bbox 725 867 881 928; x_wconf 87' lang='lat' dir='ltr'>evaderet</span> <span class='ocrx_word' id='word_1_56' title='bbox 903 865 1142 946; x_wconf 86' lang='lat' dir='ltr'>Apostolorum</span> 
     </span>
     <span class='ocr_line' id='line_1_8' title="bbox 40 967 1142 1050; baseline 0 -24"><span class='ocrx_word' id='word_1_57' title='bbox 40 976 196 1046; x_wconf 87' lang='lat' dir='ltr'>potestas,</span> <span class='ocrx_word' id='word_1_58' title='bbox 220 979 253 1030; x_wconf 89' lang='lat' dir='ltr'>et</span> <span class='ocrx_word' id='word_1_59' title='bbox 280 968 362 1032; x_wconf 86' lang='lat' dir='ltr'>falsa</span> <span class='ocrx_word' id='word_1_60' title='bbox 388 969 508 1033; x_wconf 88' lang='lat' dir='ltr'>Christi</span> <span class='ocrx_word' id='word_1_61' title='bbox 535 969 641 1032; x_wconf 90' lang='lat' dir='ltr'>verba.</span> <span class='ocrx_word' id='word_1_62' title='bbox 690 969 780 1048; x_wconf 85' lang='lat' dir='ltr'>Ergo</span> <span class='ocrx_word' id='word_1_63' title='bbox 807 977 955 1050; x_wconf 91' lang='lat' dir='ltr'>potestas</span> <span class='ocrx_word' id='word_1_64' title='bbox 981 967 1142 1029; x_wconf 87' lang='lat' dir='ltr'>retinendi</span> 
     </span>
     <span class='ocr_line' id='line_1_9' title="bbox 38 1069 1143 1153; baseline 0 -24"><span class='ocrx_word' id='word_1_65' title='bbox 38 1079 176 1147; x_wconf 87' lang='lat' dir='ltr'>peccata</span> <span class='ocrx_word' id='word_1_66' title='bbox 192 1073 350 1152; x_wconf 88' lang='lat' dir='ltr'>supponit</span> <span class='ocrx_word' id='word_1_67' title='bbox 367 1073 593 1136; x_wconf 88' lang='lat' dir='ltr'>remissionem</span> <span class='ocrx_word' id='word_1_68' title='bbox 611 1073 738 1153; x_wconf 88' lang='lat' dir='ltr'>peccati</span> <span class='ocrx_word' id='word_1_69' title='bbox 757 1069 904 1133; x_wconf 88' lang='lat' dir='ltr'>mortalis</span> <span class='ocrx_word' id='word_1_70' title='bbox 921 1079 997 1150; x_wconf 91' lang='lat' dir='ltr'>post</span> <span class='ocrx_word' id='word_1_71' title='bbox 1014 1069 1143 1148; x_wconf 88' lang='lat' dir='ltr'>Baptis-</span> 
     </span>
     <span class='ocr_line' id='line_1_10' title="bbox 40 1171 1143 1256; baseline 0 -25"><span class='ocrx_word' id='word_1_72' title='bbox 40 1190 132 1234; x_wconf 90' lang='lat' dir='ltr'>mum</span> <span class='ocrx_word' id='word_1_73' title='bbox 156 1174 324 1236; x_wconf 89' lang='lat' dir='ltr'>commissi</span> <span class='ocrx_word' id='word_1_74' title='bbox 349 1175 480 1237; x_wconf 91' lang='lat' dir='ltr'>nonnisi</span> <span class='ocrx_word' id='word_1_75' title='bbox 505 1175 732 1256; x_wconf 86' lang='lat' dir='ltr'>dependenter</span> <span class='ocrx_word' id='word_1_76' title='bbox 747 1194 767 1235; x_wconf 89' lang='lat' dir='ltr'>a</span> <span class='ocrx_word' id='word_1_77' title='bbox 782 1191 918 1236; x_wconf 90' lang='lat' dir='ltr'>sacram.</span> <span class='ocrx_word' id='word_1_78' title='bbox 937 1171 1143 1234; x_wconf 83' lang='lat' dir='ltr'>Poenitcntiae</span> 
     </span>
     <span class='ocr_line' id='line_1_11' title="bbox 38 1273 306 1354; baseline 0.022 -22"><span class='ocrx_word' id='word_1_79' title='bbox 38 1273 182 1336; x_wconf 87' lang='lat' dir='ltr'>obtineri</span> <span class='ocrx_word' id='word_1_80' title='bbox 199 1295 306 1354; x_wconf 92' lang='lat' dir='ltr'>posse.</span> 
     </span>
    </p>
   </div>
   <div class='ocr_carea' id='block_1_3' title="bbox 38 1394 1147 3334">
    <p class='ocr_par' dir='ltr' id='par_1_3' title="bbox 38 1394 1147 3334">
     <span class='ocr_line' id='line_1_12' title="bbox 83 1394 1142 1482; baseline -0.001 -23"><span class='ocrx_word' id='word_1_81' title='bbox 83 1414 132 1477; x_wconf 84' lang='lat'>29.</span> <span class='ocrx_word' id='word_1_82' title='bbox 182 1394 248 1482; x_wconf 88' lang='grc' dir='ltr'>(Β)</span> <span class='ocrx_word' id='word_1_83' title='bbox 276 1399 401 1463; x_wconf 81' lang='lat' dir='ltr'>Tradit.</span> <span class='ocrx_word' id='word_1_84' title='bbox 426 1399 475 1481; x_wconf 80' lang='lat' dir='ltr'>(a)</span> <span class='ocrx_word' id='word_1_85' title='bbox 499 1402 612 1463; x_wconf 90' lang='lat' dir='ltr'>Patres</span> <span class='ocrx_word' id='word_1_86' title='bbox 639 1402 728 1464; x_wconf 90' lang='lat' dir='ltr'>enim</span> <span class='ocrx_word' id='word_1_87' title='bbox 755 1400 925 1462; x_wconf 88' lang='lat' dir='ltr'>declarant</span> <span class='ocrx_word' id='word_1_88' title='bbox 954 1398 1142 1470; x_wconf 86' lang='lat' dir='ltr'>mortalium</span> 
     </span>
     <span class='ocr_line' id='line_1_13' title="bbox 38 1497 1144 1582; baseline 0.003 -24"><span class='ocrx_word' id='word_1_89' title='bbox 38 1497 283 1564; x_wconf 85' lang='lat' dir='ltr'>consessionem</span> <span class='ocrx_word' id='word_1_90' title='bbox 302 1503 347 1564; x_wconf 89' lang='lat' dir='ltr'>ita</span> <span class='ocrx_word' id='word_1_91' title='bbox 364 1504 582 1566; x_wconf 90' lang='lat' dir='ltr'>necessariam</span> <span class='ocrx_word' id='word_1_92' title='bbox 609 1523 689 1576; x_wconf 89' lang='lat' dir='ltr'>esse,</span> <span class='ocrx_word' id='word_1_93' title='bbox 706 1513 742 1564; x_wconf 89' lang='lat' dir='ltr'>ut</span> <span class='ocrx_word' id='word_1_94' title='bbox 759 1505 814 1582; x_wconf 85' lang='lat' dir='ltr'>qui</span> <span class='ocrx_word' id='word_1_95' title='bbox 832 1503 873 1565; x_wconf 95' lang='lat' dir='ltr'>ad</span> <span class='ocrx_word' id='word_1_96' title='bbox 891 1522 964 1564; x_wconf 89' lang='lat' dir='ltr'>eam</span> <span class='ocrx_word' id='word_1_97' title='bbox 982 1521 1144 1564; x_wconf 89' lang='lat' dir='ltr'>recurrere</span> 
     </span>
     <span class='ocr_line' id='line_1_14' title="bbox 39 1601 1143 1685; baseline 0.005 -26"><span class='ocrx_word' id='word_1_98' title='bbox 39 1601 156 1676; x_wconf 89' lang='lat' dir='ltr'>nolint,</span> <span class='ocrx_word' id='word_1_99' title='bbox 173 1603 206 1663; x_wconf 94' lang='lat' dir='ltr'>in</span> <span class='ocrx_word' id='word_1_100' title='bbox 227 1615 387 1668; x_wconf 76' lang='lat' dir='ltr'>aternum</span> <span class='ocrx_word' id='word_1_101' title='bbox 411 1617 569 1685; x_wconf 89' lang='lat' dir='ltr'>pereant;</span> <span class='ocrx_word' id='word_1_102' title='bbox 593 1609 639 1668; x_wconf 90' lang='lat' dir='ltr'>ita</span> <span class='ocrx_word' id='word_1_103' title='bbox 662 1605 892 1680; x_wconf 78' lang='lat' dir='ltr'>Tertullianus,</span> <span class='ocrx_word' id='word_1_104' title='bbox 909 1605 950 1665; x_wconf 91' lang='lat' dir='ltr'>ad</span> <span class='ocrx_word' id='word_1_105' title='bbox 968 1603 1143 1666; x_wconf 86' lang='lat' dir='ltr'>consessio-</span> 
     </span>
     <span class='ocr_line' id='line_1_15' title="bbox 39 1708 1145 1786; baseline 0.005 -23"><span class='ocrx_word' id='word_1_106' title='bbox 39 1723 117 1765; x_wconf 89' lang='lat' dir='ltr'>nem</span> <span class='ocrx_word' id='word_1_107' title='bbox 135 1717 346 1786; x_wconf 88' lang='lat' dir='ltr'>peccatorum</span> <span class='ocrx_word' id='word_1_108' title='bbox 364 1710 555 1784; x_wconf 86' lang='lat' dir='ltr'>exhortans,</span> <span class='ocrx_word' id='word_1_109' title='bbox 572 1711 619 1772; x_wconf 87' lang='lat' dir='ltr'>ait</span> <span class='ocrx_word' id='word_1_110' title='bbox 631 1722 662 1772; x_wconf 87' lang='lat'>¹:</span> <span class='ocrx_word' id='word_1_111' title='bbox 686 1717 701 1740; x_wconf 90' lang='grc'><em>“</em></span> <span class='ocrx_word' id='word_1_112' title='bbox 716 1709 771 1771; x_wconf 78' lang='lat' dir='ltr'>An</span> <span class='ocrx_word' id='word_1_113' title='bbox 794 1709 911 1772; x_wconf 91' lang='lat' dir='ltr'>melius</span> <span class='ocrx_word' id='word_1_114' title='bbox 934 1717 984 1770; x_wconf 89' lang='lat' dir='ltr'>est</span> <span class='ocrx_word' id='word_1_115' title='bbox 1007 1708 1145 1770; x_wconf 87' lang='lat' dir='ltr'>damna-</span> 
     </span>
     <span class='ocr_line' id='line_1_16' title="bbox 39 1808 1144 1893; baseline 0.003 -25"><span class='ocrx_word' id='word_1_116' title='bbox 39 1817 111 1868; x_wconf 85' lang='lat' dir='ltr'>tum</span> <span class='ocrx_word' id='word_1_117' title='bbox 131 1808 241 1885; x_wconf 91' lang='lat' dir='ltr'>latere,</span> <span class='ocrx_word' id='word_1_118' title='bbox 257 1831 358 1891; x_wconf 88' lang='lat' dir='ltr'>quam</span> <span class='ocrx_word' id='word_1_119' title='bbox 376 1813 485 1893; x_wconf 90' lang='lat' dir='ltr'>palam</span> <span class='ocrx_word' id='word_1_120' title='bbox 503 1812 629 1874; x_wconf 90' lang='lat' dir='ltr'>absolvi</span> <span class='ocrx_word' id='word_1_121' title='bbox 642 1815 653 1874; x_wconf 81' lang='lat' dir='ltr'>i</span> <span class='ocrx_word' id='word_1_122' title='bbox 664 1811 688 1887; x_wconf 89' lang='lat'>”,</span> <span class='ocrx_word' id='word_1_123' title='bbox 701 1812 793 1892; x_wconf 88' lang='lat' dir='ltr'>quasi</span> <span class='ocrx_word' id='word_1_124' title='bbox 812 1831 877 1872; x_wconf 91' lang='lat' dir='ltr'>non</span> <span class='ocrx_word' id='word_1_125' title='bbox 895 1819 982 1872; x_wconf 88' lang='lat' dir='ltr'>esset</span> <span class='ocrx_word' id='word_1_126' title='bbox 998 1811 1144 1872; x_wconf 90' lang='lat' dir='ltr'>medi-um</span> 
     </span>
     <span class='ocr_line' id='line_1_17' title="bbox 40 1909 1145 1992; baseline 0.004 -23"><span class='ocrx_word' id='word_1_127' title='bbox 40 1909 127 1971; x_wconf 85' lang='lat' dir='ltr'>inter</span> <span class='ocrx_word' id='word_1_128' title='bbox 143 1920 302 1974; x_wconf 84' lang='lat' dir='ltr'>aeternam</span> <span class='ocrx_word' id='word_1_129' title='bbox 320 1913 569 1977; x_wconf 87' lang='lat' dir='ltr'>damnationem</span> <span class='ocrx_word' id='word_1_130' title='bbox 583 1924 616 1977; x_wconf 90' lang='lat' dir='ltr'>et</span> <span class='ocrx_word' id='word_1_131' title='bbox 628 1914 826 1976; x_wconf 87' lang='lat' dir='ltr'>sacramenti</span> <span class='ocrx_word' id='word_1_132' title='bbox 843 1914 1082 1992; x_wconf 87' lang='lat' dir='ltr'>receptionem;</span> <span class='ocrx_word' id='word_1_133' title='bbox 1099 1913 1145 1973; x_wconf 92' lang='lat' dir='ltr'>sic</span> 
     </span>
     <span class='ocr_line' id='line_1_18' title="bbox 39 2013 1144 2095; baseline 0.003 -24"><span class='ocrx_word' id='word_1_134' title='bbox 39 2013 141 2074; x_wconf 87' lang='lat' dir='ltr'>etiam</span> <span class='ocrx_word' id='word_1_135' title='bbox 159 2015 414 2093; x_wconf 50' lang='lat' dir='ltr'>Augustiana:</span> <span class='ocrx_word' id='word_1_136' title='bbox 438 2018 575 2080; x_wconf 86' lang='lat' dir='ltr'>“Nemo</span> <span class='ocrx_word' id='word_1_137' title='bbox 598 2017 659 2080; x_wconf 89' lang='lat' dir='ltr'>sibi</span> <span class='ocrx_word' id='word_1_138' title='bbox 683 2017 792 2079; x_wconf 88' lang='lat' dir='ltr'>dicat:</span> <span class='ocrx_word' id='word_1_139' title='bbox 815 2015 944 2077; x_wconf 90' lang='lat' dir='ltr'>occulte</span> <span class='ocrx_word' id='word_1_140' title='bbox 967 2033 1040 2095; x_wconf 85' lang='lat' dir='ltr'>ag0,</span> <span class='ocrx_word' id='word_1_141' title='bbox 1055 2015 1144 2094; x_wconf 91' lang='lat' dir='ltr'>apud</span> 
     </span>
     <span class='ocr_line' id='line_1_19' title="bbox 41 2113 1145 2200; baseline 0.002 -25"><span class='ocrx_word' id='word_1_142' title='bbox 41 2113 153 2176; x_wconf 91' lang='lat' dir='ltr'>Deum</span> <span class='ocrx_word' id='word_1_143' title='bbox 172 2136 288 2196; x_wconf 88' lang='lat' dir='ltr'>ago...</span> <span class='ocrx_word' id='word_1_144' title='bbox 334 2119 425 2200; x_wconf 88' lang='lat' dir='ltr'>Ergo</span> <span class='ocrx_word' id='word_1_145' title='bbox 448 2121 518 2182; x_wconf 90' lang='lat' dir='ltr'>sine</span> <span class='ocrx_word' id='word_1_146' title='bbox 539 2124 638 2181; x_wconf 72' lang='lat' dir='ltr'>causa</span> <span class='ocrx_word' id='word_1_147' title='bbox 654 2116 781 2182; x_wconf 72' lang='lat' dir='ltr'>dictum</span> <span class='ocrx_word' id='word_1_148' title='bbox 793 2128 869 2180; x_wconf 83' lang='lat' dir='ltr'>est:</span> <span class='ocrx_word' id='word_1_149' title='bbox 893 2137 967 2197; x_wconf 84' lang='lat' dir='ltr'>quae</span> <span class='ocrx_word' id='word_1_150' title='bbox 984 2117 1145 2178; x_wconf 88' lang='lat' dir='ltr'>solveritis</span> 
     </span>
     <span class='ocr_line' id='line_1_20' title="bbox 40 2218 1145 2302; baseline 0.004 -25"><span class='ocrx_word' id='word_1_151' title='bbox 40 2219 72 2278; x_wconf 92' lang='lat' dir='ltr'>in</span> <span class='ocrx_word' id='word_1_152' title='bbox 90 2223 187 2292; x_wconf 72' lang='lat' dir='ltr'>terra,</span> <span class='ocrx_word' id='word_1_153' title='bbox 200 2220 309 2283; x_wconf 89' lang='lat' dir='ltr'>soluta</span> <span class='ocrx_word' id='word_1_154' title='bbox 325 2233 421 2285; x_wconf 91' lang='lat' dir='ltr'>erunt</span> <span class='ocrx_word' id='word_1_155' title='bbox 437 2223 469 2284; x_wconf 92' lang='lat' dir='ltr'>in</span> <span class='ocrx_word' id='word_1_156' title='bbox 487 2223 591 2285; x_wconf 87' lang='lat' dir='ltr'>coelo?</span> <span class='ocrx_word' id='word_1_157' title='bbox 638 2223 728 2302; x_wconf 86' lang='lat' dir='ltr'>Ergo</span> <span class='ocrx_word' id='word_1_158' title='bbox 744 2222 814 2282; x_wconf 91' lang='lat' dir='ltr'>sine</span> <span class='ocrx_word' id='word_1_159' title='bbox 830 2225 928 2282; x_wconf 75' lang='lat' dir='ltr'>causa</span> <span class='ocrx_word' id='word_1_160' title='bbox 944 2228 1022 2281; x_wconf 89' lang='lat' dir='ltr'>sunt</span> <span class='ocrx_word' id='word_1_161' title='bbox 1037 2218 1145 2281; x_wconf 89' lang='lat' dir='ltr'>claves</span> 
     </span>
     <span class='ocr_line' id='line_1_21' title="bbox 39 2323 1145 2406; baseline 0 -22"><span class='ocrx_word' id='word_1_162' title='bbox 39 2324 130 2385; x_wconf 86' lang='lat' dir='ltr'>datae</span> <span class='ocrx_word' id='word_1_163' title='bbox 148 2323 308 2386; x_wconf 86' lang='lat' dir='ltr'>Ecclesiae</span> <span class='ocrx_word' id='word_1_164' title='bbox 325 2326 408 2389; x_wconf 85' lang='lat' dir='ltr'>Dei?</span> <span class='ocrx_word' id='word_1_165' title='bbox 454 2327 481 2389; x_wconf 90' lang='lat' dir='ltr'>F</span> <span class='ocrx_word' id='word_1_166' title='bbox 483 2336 664 2389; x_wconf 89' lang='lat' dir='ltr'>rustramus</span> <span class='ocrx_word' id='word_1_167' title='bbox 682 2325 902 2406; x_wconf 87' lang='lat' dir='ltr'>Evangelium</span> <span class='ocrx_word' id='word_1_168' title='bbox 922 2324 994 2396; x_wconf 84' lang='lat' dir='ltr'>Dei,</span> <span class='ocrx_word' id='word_1_169' title='bbox 1012 2323 1145 2384; x_wconf 87' lang='lat' dir='ltr'>frustra-</span> 
     </span>
     <span class='ocr_line' id='line_1_22' title="bbox 40 2427 1146 2492; baseline -0.001 -5"><span class='ocrx_word' id='word_1_170' title='bbox 40 2446 115 2488; x_wconf 91' lang='lat' dir='ltr'>mus</span> <span class='ocrx_word' id='word_1_171' title='bbox 131 2427 234 2490; x_wconf 92' lang='lat' dir='ltr'>verba</span> <span class='ocrx_word' id='word_1_172' title='bbox 251 2428 372 2492; x_wconf 89' lang='lat' dir='ltr'>Christi</span> <span class='ocrx_word' id='word_1_173' title='bbox 383 2430 407 2492; x_wconf 89' lang='lat'>&#39;&#39;.</span> <span class='ocrx_word' id='word_1_174' title='bbox 455 2430 485 2490; x_wconf 91' lang='lat' dir='ltr'>N</span> <span class='ocrx_word' id='word_1_175' title='bbox 489 2451 525 2491; x_wconf 89' lang='lat' dir='ltr'>ec</span> <span class='ocrx_word' id='word_1_176' title='bbox 542 2431 636 2492; x_wconf 91' lang='lat' dir='ltr'>aliter</span> <span class='ocrx_word' id='word_1_177' title='bbox 652 2429 799 2491; x_wconf 85' lang='lat' dir='ltr'>Basilius</span> <span class='ocrx_word' id='word_1_178' title='bbox 817 2427 899 2490; x_wconf 57' lang='lat' dir='ltr'>Ml:</span> <span class='ocrx_word' id='word_1_179' title='bbox 922 2427 1146 2489; x_wconf 86' lang='lat' dir='ltr'>“Necessario</span> 
     </span>
     <span class='ocr_line' id='line_1_23' title="bbox 41 2529 1147 2614; baseline 0 -24"><span class='ocrx_word' id='word_1_180' title='bbox 41 2529 78 2590; x_wconf 89' lang='lat' dir='ltr'>iis</span> <span class='ocrx_word' id='word_1_181' title='bbox 107 2539 247 2610; x_wconf 90' lang='lat' dir='ltr'>peccata</span> <span class='ocrx_word' id='word_1_182' title='bbox 272 2533 389 2612; x_wconf 89' lang='lat' dir='ltr'>aperiri</span> <span class='ocrx_word' id='word_1_183' title='bbox 416 2533 540 2595; x_wconf 86' lang='lat' dir='ltr'>debent</span> <span class='ocrx_word' id='word_1_184' title='bbox 566 2532 685 2614; x_wconf 89' lang='lat' dir='ltr'>quibus</span> <span class='ocrx_word' id='word_1_185' title='bbox 713 2533 838 2594; x_wconf 90' lang='lat' dir='ltr'>credita</span> <span class='ocrx_word' id='word_1_186' title='bbox 865 2540 915 2592; x_wconf 86' lang='lat' dir='ltr'>est</span> <span class='ocrx_word' id='word_1_187' title='bbox 941 2530 1147 2611; x_wconf 88' lang='lat' dir='ltr'>dispensatio</span> 
     </span>
     <span class='ocr_line' id='line_1_24' title="bbox 41 2633 1147 2716; baseline 0.002 -24"><span class='ocrx_word' id='word_1_188' title='bbox 41 2633 275 2711; x_wconf 90' lang='lat' dir='ltr'>mysteriorum</span> <span class='ocrx_word' id='word_1_189' title='bbox 310 2635 372 2697; x_wconf 94' lang='lat' dir='ltr'>Dei</span> <span class='ocrx_word' id='word_1_190' title='bbox 386 2637 409 2697; x_wconf 88' lang='lat'>¹¹.</span> <span class='ocrx_word' id='word_1_191' title='bbox 467 2635 517 2716; x_wconf 86' lang='lat' dir='ltr'>(b)</span> <span class='ocrx_word' id='word_1_192' title='bbox 551 2635 627 2698; x_wconf 92' lang='lat' dir='ltr'>Huc</span> <span class='ocrx_word' id='word_1_193' title='bbox 655 2635 756 2698; x_wconf 91' lang='lat' dir='ltr'>etiarn</span> <span class='ocrx_word' id='word_1_194' title='bbox 786 2634 928 2695; x_wconf 89' lang='lat' dir='ltr'>tendunt</span> <span class='ocrx_word' id='word_1_195' title='bbox 956 2634 1147 2695; x_wconf 89' lang='lat' dir='ltr'>testimonia</span> 
     </span>
     <span class='ocr_line' id='line_1_25' title="bbox 40 2731 1146 2818; baseline 0.001 -21"><span class='ocrx_word' id='word_1_196' title='bbox 40 2735 164 2815; x_wconf 86' lang='lat' dir='ltr'>quibus</span> <span class='ocrx_word' id='word_1_197' title='bbox 191 2739 345 2802; x_wconf 88' lang='lat' dir='ltr'>asseritur</span> <span class='ocrx_word' id='word_1_198' title='bbox 371 2731 606 2802; x_wconf 86' lang='lat' dir='ltr'>Poenitentiam</span> <span class='ocrx_word' id='word_1_199' title='bbox 633 2750 702 2801; x_wconf 84' lang='lat' dir='ltr'>tam</span> <span class='ocrx_word' id='word_1_200' title='bbox 729 2738 947 2802; x_wconf 87' lang='lat' dir='ltr'>necessariam</span> <span class='ocrx_word' id='word_1_201' title='bbox 976 2757 1047 2798; x_wconf 90' lang='lat' dir='ltr'>esse</span> <span class='ocrx_word' id='word_1_202' title='bbox 1071 2757 1146 2818; x_wconf 89' lang='lat' dir='ltr'>pec-</span> 
     </span>
     <span class='ocr_line' id='line_1_26' title="bbox 40 2840 1145 2922; baseline 0.002 -22"><span class='ocrx_word' id='word_1_203' title='bbox 40 2840 210 2920; x_wconf 79' lang='lat' dir='ltr'>catoribus</span> <span class='ocrx_word' id='word_1_204' title='bbox 234 2861 335 2922; x_wconf 89' lang='lat' dir='ltr'>quam</span> <span class='ocrx_word' id='word_1_205' title='bbox 361 2844 607 2906; x_wconf 88' lang='lat' dir='ltr'>catechumenis</span> <span class='ocrx_word' id='word_1_206' title='bbox 632 2843 834 2904; x_wconf 86' lang='lat' dir='ltr'>necessarius</span> <span class='ocrx_word' id='word_1_207' title='bbox 858 2850 908 2902; x_wconf 93' lang='lat' dir='ltr'>est</span> <span class='ocrx_word' id='word_1_208' title='bbox 933 2840 1145 2920; x_wconf 88' lang='lat' dir='ltr'>Baptismus:</span> 
     </span>
     <span class='ocr_line' id='line_1_27' title="bbox 40 2942 1147 3022; baseline -0.001 -19"><span class='ocrx_word' id='word_1_209' title='bbox 40 2951 54 2972; x_wconf 81' lang='lat'>¹⁴</span> <span class='ocrx_word' id='word_1_210' title='bbox 70 2942 239 3022; x_wconf 80' lang='lat' dir='ltr'>Agnosce,</span> <span class='ocrx_word' id='word_1_211' title='bbox 265 2945 378 3008; x_wconf 91' lang='lat' dir='ltr'>scribit</span> <span class='ocrx_word' id='word_1_212' title='bbox 409 2945 587 3008; x_wconf 83' lang='lat' dir='ltr'>Cassianus</span> <span class='ocrx_word' id='word_1_213' title='bbox 613 2946 654 3007; x_wconf 93' lang='lat' dir='ltr'>ad</span> <span class='ocrx_word' id='word_1_214' title='bbox 681 2944 906 3016; x_wconf 69' lang='lat' dir='ltr'>Nestorium,</span> <span class='ocrx_word' id='word_1_215' title='bbox 932 2943 1147 3005; x_wconf 87' lang='lat' dir='ltr'>Sacramenta</span> 
     </span>
     <span class='ocr_line' id='line_1_28' title="bbox 40 3045 1146 3128; baseline 0 -24"><span class='ocrx_word' id='word_1_216' title='bbox 40 3045 160 3108; x_wconf 82' lang='lat' dir='ltr'>salutis</span> <span class='ocrx_word' id='word_1_217' title='bbox 177 3055 251 3120; x_wconf 75' lang='lat' dir='ltr'>tuae,</span> <span class='ocrx_word' id='word_1_218' title='bbox 266 3068 323 3128; x_wconf 89' lang='lat' dir='ltr'>per</span> <span class='ocrx_word' id='word_1_219' title='bbox 339 3068 413 3128; x_wconf 83' lang='lat' dir='ltr'>quae</span> <span class='ocrx_word' id='word_1_220' title='bbox 431 3059 564 3110; x_wconf 87' lang='lat' dir='ltr'>renatus</span> <span class='ocrx_word' id='word_1_221' title='bbox 580 3068 625 3112; x_wconf 90' lang='lat' dir='ltr'>es.</span> <span class='ocrx_word' id='word_1_222' title='bbox 665 3047 695 3108; x_wconf 92' lang='lat' dir='ltr'>N</span> <span class='ocrx_word' id='word_1_223' title='bbox 699 3067 741 3108; x_wconf 90' lang='lat' dir='ltr'>on</span> <span class='ocrx_word' id='word_1_224' title='bbox 761 3047 869 3108; x_wconf 90' lang='lat' dir='ltr'>minus</span> <span class='ocrx_word' id='word_1_225' title='bbox 886 3045 945 3107; x_wconf 90' lang='lat' dir='ltr'>tibi</span> <span class='ocrx_word' id='word_1_226' title='bbox 963 3063 1047 3105; x_wconf 91' lang='lat' dir='ltr'>nunc</span> <span class='ocrx_word' id='word_1_227' title='bbox 1063 3065 1146 3126; x_wconf 91' lang='lat' dir='ltr'>opus</span> 
     </span>
     <span class='ocr_line' id='line_1_29' title="bbox 39 3149 1146 3231; baseline 0.001 -22"><span class='ocrx_word' id='word_1_228' title='bbox 39 3158 129 3222; x_wconf 86' lang='lat' dir='ltr'>sunt,</span> <span class='ocrx_word' id='word_1_229' title='bbox 140 3167 240 3227; x_wconf 91' lang='lat' dir='ltr'>quam</span> <span class='ocrx_word' id='word_1_230' title='bbox 257 3160 335 3212; x_wconf 90' lang='lat' dir='ltr'>tunc</span> <span class='ocrx_word' id='word_1_231' title='bbox 352 3151 505 3213; x_wconf 86' lang='lat' dir='ltr'>luerunt:</span> <span class='ocrx_word' id='word_1_232' title='bbox 529 3161 565 3212; x_wconf 91' lang='lat' dir='ltr'>ut</span> <span class='ocrx_word' id='word_1_233' title='bbox 581 3170 640 3231; x_wconf 91' lang='lat' dir='ltr'>per</span> <span class='ocrx_word' id='word_1_234' title='bbox 658 3149 891 3211; x_wconf 87' lang='lat' dir='ltr'>Poenitentiam</span> <span class='ocrx_word' id='word_1_235' title='bbox 910 3167 996 3209; x_wconf 90' lang='lat' dir='ltr'>nunc</span> <span class='ocrx_word' id='word_1_236' title='bbox 1013 3167 1146 3227; x_wconf 84' lang='lat' dir='ltr'>regene-</span> 
     </span>
     <span class='ocr_line' id='line_1_30' title="bbox 39 3251 686 3334; baseline 0.003 -22"><span class='ocrx_word' id='word_1_237' title='bbox 39 3262 125 3324; x_wconf 91' lang='lat' dir='ltr'>rent,</span> <span class='ocrx_word' id='word_1_238' title='bbox 142 3270 216 3330; x_wconf 84' lang='lat' dir='ltr'>quae</span> <span class='ocrx_word' id='word_1_239' title='bbox 234 3273 291 3332; x_wconf 90' lang='lat' dir='ltr'>per</span> <span class='ocrx_word' id='word_1_240' title='bbox 307 3251 433 3315; x_wconf 89' lang='lat' dir='ltr'>sontem</span> <span class='ocrx_word' id='word_1_241' title='bbox 451 3262 650 3334; x_wconf 86' lang='lat' dir='ltr'>generarunt</span> <span class='ocrx_word' id='word_1_242' title='bbox 663 3252 686 3314; x_wconf 88' lang='lat'>’&#39;.</span> 
     </span>
    </p>
   </div>
   <div class='ocr_carea' id='block_1_4' title="bbox 40 3368 1148 3859">
    <p class='ocr_par' dir='ltr' id='par_1_4' title="bbox 40 3368 1148 3859">
     <span class='ocr_line' id='line_1_31' title="bbox 83 3368 1145 3456; baseline -0.008 -17"><span class='ocrx_word' id='word_1_243' title='bbox 83 3390 136 3455; x_wconf 89' lang='lat'>30.</span> <span class='ocrx_word' id='word_1_244' title='bbox 186 3368 249 3456; x_wconf 88' lang='lat' dir='ltr'>(C)</span> <span class='ocrx_word' id='word_1_245' title='bbox 269 3373 343 3434; x_wconf 86' lang='lat' dir='ltr'>Rat.</span> <span class='ocrx_word' id='word_1_246' title='bbox 360 3394 483 3436; x_wconf 82' lang='lat' dir='ltr'>cannen.</span> <span class='ocrx_word' id='word_1_247' title='bbox 501 3373 661 3448; x_wconf 86' lang='lat' dir='ltr'>Christus,</span> <span class='ocrx_word' id='word_1_248' title='bbox 685 3372 876 3452; x_wconf 91' lang='lat' dir='ltr'>hujusmodi</span> <span class='ocrx_word' id='word_1_249' title='bbox 900 3379 1145 3432; x_wconf 87' lang='lat' dir='ltr'>sacramentum</span> 
     </span>
     <span class='ocr_line' id='line_1_32' title="bbox 40 3474 1147 3554; baseline -0.002 -18"><span class='ocrx_word' id='word_1_250' title='bbox 40 3474 260 3550; x_wconf 70' lang='lat' dir='ltr'>instituendo</span> <span class='ocrx_word' id='word_1_251' title='bbox 277 3475 435 3538; x_wconf 70' lang='lat' dir='ltr'>Ecclesiae</span> <span class='ocrx_word' id='word_1_252' title='bbox 460 3476 618 3538; x_wconf 90' lang='lat' dir='ltr'>ministris</span> <span class='ocrx_word' id='word_1_253' title='bbox 642 3476 779 3538; x_wconf 89' lang='lat' dir='ltr'>tradidit</span> <span class='ocrx_word' id='word_1_254' title='bbox 800 3475 909 3538; x_wconf 90' lang='lat' dir='ltr'>claves</span> <span class='ocrx_word' id='word_1_255' title='bbox 933 3475 1024 3554; x_wconf 88' lang='lat' dir='ltr'>regni</span> <span class='ocrx_word' id='word_1_256' title='bbox 1048 3474 1147 3535; x_wconf 90' lang='lat' dir='ltr'>coelo-</span> 
     </span>
     <span class='ocr_line' id='line_1_33' title="bbox 40 3578 1146 3658; baseline -0.001 -19"><span class='ocrx_word' id='word_1_257' title='bbox 40 3598 126 3653; x_wconf 88' lang='lat' dir='ltr'>rum,</span> <span class='ocrx_word' id='word_1_258' title='bbox 144 3587 178 3640; x_wconf 88' lang='lat' dir='ltr'>et</span> <span class='ocrx_word' id='word_1_259' title='bbox 194 3587 393 3658; x_wconf 85' lang='lat' dir='ltr'>potestatem</span> <span class='ocrx_word' id='word_1_260' title='bbox 419 3579 609 3642; x_wconf 89' lang='lat' dir='ltr'>remittendi</span> <span class='ocrx_word' id='word_1_261' title='bbox 625 3579 675 3640; x_wconf 91' lang='lat' dir='ltr'>vel</span> <span class='ocrx_word' id='word_1_262' title='bbox 694 3579 856 3640; x_wconf 89' lang='lat' dir='ltr'>retinendi</span> <span class='ocrx_word' id='word_1_263' title='bbox 874 3589 1032 3657; x_wconf 89' lang='lat' dir='ltr'>peccata;</span> <span class='ocrx_word' id='word_1_264' title='bbox 1055 3578 1146 3657; x_wconf 89' lang='lat' dir='ltr'>atqui</span> 
     </span>
     <span class='ocr_line' id='line_1_34' title="bbox 40 3674 1148 3760; baseline -0.003 -20"><span class='ocrx_word' id='word_1_265' title='bbox 40 3679 230 3740; x_wconf 76' lang='lat' dir='ltr'>frustranea</span> <span class='ocrx_word' id='word_1_266' title='bbox 246 3689 332 3740; x_wconf 89' lang='lat' dir='ltr'>esset</span> <span class='ocrx_word' id='word_1_267' title='bbox 349 3679 420 3741; x_wconf 82' lang='lat' dir='ltr'>haec</span> <span class='ocrx_word' id='word_1_268' title='bbox 436 3689 594 3760; x_wconf 72' lang='lat' dir='ltr'>potestas</span> <span class='ocrx_word' id='word_1_269' title='bbox 611 3680 637 3739; x_wconf 92' lang='lat' dir='ltr'>si</span> <span class='ocrx_word' id='word_1_270' title='bbox 654 3689 846 3759; x_wconf 86' lang='lat' dir='ltr'>peccatores</span> <span class='ocrx_word' id='word_1_271' title='bbox 862 3677 928 3738; x_wconf 90' lang='lat' dir='ltr'>alio</span> <span class='ocrx_word' id='word_1_272' title='bbox 945 3677 1046 3737; x_wconf 92' lang='lat' dir='ltr'>modo</span> <span class='ocrx_word' id='word_1_273' title='bbox 1063 3674 1148 3737; x_wconf 83' lang='lat' dir='ltr'>sores</span> 
     </span>
     <span class='ocr_line' id='line_1_35' title="bbox 40 3775 1146 3859; baseline -0.006 -17"><span class='ocrx_word' id='word_1_274' title='bbox 40 3778 138 3858; x_wconf 79' lang='lat' dir='ltr'>regni</span> <span class='ocrx_word' id='word_1_275' title='bbox 151 3778 310 3840; x_wconf 86' lang='lat' dir='ltr'>coelorum</span> <span class='ocrx_word' id='word_1_276' title='bbox 325 3778 450 3859; x_wconf 90' lang='lat' dir='ltr'>aperire</span> <span class='ocrx_word' id='word_1_277' title='bbox 463 3778 618 3852; x_wconf 89' lang='lat' dir='ltr'>valerent,</span> <span class='ocrx_word' id='word_1_278' title='bbox 630 3787 907 3858; x_wconf 87' lang='lat' dir='ltr'>peccatorumque</span> <span class='ocrx_word' id='word_1_279' title='bbox 921 3775 1146 3836; x_wconf 87' lang='lat' dir='ltr'>remissionem</span> 
     </span>
    </p>
   </div>
   <div class='ocr_carea' id='block_1_5' title="bbox 40 3877 1149 4068">
    <p class='ocr_par' dir='ltr' id='par_1_5' title="bbox 40 3877 1149 4068">
     <span class='ocr_line' id='line_1_36' title="bbox 40 3877 1149 3961; baseline -0.006 -15"><span class='ocrx_word' id='word_1_280' title='bbox 40 3882 215 3956; x_wconf 86' lang='lat' dir='ltr'>obtinere;</span> <span class='ocrx_word' id='word_1_281' title='bbox 238 3881 312 3961; x_wconf 90' lang='lat' dir='ltr'>quis</span> <span class='ocrx_word' id='word_1_282' title='bbox 336 3881 424 3943; x_wconf 89' lang='lat' dir='ltr'>enim</span> <span class='ocrx_word' id='word_1_283' title='bbox 449 3891 527 3942; x_wconf 90' lang='lat' dir='ltr'>tunc</span> <span class='ocrx_word' id='word_1_284' title='bbox 551 3883 591 3942; x_wconf 93' lang='lat' dir='ltr'>ad</span> <span class='ocrx_word' id='word_1_285' title='bbox 616 3881 678 3941; x_wconf 95' lang='lat' dir='ltr'>hoc</span> <span class='ocrx_word' id='word_1_286' title='bbox 701 3887 946 3940; x_wconf 88' lang='lat' dir='ltr'>sacramentum</span> <span class='ocrx_word' id='word_1_287' title='bbox 971 3877 1149 3954; x_wconf 86' lang='lat' dir='ltr'>accederet,</span> 
     </span>
     <span class='ocr_line' id='line_1_37' title="bbox 41 3981 1148 4068; baseline -0.005 -20"><span class='ocrx_word' id='word_1_288' title='bbox 41 3985 134 4068; x_wconf 89' lang='lat' dir='ltr'>quod</span> <span class='ocrx_word' id='word_1_289' title='bbox 152 3984 307 4046; x_wconf 74' lang='lat' dir='ltr'>humanae</span> <span class='ocrx_word' id='word_1_290' title='bbox 324 3985 485 4063; x_wconf 86' lang='lat' dir='ltr'>superbiae</span> <span class='ocrx_word' id='word_1_291' title='bbox 506 3994 574 4045; x_wconf 90' lang='lat' dir='ltr'>tam</span> <span class='ocrx_word' id='word_1_292' title='bbox 598 3981 723 4045; x_wconf 71' lang='lat' dir='ltr'>diredle</span> <span class='ocrx_word' id='word_1_293' title='bbox 740 3981 981 4043; x_wconf 85' lang='lat' dir='ltr'>contrariatur?</span> <span class='ocrx_word' id='word_1_294' title='bbox 1028 3981 1148 4042; x_wconf 91' lang='lat' dir='ltr'>Nonne</span> 
     </span>
    </p>
   </div>
   <div class='ocr_carea' id='block_1_6' title="bbox 79 4189 784 4348">
    <p class='ocr_par' dir='ltr' id='par_1_6' title="bbox 79 4189 784 4348">
     <span class='ocr_line' id='line_1_38' title="bbox 80 4189 781 4256; baseline -0.006 -10"><span class='ocrx_word' id='word_1_295' title='bbox 80 4201 88 4224; x_wconf 92' lang='lat'>¹</span> <span class='ocrx_word' id='word_1_296' title='bbox 104 4195 150 4246; x_wconf 85' lang='lat' dir='ltr'>De</span> <span class='ocrx_word' id='word_1_297' title='bbox 164 4190 313 4244; x_wconf 80' lang='lat' dir='ltr'>Poenitent</span> <span class='ocrx_word' id='word_1_298' title='bbox 329 4206 361 4242; x_wconf 71' lang='lat' dir='ltr'>c.v</span> <span class='ocrx_word' id='word_1_299' title='bbox 373 4204 411 4242; x_wconf 88' lang='lat'>10.</span> <span class='ocrx_word' id='word_1_300' title='bbox 428 4219 462 4227; x_wconf 91' lang='lat'>—-</span> <span class='ocrx_word' id='word_1_301' title='bbox 474 4189 485 4220; x_wconf 83' lang='lat'>²</span> <span class='ocrx_word' id='word_1_302' title='bbox 498 4191 596 4242; x_wconf 90' lang='lat' dir='ltr'>Sermo</span> <span class='ocrx_word' id='word_1_303' title='bbox 610 4201 670 4256; x_wconf 80' lang='lat'>392,</span> <span class='ocrx_word' id='word_1_304' title='bbox 686 4189 721 4240; x_wconf 90' lang='lat' dir='ltr'>al.</span> <span class='ocrx_word' id='word_1_305' title='bbox 738 4203 781 4254; x_wconf 82' lang='lat'>49.</span> 
     </span>
     <span class='ocr_line' id='line_1_39' title="bbox 79 4273 784 4348; baseline -0.007 -15"><span class='ocrx_word' id='word_1_306' title='bbox 79 4281 89 4314; x_wconf 78' lang='lat'>³</span> <span class='ocrx_word' id='word_1_307' title='bbox 104 4279 216 4348; x_wconf 87' lang='lat' dir='ltr'>Regula</span> <span class='ocrx_word' id='word_1_308' title='bbox 228 4279 279 4331; x_wconf 88' lang='lat'>288</span> <span class='ocrx_word' id='word_1_309' title='bbox 293 4294 325 4330; x_wconf 88' lang='lat' dir='ltr'>ex</span> <span class='ocrx_word' id='word_1_310' title='bbox 338 4276 520 4330; x_wconf 75' lang='lat' dir='ltr'>brevioribus</span> <span class='ocrx_word' id='word_1_311' title='bbox 538 4305 571 4313; x_wconf 92' lang='lat'>—</span> <span class='ocrx_word' id='word_1_312' title='bbox 584 4273 594 4302; x_wconf 78' lang='lat'><strong>⁴</strong></span> <span class='ocrx_word' id='word_1_313' title='bbox 608 4276 661 4344; x_wconf 87' lang='lat' dir='ltr'>Ep.</span> <span class='ocrx_word' id='word_1_314' title='bbox 679 4275 729 4342; x_wconf 94' lang='lat' dir='ltr'>Vl,</span> <span class='ocrx_word' id='word_1_315' title='bbox 746 4276 784 4328; x_wconf 91' lang='lat'>18.</span> 
     </span>
    </p>
   </div>
   <div class='ocr_carea' id='block_1_7' title="bbox 134 4395 402 4454">
    <p class='ocr_par' dir='ltr' id='par_1_7' title="bbox 134 4395 402 4454">
     <span class='ocr_line' id='line_1_40' title="bbox 134 4395 402 4454; baseline -0.015 -10"><span class='ocrx_word' id='word_1_316' title='bbox 134 4399 260 4444; x_wconf 75' lang='lat' dir='ltr'>Sunossrs</span> <span class='ocrx_word' id='word_1_317' title='bbox 272 4395 317 4442; x_wconf 74' lang='lat'>111.</span> <span class='ocrx_word' id='word_1_318' title='bbox 333 4421 355 4428; x_wconf 94' lang='lat'>-</span> <span class='ocrx_word' id='word_1_319' title='bbox 374 4411 402 4454; x_wconf 83' lang='lat'>32</span> 
     </span>
    </p>
   </div>
   <div class='ocr_carea' id='block_1_8' title="bbox 0 0 1394 4652">
    <p class='ocr_par' dir='ltr' id='par_1_8' title="bbox 0 0 1394 4652">
     <span class='ocr_line' id='line_1_41' title="bbox 0 0 1394 4652; baseline 0 0"><span class='ocrx_word' id='word_1_320' title='bbox 0 0 1394 4652; x_wconf 95' lang='lat' dir='ltr'> </span> 
     </span>
    </p>
   </div>
  </div>
 </body>
</html>
