2752 4648
681 177 820 233 CAPUT
840 182 882 230 11.

446 407 533 484 Art.
564 406 618 484 ΙΙ.
650 407 713 483 De
739 408 904 484 materiai
932 425 971 482 et
995 402 1134 482 formai.

603 565 618 653 5
647 570 670 632 1.
696 570 753 632 Da
778 581 979 632 Marcium.

275 701 423 777 'Probata
446 715 628 778 existentia
650 717 849 778 sacramenti
874 714 1101 786 Eucharistiae,
1117 713 1158 774 dc
1181 709 1247 790 ejus
1265 705 1316 767 ele-

235 817 356 880 mentis
378 818 602 881 constitutivis
627 821 798 901 disputare
821 819 991 892 debemus,
1014 837 1057 879 sc.
1081 815 1124 877 dc
1147 809 1274 876 ruaterid
1291 817 1318 868 et
1358 839 1359 844 .

225 918 347 999 formd.

279 1021 415 1103 Duplex
433 1034 483 1085 est
500 1023 658 1085 materia:
676 1031 804 1086 remota
820 1032 853 1085 ct
870 1010 1025 1104 proxima
1040 1043 1047 1097 ;
1065 1018 1201 1082 materia
1216 1021 1317 1077 remota

234 1123 453 1188 Eucharistiae
478 1134 528 1188 est
556 1127 652 1206 panis
676 1135 710 1188 et
733 1126 869 1201 vinum;
895 1126 1033 1186 materia
1056 1133 1168 1185 autem
1184 1117 1317 1202 proxima

233 1237 311 1289 sunt
336 1228 462 1308 species
490 1229 585 1309 panis
612 1228 736 1289 etvini
761 1235 970 1289 consecratae.
1018 1225 1198 1288 Dicemus:
1229 1231 1256 1280 1⁰
1275 1216 1317 1278 De

225 1339 333 1408 pane,·
357 1341 392 1389 2⁰
409 1329 461 1391 De
477 1331 578 1403 vz'n0,·
603 1342 638 1408 30
655 1329 707 1391 De
722 1328 951 1390 consecratione
967 1329 1146 1408 utriusque.

528 1481 555 1537 1.
573 1481 629 1539 De
648 1480 910 1540 eucharistico
930 1493 1041 1552 pane.

273 1603 323 1688 83.
371 1604 466 1669 Circa
483 1625 604 1686 panem
621 1606 875 1670 eucharisticum
893 1587 1030 1687 quidam
1047 1605 1170 1667 adsunt
1190 1617 1317 1663 errores:

230 1707 288 1786 (A)
302 1705 393 1769 Olim
407 1692 600 1786 Artol'yritoe
614 1707 717 1788 (ἁρτος
727 1707 833 1782 dread,
845 1707 930 1791 τυρός
938 1707 1055 1788 cheese)
1071 1708 1249 1770 docuerunt
1261 1699 1317 1761 Eu-

230 1809 418 1872 charistiam
444 1830 519 1872 cum
542 1829 627 1891 pane
648 1819 682 1872 et
703 1829 800 1871 caseo
821 1808 919 1871 simul
940 1829 1012 1870 esse
1035 1807 1276 1875 conficiendam,
1290 1801 1316 1860 in

231 1912 425 1974 memoriam
439 1911 703 1974 Patriarcharum
715 1911 771 1992 qui
782 1930 903 1992 panem
914 1921 947 1974 et
960 1931 1093 1974 caseum
1105 1907 1316 1972 comedebant.

230 2013 290 2093 (B)
305 2012 496 2078 calvinista
506 2021 630 2090 tenent,
644 2033 730 2094 pane
743 2022 777 2076 et
789 2014 867 2075 vino
878 2012 1063 2089 deficiente,
1076 2011 1222 2075 adhiberi
1234 2022 1317 2090 posse

197 2171 206 2182 .
229 2115 393 2197 quidquid
410 2116 506 2198 panis
522 2114 696 2195 anologice
719 2115 783 2177 dici
808 2125 927 2196 potest,
943 2135 1001 2178 seu
1025 2115 1186 2198 quidquid
1202 2110 1260 2173 cibi
1275 2125 1316 2167 ra·

228 2219 353 2282 tionem
378 2219 514 2281 habeta
562 2216 619 2298 (C)
645 2217 752 2280 Groeci
775 2217 975 2280 schismatici
994 2218 1201 2280 contendunt
1222 2211 1315 2275 solum

228 2340 349 2401 panem
378 2320 614 2382 fermentatum
639 2320 866 2383 adhibendum
890 2340 969 2383 esse.
991 2333 993 2338 ’
1018 2320 1097 2382 Duo
1120 2320 1218 2400 igitur
1240 2316 1315 2376 inve·

228 2422 450 2504 stigabimus:
487 2429 597 2484 utrum
626 2422 810 2502 requiratur
827 2422 928 2503 panis
957 2421 1131 2484 triticeus?
1161 2433 1196 2482 2⁰
1219 2426 1314 2480 utrum

227 2545 361 2604 asyrnus
377 2523 427 2586 vel
436 2526 687 2604 fermentatus?

613 2680 643 2735 1⁰
658 2673 710 2736 De
718 2685 806 2754 panc
819 2673 950 2737 triticeo.

267 2807 316 2884 84
363 2807 484 2864 Thesis:
507 2803 616 2868 Solus
641 2805 747 2883 panis
769 2805 935 2869 triticeus
959 2811 1016 2870 est
1041 2803 1193 2868 materia
1212 2794 1314 2864 valida

228 2903 478 2969 Eucharistiae.
525 2904 575 2966 De
589 2905 661 2985 fide
682 2913 731 2966 est
753 2923 873 2986 panem
897 2923 969 2965 esse
992 2903 1176 2976 materiam,
1190 2911 1313 2981 quuma

233 3005 263 3066 T
261 3005 321 3066 nd.
345 3004 520 3067 definitum
549 3005 646 3068 fucrit
669 3025 790 3086 panem
815 3007 848 3067 in
872 3025 992 3086 corpus
1015 3005 1139 3068 Christi
1163 2999 1313 3070 converti;

226 3118 346 3169 certum
361 3117 408 3168 est
423 3126 543 3186 panem
562 3107 653 3169 ilium
671 3108 835 3170 triticeum
853 3127 924 3168 esse
940 3106 1068 3169 debere.

271 3208 329 3288 (A)
341 3208 457 3288 script.
476 3209 563 3272 iliud
580 3209 668 3270 enim
686 3216 736 3270 est
753 3210 891 3270 materia
904 3209 1088 3270 necessaria
1102 3201 1311 3272 Eucharistiae,

227 3313 316 3392 quod
340 3311 491 3375 Christus
516 3313 586 3393 ipse
608 3311 760 3373 adhibuit
781 3321 815 3374 et
837 3311 986 3374 adhiberi
1010 3311 1175 3392 praecepit.
1220 3301 1311 3385 Atqui

227 3414 376 3478 Christus
408 3414 612 3478 instituendo
645 3414 898 3488 Eucharistiam
929 3413 979 3494 (a)
1010 3432 1131 3494 panem
1163 3409 1310 3474 triticeum
1358 3407 1359 3414 ’

226 3514 397 3577 adhibuit:
422 3515 555 3596 “JesuS,
580 3525 718 3594 accepto
743 3533 837 3595 panc,
861 3515 983 3594 gratias
1008 3516 1085 3596 egit,
1109 3526 1169 3578 etc.
1193 3514 1310 3576 dicens:

228 3617 304 3679 Hoc
326 3627 377 3678 est
400 3636 519 3698 corpus
544 3637 655 3678 meum
669 3616 733 3692 ''3;
754 3617 903 3696 jamvero
923 3618 1018 3698 panis
1039 3619 1238 3699 simpliciter,
1252 3613 1310 3674 sine

225 3719 350 3794 addito,
367 3730 417 3781 est
433 3720 528 3800 panis
546 3720 702 3793 triticeus
720 3721 765 3781 ita
783 3728 818 3782 ut
834 3721 861 3782 si
878 3721 951 3801 quis
968 3721 1069 3783 alium
1090 3739 1208 3802 panem
1225 3713 1309 3795 signi·

261 3925 308 3977 ¹S.
323 3924 349 3975 Τ
346 3926 373 3977 lt.
389 3939 406 3994 3
420 3943 446 3993 p.
464 3943 490 3994 q.
505 3939 556 3994 74;
577 3927 774 3997 Suanadisp.
787 3939 867 3998 43·45
876 3947 884 3994 ;
905 3929 1107 3993 Bellarminus,
1123 3931 1141 3983 l.
1156 3930 1307 3996 1V,c.7·1¹;

225 4009 467 4148 ἒαῇἀιίεπῆ
486 4013 610 4078 Drouin,
623 4030 649 4082 q.
669 4029 711 4077 115
730 4015 763 4066 dc
780 4015 961 4084 Auguslr'nr'q
981 4034 1007 4086 p.
1027 4031 1067 4083 ιι,
1085 4035 1111 4070 a.
1128 4031 1173 4087 2-3
1183 4037 1191 4082 ;
1210 4009 1307 4070 corblct

245 4112 271 4204 β’
285 4180 327 4232 Cf.
343 4137 451 4250 itariae,
466 4181 633 4250 Systematic
647 4186 787 4254 theology‚
800 4187 854 4242 vol.
871 4189 927 4256 111,
940 4205 966 4258 p.
983 4188 1044 4243 616.

261 4263 271 4292 ³
285 4263 351 4319 Luc.
367 4267 464 4331 XXII,
480 4281 518 4332 19.
