2780 4646
331 137 387 187 DE
404 137 563 186 (lnam
582 135 835 187 flam'ruau.
1070 135 1131 186 12³

82 324 141 390 170.
180 323 216 391 3⁶
229 317 325 374 Thesei
342 343 353 376 .·
374 315 500 380 Gratia
506 315 778 395 justificationis
791 317 849 380 est
862 312 1078 391 amissibilis,
1094 317 1132 376 et

50 409 85 472 de
96 411 187 475 lacto
201 411 380 476 amittitur
393 430 457 491 per
471 412 654 492 quodlibet
669 417 857 490 peccaturo
873 411 1033 476 mortale.

84 523 144 589 171.
196 523 228 571 10
245 510 360 592 Script.
376 509 435 592 (A)
455 511 530 573 Hoc
549 521 663 592 aperte
679 511 865 576 declaratur
881 511 913 572 in
930 511 1130 592 quibusdam

50 612 191 689 textibus,
207 636 235 676 v.
252 634 281 695 g.
299 620 314 644 ‘⁶
326 615 441 696 Justus
464 635 530 677 non
549 615 677 697 ,poterit
699 616 809 677 vivere
825 614 857 676 in
872 613 1001 693 justitia
1021 611 1130 673 suain

50 733 242 798 quacumque
265 717 319 779 die
341 718 525 799 peccaverit
538 717 598 791 ’'¹;
621 738 664 780 ex
688 735 753 798 quo
774 717 842 778 duo
857 715 1065 796 colliguntur,
1079 712 1131 794 ju·

50 824 121 877 stum
138 837 275 898 peccare
292 836 398 900 posse,
414 829 447 883 et
462 839 520 900 per
537 828 710 900 peccatum
724 817 898 899 justitiam,
914 836 971 879 seu
988 815 1130 897 gratiam

50 915 150 978 amitti.

89 1015 143 1098 (B)
161 1019 255 1084 Idem
273 1021 447 1083 deducitur
459 1041 502 1082 ex
516 1020 666 1083 textibus
680 1021 712 1081 in
726 1020 846 1101 quibus
858 1018 1077 1082 admonemur
1090 1036 1131 1078 ne

50 1129 156 1184 astatu
172 1123 289 1204 gratiae
305 1123 521 1185 excidamus:
544 1122 639 1205 “Qui
663 1144 698 1185 se
722 1123 892 1184 existimat
908 1131 1003 1195 stare,
1018 1119 1131 1182 videat

50 1243 82 1284 ne
95 1229 189 1289 cadat
202 1228 264 1304 ”²;
288 1230 462 1310 “Vigilate
483 1239 515 1291 et
537 1238 629 1292 orate
646 1239 763 1291 utnon
782 1229 908 1290 intretis
924 1227 956 1288 in
975 1226 1130 1290 tentatio-

50 1344 110 1387 nem
123 1329 138 1352 ’'
150 1339 184 1404 ³3
209 1330 274 1394 “Si
291 1333 363 1412 quis
381 1333 412 1392 in
431 1351 483 1393 me
499 1351 564 1392 non
583 1332 748 1407 manserit,
766 1330 916 1392 mittetur
938 1328 1025 1390 foras
1046 1328 1131 1390 sicut

50 1428 170 1506 palmes,
186 1441 219 1493 et
235 1443 369 1508 arescet,
385 1444 417 1496 et
434 1433 591 1514 colligent
606 1453 693 1509 eum,
709 1443 743 1495 et
760 1433 791 1494 in
809 1433 920 1513 ignem
938 1432 1080 1504 mittent,
1096 1440 1130 1492 et

50 1531 127 1593 ardet
139 1533 200 1610 ”45
224 1555 300 1598 nam
327 1535 389 1598 illae
414 1535 658 1598 admonitiones
681 1535 819 1597 omnino
841 1554 937 1596 vanae
960 1541 1079 1608 essent,
1102 1531 1129 1594 si

49 1635 172 1709 gratiam
189 1637 291 1700 semel
308 1649 478 1720 acceptam
496 1639 648 1700 amittere
664 1659 730 1700 non
748 1657 927 1720 possemus.
975 1635 1074 1717 Ergo

83 1736 134 1818 (C)
158 1738 380 1805 Confirmatur
402 1741 566 1822 exemplis
591 1741 739 1817 Davidis,
764 1740 961 1812 Salomonia
981 1725 1129 1816 §.Perre

50 1835 247 1922 aliorumque,
263 1844 329 1924 qui,
345 1853 420 1925 post
443 1844 592 1906 habitam
606 1841 887 1923 justificationem,
903 1841 993 1904 illam
1010 1843 1128 1904 amise-

50 1949 132 2018 runt;
156 1945 243 2006 unde
263 1945 310 2007 ait
327 1945 359 2009 S.
378 1946 540 2008 Pauluss:
565 1945 740 2026 “Quidam
765 1945 850 2006 circa
874 1942 972 2006 fidem
998 1943 1127 2007 naufra-

50 2057 193 2118 gaverunt
206 2045 245 2124 ’';
268 2068 311 2109 ex
328 2068 395 2130 quo
412 2058 543 2111 constat
559 2048 722 2129 quosdam
739 2067 850 2109 veram
874 2045 974 2110 fidem
998 2047 1128 2126 habere,

50 2148 251 2230 eamdemque
268 2161 384 2231 postea
400 2153 552 2214 amittere
568 2171 674 2232 posse.

85 2260 115 2307 20
134 2249 230 2314 Trod.
265 2254 327 2318 “Si
351 2255 425 2335 quis
449 2253 618 2318 hominem
642 2253 744 2316 semel
765 2251 982 2333 justificatum
1005 2253 1129 2318 dixerit

51 2351 175 2430 amplius
191 2375 328 2435 peccare
344 2377 409 2418 non
428 2376 545 2437 posse;
570 2374 677 2436 neque
693 2355 834 2435 gratiam
851 2356 1011 2430 amittere,
1027 2367 1128 2438 atque

52 2450 112 2516 ideo
126 2475 199 2520 eum
217 2461 272 2541 qui
290 2460 411 2523 labitur
426 2471 461 2523 et
476 2471 601 2542 peccat,
618 2479 787 2541 nunquam
804 2479 879 2522 vere
896 2459 996 2524 luisse
1009 2460 1128 2542 justifi-

52 2565 154 2634 catum,
170 2561 212 2624 A.
230 2561 281 2626 S.’'
298 2563 459 2642 (Tmilent.
477 2564 550 2626 loco
566 2565 616 2627 cit
634 2583 704 2626 can.
721 2580 739 2625 2
744 2581 770 2642 3,
787 2563 849 2641 27);

86 2671 144 2739 172
189 2677 225 2742 30
243 2665 318 2729 Rat.
366 2667 422 2728 Ex
444 2665 541 2730 dictis
565 2667 651 2730 circa
674 2676 824 2729 naturam
846 2667 962 2747 gratiae
985 2667 1127 2732 sandiifi·

51 2763 147 2837 cantis,
161 2777 293 2830 constat
317 2768 405 2831 illam
430 2769 463 2830 in
488 2770 598 2831 anima
621 2769 718 2830 simul
743 2789 817 2832 cum
837 2779 974 2850 peccato
997 2771 1128 2833 mortali

52 2865 215 2932 coexistere
231 2890 298 2934 non
315 2891 428 2952 posse;
452 2892 528 2934 narn
547 2873 654 2952 gratia
669 2870 847 2934 habitualis
868 2875 1051 2935 necessario
1068 2875 1128 2937 im·

52 2975 145 3039 portat
166 2992 280 3035 secum
308 2975 489 3050 caritatem,
511 2995 569 3037 seu
593 2994 739 3037 amorem
766 2975 839 3050 Dei,
862 2985 895 3037 et
922 2995 966 3037 ex
989 2977 1129 3040 adverso

53 3082 204 3140 peccalum
223 3077 363 3138 mortale
379 3089 429 3140 est
446 3078 572 3139 aversio
588 3098 607 3139 a
625 3077 716 3154 De0;
737 3077 828 3158 atqui
841 3078 1001 3158 quamdiu
1014 3079 1046 3140 in
1060 3081 1128 3143 vita

54 3185 214 3252 manemus,
232 3179 414 3241 mortaliter
438 3199 574 3259 peccare
594 3199 780 3260 possumus,
796 3189 832 3241 ut
848 3179 1012 3261 exemplis
1028 3203 1128 3264 supra

54 3267 150 3351 allatis,
165 3289 198 3342 et
221 3278 366 3362 lugenda
389 3283 594 3362 experientia
617 3290 768 3357 constat;
792 3301 871 3364 ergo
884 3281 1127 3362 justificationis

55 3376 172 3446 gratiam
196 3384 349 3446 amittere
372 3404 554 3464 possumus.
613 3383 712 3465 Quod
736 3385 862 3464 optime
887 3385 921 3447 S.
952 3385 1007 3447 Th.
1032 3389 1074 3465 (2.
1099 3405 1126 3450 2.

56 3489 77 3548 l·
89 3491 130 3554 24,
141 3501 165 3544 a.
181 3486 230 3562 12)
249 3487 505 3567 comparationis
521 3507 585 3568 ope
601 3487 765 3548 declarat:
785 3493 805 3574 ᾗ·
819 3485 957 3560 Caritas,
968 3507 1070 3567 quum
1084 3490 1127 3552 sit

56 3572 165 3645 habitus
182 3586 317 3664 inlusus,
329 3590 494 3669 dependet
507 3609 550 3650 ex
563 3585 693 3651 attione
706 3588 770 3650 Dei
785 3588 998 3663 infundentis,
1010 3591 1067 3670 qui
1080 3593 1126 3654 sic

58 3680 184 3749 sehabet
200 3689 232 3750 in
250 3689 413 3753 inlusione
434 3701 468 3754 et
492 3693 739 3754 conservatione
755 3690 909 3764 caritatis,
927 3691 1012 3752 sicut
1027 3692 1075 3753 sol
1092 3694 1125 3756 in

58 3777 273 3853 illuminatione
290 3794 425 3856 aeris...
473 3794 518 3856 Et
535 3795 609 3856 ideo
624 3795 709 3855 sicut
726 3793 836 3855 lumen
853 3793 967 3854 statim
984 3807 1126 3858 cessaret

58 3900 114 3947 esse
125 3889 152 3951 in
164 3913 236 3957 aere
248 3915 307 3977 per
318 3895 381 3958 hoc
392 3897 481 3978 quod
495 3897 629 3977 aliquod
642 3893 851 3958 obstaculum
865 3905 1042 3976 poneretur
1054 3899 1125 3961 illu·

82 4103 89 4142 ‘¹
104 4115 191 4178 auca.
207 4124 321 4189 xxm,
337 4119 619 4192 12·13.-²Jc0r.‚
634 4124 668 4189 x,
685 4139 725 4174 12.
741 4121 896 4176 -³Mau.
911 4121 1020 4186 xxvr,
1035 4137 1077 4188 41.

86 4203 164 4271 ‘loa
178 4209 238 4278 xv,
248 4212 273 4264 ⁶.
286 4241 320 4250 -
334 4208 374 4264 ⁵1
389 4212 460 4266 ran.
476 4210 498 4275 1,
515 4223 554 4276 19.
