2770 4646
260 183 316 232 DE
334 185 724 237 SACRAMENTORUM
745 188 891 239 CAUSA.
1055 189 1120 240 207

32 367 106 432 tum,
123 359 245 426 sufficit
265 373 302 426 ut
323 365 401 429 velit
424 367 523 430 ritum
547 386 676 430 sacrum
698 387 755 430 seu
781 368 970 448 religiosum
994 367 1120 442 facere;

32 478 86 521 nec
108 466 285 544 requiritur
301 477 338 530 ut
353 468 433 530 velit
454 468 561 532 lacere
581 471 671 550 quod
695 469 774 533 lacit
791 470 940 532 Ecclesia
959 471 1120 540 Romana,

32 563 82 623 sed
107 569 198 645 quod
232 569 309 632 facit
333 571 483 636 Ecclesia
507 595 592 650 vera,
615 595 832 656 quaecumque
859 577 910 648 sit,
933 585 991 636 aut
1018 575 1118 638 etiam

34 668 127 728 modo
148 674 294 751 generali
313 675 452 757 Religio,
468 697 543 757 quae
566 679 664 740 talem
679 679 783 740 'ritum
801 678 958 754 adhibet,
982 698 1042 739 nec
1064 698 1119 739 nc-

32 787 116 832 cesse
131 782 183 835 est
207 785 244 838 ut
264 780 376 842 credat
401 780 432 841 in
450 777 604 843 eflectum
622 782 820 844 sacramenti
835 794 854 844 ¹.
903 781 1003 846 Unde
1017 781 1118 842 etiam

33 869 200 938 haereticus
216 879 268 941 vel
290 900 439 963 paganus
461 883 562 946 talem
585 883 747 945 internam
765 885 981 946 intentionem
999 884 1119 945 habere

32 985 144 1053 potest.

70 1077 129 1160 (13)
145 1081 223 1146 Καί.
240 1086 335 1162 modi,
353 1089 492 1152 intentio
515 1099 566 1153 est
589 1089 736 1165 actualis,
757 1091 914 1166 virtualis,
935 1091 1120 1165 habitualis,

32 1179 276 1264 interpretativa
291 1213 297 1252 :
321 1191 371 1270 (a)
386 1192 534 1266 annalib,
546 1195 682 1273 quando
698 1195 780 1275 quis
792 1193 998 1257 conficiendo
1014 1214 1119 1255 sacra·

34 1297 187 1363 mentum,
203 1292 277 1354 adu
301 1295 372 1360 vult
395 1296 475 1360 illud
500 1299 706 1376 ministrare;
736 1298 784 1379 (b)
801 1298 965 1373 virtualis,
985 1298 1121 1380 quando

33 1385 168 1453 intentio
191 1404 270 1456 ante
293 1396 408 1460 habita
430 1409 634 1480 perseverat,
653 1403 805 1483 quamvis
828 1402 870 1464 de
893 1406 932 1463 ed
955 1399 1031 1464 auu
1055 1421 1122 1463 non

34 1491 213 1572 cogitetur;
240 1494 295 1584 (c)
313 1499 491 1564 habitualis
506 1523 546 1565 ea
567 1513 617 1566 est
640 1523 715 1586 quae
740 1505 815 1567 licet
839 1506 928 1585 prius
951 1504 1073 1578 habita,
1088 1514 1122 1566 et

35 1611 94 1654 non
111 1597 299 1677 retra6tata,
309 1613 420 1668 tamen
438 1626 545 1688 neque
561 1605 647 1683 adiu,
659 1628 766 1689 neque
782 1609 902 1672 virtute
918 1615 1121 1690 perseverat;

35 1699 104 1761 talis
126 1715 185 1780 est,
202 1729 230 1770 v.
248 1729 276 1789 g.
294 1711 434 1776 intentio
455 1712 584 1788 ebriosi,
599 1712 666 1792 qui,
686 1720 764 1773 ante
787 1711 981 1774 ebrietatem
1005 1710 1122 1773 habuit

37 1799 250 1874 intentionem
267 1824 511 1879 sacramentum
524 1813 720 1879 conficiendi
726 1837 734 1893 ;
756 1815 1122 1898 (dinumeratione

36 1917 80 1968 est
104 1931 206 1992 quarn
235 1917 308 1997 quis
335 1919 377 1981 de
405 1915 493 1983 ladio
520 1937 690 2000 nunquam
718 1919 844 1996 habuit,
867 1920 925 1981 sed
951 1918 1122 1981 habiturus

38 2023 124 2087 esset,
140 2017 166 2076 si
183 2019 227 2080 de
242 2018 373 2084 afflone
389 2022 578 2105 peragendi
595 2024 781 2104 cogitasset.

74 2115 131 2198 (C)
146 2119 223 2184 Κατ.
241 2123 367 2204 effellrls
381 2126 483 2201 veliti,
500 2126 641 2188 intentio
657 2136 729 2189 est:
753 2127 802 2207 (a)
819 2125 972 2200 absoluta,
988 2126 1123 2205 quando

38 2225 226 2286 sacramenti
243 2225 379 2290 effoditis
396 2248 415 2289 a
430 2228 521 2291 nulla
536 2230 728 2292 conditione
745 2230 886 2312 pendet;
908 2227 960 2309 (b)
971 2227 1123 2289 conditio-

38 2331 117 2396 nata,
133 2329 269 2406 quando
285 2349 305 2390 a
320 2331 510 2394 conditione
522 2333 736 2415 adimplenda
753 2333 883 2414 pendet.

74 2423 136 2507 (D)
151 2428 228 2492 Rat.
244 2432 385 2513 subsidii,
404 2435 545 2498 intentio
568 2446 617 2499 est
637 2457 644 2499 :
670 2433 725 2522 (a)
743 2437 965 2511 deternn'nata,
988 2435 1123 2517 quando

38 2527 184 2594 voluntas
201 2533 302 2599 fertur
313 2537 399 2599 circa
411 2550 534 2602 certam
548 2551 581 2602 et
597 2539 769 2603 definitam
787 2560 961 2622 personam
980 2549 1037 2602 aut
1054 2561 1122 2602 ma-

38 2631 174 2698 teriam:
202 2633 259 2722 (b)
278 2638 539 2718 indeterminata,
557 2646 692 2723 quando
716 2643 817 2707 fertur
840 2645 925 2706 circa
949 2644 1122 2706 materiam

39 2743 88 2796 aut
108 2744 781 2819 personasinsufficienterdeterminatas,
798 2764 826 2806 v.
843 2763 872 2823 g.
889 2743 1027 2805 absolvo
1042 2763 1122 2823 qua-

40 2842 105 2900 tuor
120 2861 164 2904 ex
181 2847 330 2925 personis
346 2848 571 2929 praesentibus

77 2941 139 3005 His
155 2947 281 3026 positis,
293 2950 497 3031 inquiremus
513 2970 667 3031 quaenam
685 2949 826 3012 intentio
842 2948 883 3009 ad
901 2957 1124 3012 sacramento·

40 3060 102 3108 rum
119 3048 324 3115 validitatem
342 3043 524 3135 requiritur.

72 3180 117 3256 96.
164 3186 263 3245 These's
275 3189 310 3245 la
319 3213 330 3247 .·
354 3187 409 3251 Ad
424 3186 644 3251 validitatem
659 3187 966 3248 sacramentorum
980 3187 1123 3264 requiri-

39 3282 90 3339 tur
110 3279 261 3347 intentio
284 3301 367 3348 vere
392 3285 532 3348 interna
554 3283 705 3347 faciendi
724 3281 820 3361 quod
843 3281 927 3345 lacit
948 3282 1121 3362 Ecclesia,

41 3389 75 3437 ac
101 3379 248 3455 proinde
276 3398 347 3445 non
381 3381 513 3446 sufficit
541 3380 668 3459 jocosa
695 3379 750 3442 vel
780 3385 931 3443 externa
963 3379 1120 3443 intentio.

40 3471 84 3533 De
97 3477 167 3557 fide
193 3491 241 3543 cst
265 3491 380 3544 contra
408 3479 598 3554 Lutherum,
625 3487 657 3540 et
686 3478 860 3559 plerosque
888 3479 1123 3553 ProtestanteS,

33 3575 161 3652 jocosam
178 3582 398 3646 intentionem
420 3604 485 3646 non
508 3581 665 3656 sufficere,
682 3601 730 3642 cx⁴
748 3580 778 3642 T
776 3581 889 3642 rident.
907 3601 1004 3662 supra
1020 3581 1123 3644 citato

39 3689 1117 3710 -......-...-......-—.-.-—-...

70 3763 195 3821 ¹Revera
209 3767 237 3820 S.
250 3767 281 3821 C.
292 3769 318 3821 S.
330 3767 421 3822 Officii
436 3767 608 3835 interrogata
621 3765 737 3820 “utrum
751 3763 907 3833 baptismus
919 3765 956 3817 ab
970 3763 1022 3819 illis
1036 3766 1122 3821 ltaere·

42 3847 95 3905 ticis
115 3855 326 3909 administratus
344 3857 382 3909 sit
399 3855 502 3908 dubius
522 3865 636 3924 propter
654 3851 795 3907 desectum
815 3850 977 3904 intentionis
1001 3850 1121 3906 faciendi

43 3940 106 4003 quod
124 3942 207 3995 voluit
226 3941 364 4007 Christus,
376 3941 399 3996 si
419 3940 550 4011 expresse
567 3941 741 3995 declaratum
760 3938 841 3992 luerit
860 3955 877 3990 a
895 3937 1029 4005 ministro,
1045 3951 1122 3993 ante·

43 4039 115 4090 quam
127 4027 255 4097 baptizet,
265 4029 436 4098 baptismum
450 4029 556 4081 nullum
569 4027 673 4080 habere
687 4023 817 4079 effecium
832 4023 859 4077 in
872 4024 995 4090 anima”,
1009 4041 1121 4093 respon·

44 4107 77 4162 dit
89 4112 242 4184 “negativa
256 4115 322 4184 quia
341 4131 397 4168 non
410 4114 541 4169 obstante
555 4130 647 4166 errore
661 4111 754 4181 quoad
773 4110 888 4164 efsedlus
908 4110 1047 4179 baptismi,
1065 4129 1121 4164 non

44 4199 182 4256 excluditur
193 4203 314 4257 intentio
327 4202 446 4256 faciendi
465 4203 541 4271 quod
560 4201 626 4256 facit
640 4200 799 4254 Ecclesia'’.
839 4199 935 4268 (Apud
951 4199 1121 4252 collectanea

45 4284 68 4335 S.
83 4288 110 4340 C.
122 4289 155 4343 de
170 4291 252 4360 Prop.
269 4289 348 4356 Fide,
362 4291 469 4355 Romae,
487 4291 560 4355 1893,
575 4305 601 4340 n.
618 4287 692 4356 539.)
