2758 4652
256 175 321 226 568
539 173 594 222 DE
613 172 828 221 EXTREMA
849 171 1078 222 UNCTIONE.

253 353 424 425 apostolus:
449 353 463 380 “
474 351 645 410 Infirmatur
655 353 722 424 quis
736 351 766 408 in
780 352 882 409 vobis?
911 351 1039 410 Inducat
1054 348 1240 423 presbyteros
1253 347 1334 406 Eccit-

254 443 313 506 siae,
324 451 353 499 et
367 449 454 500 orent
468 457 558 512 super
570 458 648 511 eum,
671 450 817 513 ungentes
831 457 899 498 eum
914 439 983 498 oleo
997 440 1025 496 in
1042 439 1163 496 nomine
1178 437 1303 495 Domini.
1314 449 1333 492 et

254 529 348 587 oratio
362 528 430 587 fidei
450 529 574 587 salvabit
595 528 753 598 infirmum,
772 538 800 586 et
813 527 962 585 alleviabit
975 545 1044 585 eum
1060 527 1217 592 Dominus,
1233 535 1261 582 et
1279 525 1298 581 si
1315 524 1334 578 in

254 617 385 691 peccatis
398 617 444 686 sit,
460 619 647 676 dimittentur
659 617 685 675 ei
697 617 721 668 ’'.

373 761 660 843 Tridentini
684 764 902 843 Decreta
930 766 982 842 et
1002 761 1233 842 Canones

291 879 354 962 de
382 884 708 960 sacramento
738 881 998 960 Extremae
1030 878 1307 960 Unctionis.

691 1013 781 1082 (Sess.
798 1013 848 1070 XI
854 1013 879 1069 V
881 1023 897 1069 ¹.
902 1014 917 1084 )

288 1134 391 1192 Visum
403 1143 447 1192 est
460 1145 559 1192 autem
576 1133 692 1191 Sanctae
706 1133 836 1206 synodo
853 1133 1033 1206 praecedenti
1047 1133 1193 1192 dotlrinae
1206 1132 1243 1191 de
1259 1133 1336 1189 Poen-

254 1223 345 1280 tentiai
363 1220 525 1293 adjungere
544 1238 579 1277 ea
598 1238 665 1292 quae
684 1232 850 1292 sequuntur
869 1223 907 1280 de
927 1231 1113 1279 sacramento
1129 1221 1275 1278 Extremae
1287 1219 1336 1277 l‘n·

252 1310 360 1368 ationis
377 1331 383 1366 :
397 1310 480 1380 quod
492 1326 552 1366 non
567 1310 660 1368 modo
672 1309 868 1378 Poenitentiae,
877 1311 929 1368 sed
940 1321 969 1368 et
983 1310 1073 1367 totius
1085 1309 1262 1368 Christianae
1275 1319 1334 1365 vita.

253 1414 321 1468 quae
336 1406 476 1468 perpetua
491 1395 666 1467 poenitentia
679 1413 744 1454 esse
758 1396 858 1459 debet,
871 1396 1142 1454 consummativum
1156 1395 1335 1454 existimatum

253 1581 282 1628 et
302 1570 399 1639 docet,
416 1569 499 1641 quod
518 1570 767 1628 clementissimus
782 1572 970 1644 Redemptor
989 1584 1096 1642 noster,
1114 1571 1167 1642 qui
1187 1571 1273 1628 servis
1290 1569 1336 1624 suis

254 1657 358 1728 quovis
372 1667 506 1728 tempore
519 1656 612 1714 voluit
625 1657 663 1715 de
677 1659 853 1716 salutaribus
867 1658 1005 1717 remediis
1018 1659 1159 1716 adversus
1173 1657 1270 1715 omnia
1288 1673 1336 1712 om·

254 1745 336 1800 nium
351 1744 480 1801 hostium
490 1745 547 1802 tela
561 1761 626 1802 esse
635 1746 837 1818 prospectum,
845 1746 1101 1817 quemadmodum
1110 1745 1218 1802 auxilia
1229 1743 1336 1800 maxima

254 1832 282 1888 in
298 1833 489 1888 sacramentis
502 1833 566 1891 aliis
582 1836 765 1907 praeparavit,
783 1836 892 1907 quibus
906 1835 1065 1895 Christiani
1080 1853 1254 1892 conservare
1266 1851 1294 1890 se
1307 1835 1337 1886 irt-

256 1931 365 1992 tegros,
381 1921 453 1978 dum
468 1921 608 1991 viverent,
625 1924 663 1981 ab
683 1925 765 1981 omni
786 1925 918 1997 graviore
938 1923 1054 1996 spiritus
1074 1922 1266 1980 incommodo
1285 1935 1337 1990 pos·

255 2009 334 2080 sint;
361 2009 400 2065 ita
417 2009 564 2067 Extremae
578 2009 739 2069 Unctionis
752 2022 939 2069 sacramento
953 2011 1043 2068 linem
1057 2010 1132 2076 vitae,
1147 2021 1285 2080 tanquam
1303 2005 1337 2060 tir·

252 2097 386 2155 missimo
405 2097 537 2168 quodam
557 2098 696 2170 praesidio
711 2098 844 2156 munivit.
886 2098 964 2155 Nam
984 2100 1037 2156 etsi
1052 2096 1238 2155 adversarius
1256 2105 1338 2150 noster

252 2183 426 2242 occasiones
440 2201 492 2256 per
506 2203 626 2243 omnent
641 2187 731 2244 vitam
746 2196 858 2257 quaerat
871 2197 900 2242 et
913 2195 1022 2257 captet,
1038 2196 1068 2243 ut
1082 2186 1227 2244 devorare
1240 2185 1337 2240 animas

253 2281 367 2329 nostras
381 2273 599 2345 quoquomodo
610 2274 702 2344 possit
720 2293 725 2329 :
755 2273 870 2329 nullum
885 2282 984 2329 tamen
998 2282 1114 2344 tempus
1128 2282 1181 2340 est,
1195 2289 1255 2344 quo
1267 2267 1336 2327 vene·

250 2360 381 2416 mentius
396 2359 444 2416 ille
457 2375 561 2417 omnes
576 2377 637 2416 suae
650 2359 784 2417 versutiae
800 2376 904 2416 nervos
919 2359 1053 2417 intendat
1067 2361 1105 2418 ad
1119 2359 1286 2432 perdendos
1297 2373 1336 2411 nos

252 2447 379 2516 penitus,
389 2458 417 2505 et
431 2465 447 2504 a
462 2445 569 2504 fiducia
581 2445 679 2515 etiam,
693 2444 716 2501 si
731 2446 834 2517 possit,
849 2443 958 2502 divinae
973 2445 1183 2504 misericordiae
1196 2445 1335 2503 deturban-

252 2533 316 2600 dos
327 2551 417 2604 quam
431 2551 500 2590 cuin
515 2533 690 2605 impendere
704 2532 790 2590 nobis
804 2531 915 2590 exitum
931 2533 997 2590 vitae
1008 2533 1157 2604 perspicit.

309 2653 414 2718 CAP.
440 2661 467 2718 l.
494 2659 548 2716 De
572 2659 819 2716 institutione
843 2660 1075 2717 sacramenti
1101 2661 1294 2718 Extremae

695 2755 908 2814 Unctionis.

288 2869 426 2928 Instituta
435 2877 479 2925 est
492 2877 592 2924 autem
607 2867 671 2924 haec
681 2867 796 2925 Unctio
807 2867 1000 2941 intirmorum,
1014 2881 1157 2941 tanquam
1166 2889 1234 2928 vere
1246 2885 1273 2928 et
1286 2887 1333 2942 pro-

251 2959 314 3031 prie
324 2965 542 3013 sacramentum
557 2955 623 3011 novi
636 2955 830 3024 Testamenti,
841 2973 857 3011 a
869 2954 987 3014 Christo
999 2957 1131 3014 Domino
1146 2970 1256 3024 nostro,
1272 2955 1331 3028 apud
1352 2977 1353 2999 t

253 3047 389 3103 Marcum
412 3043 535 3114 quidem
558 3041 749 3108 insinuatum,
769 3058 822 3113 per
835 3041 982 3114 Jacobum
1004 3053 1103 3100 autern
1118 3045 1294 3115 Apostolum
1309 3059 1331 3098 ar

253 3131 375 3190 Domini
387 3130 513 3190 fratrem,
527 3127 665 3185 fidelibus
674 3129 918 3186 commendatum
929 3146 965 3185 ac
976 3131 1198 3202 promulgatum
1213 3153 1220 3187 :
1241 3130 1331 3188 “intir-

251 3229 356 3289 matur,
370 3217 474 3288 inquit,
486 3217 551 3287 quis
566 3215 595 3272 in
610 3215 708 3286 vobis3
726 3215 848 3273 inducat
864 3216 1050 3288 presbyteros
1060 3217 1215 3285 Ecclesiae,
1228 3230 1256 3276 et
1268 3229 1331 3276 orent

251 3323 338 3377 super
351 3321 430 3366 eum.
448 3313 593 3373 ungentes
608 3320 675 3359 eum
691 3302 759 3359 oleo
780 3303 808 3358 in
829 3303 951 3360 nomine
968 3303 1088 3360 Domini
1108 3326 1114 3361 :
1135 3317 1163 3363 et
1174 3307 1268 3363 oratio
1281 3303 1329 3360 tidei
1351 3319 1352 3349 t

251 3392 374 3449 salvabit
387 3390 548 3457 infirmum,
562 3399 591 3447 et
602 3389 750 3446 alleviabit
761 3407 829 3446 eum
844 3390 992 3446 Dominus
1004 3412 1011 3457 ;
1030 3401 1059 3448 et
1073 3391 1096 3447 si
1112 3392 1140 3448 in
1161 3394 1286 3464 peccatis
1297 3391 1328 3452 stt

250 3481 436 3538 dimittentur
456 3477 483 3534 ei
495 3477 520 3532 ”.
561 3477 681 3550 Quibus
705 3476 810 3544 verbis,
826 3487 857 3534 ut
877 3496 911 3535 ex
926 3478 1101 3550 Apostolica
1121 3480 1278 3538 traditione
1294 3494 1328 3548 pet

251 3585 356 3625 manus
369 3575 492 3636 accepta
503 3564 635 3621 Ecclesia
649 3563 762 3632 didicit,
776 3564 864 3621 docet
879 3565 1039 3629 materiam.
1054 3565 1190 3634 sormam,
1201 3567 1329 3639 proprium

251 3656 425 3720 ministrum,
442 3665 470 3712 et
484 3652 622 3710 ellectum
638 3651 727 3721 hujus
740 3652 873 3709 salutaris
887 3653 1069 3711 sacramenti.
1110 3654 1258 3713 Intellexit
1270 3653 1329 3712 enirn

252 3744 384 3802 Ecclesia
398 3743 550 3800 materiam
565 3757 628 3796 esse
643 3741 740 3796 oleum
756 3739 795 3795 ab
811 3739 963 3811 Episcopo
982 3739 1175 3798 benedictum
1191 3765 1197 3798 :
1217 3760 1279 3799 nam
1293 3756 1329 3794 un·

250 3831 309 3888 ctio
322 3831 473 3902 aptissime
488 3829 613 3900 Spiritus
624 3825 719 3883 sanat
729 3827 862 3897 gratiam,
874 3846 936 3898 quo
951 3827 1135 3886 invisibiliter
1149 3831 1249 3887 anima
1261 3845 1327 3898 aaut»
1349 3849 1350 3880 t

251 3919 338 3973 tantis
353 3917 511 3986 inungitur,
521 3923 710 3985 repraesentat
723 3933 729 3968 :
751 3913 875 3970 sormam
885 3915 995 3973 deinde
1006 3933 1070 3972 esse
1080 3915 1128 3972 illa
1140 3919 1231 3975 verba
1244 3940 1249 3972 :
1267 3928 1280 3944 ··
1290 3916 1327 3970 Per

252 4004 335 4058 istam
352 4003 534 4070 unctionem,
552 4003 628 4059 etc.''

258 4121 569 4130 ——.-.-.-.--=-——.-
587 4125 590 4129 .
614 4125 626 4130 -
709 4125 792 4131 -.-
811 4125 853 4130 -.-
877 4127 926 4131 .--
939 4127 962 4132 --
973 4127 1264 4135 --—.-.--.--—.—-

285 4179 431 4232 1Trident.
461 4177 577 4233 Parrum
604 4181 639 4236 de
666 4183 711 4236 his
739 4185 896 4238 canonibus
924 4186 1188 4242 animadversiones
1217 4189 1274 4241 vide
1296 4199 1324 4250 21³v
1348 4169 1349 4184 ¹

258 4267 285 4318 T
282 4265 388 4326 lrer‘ncr,
404 4283 448 4334 op.
465 4265 520 4328 cit,
535 4268 586 4320 vol.
604 4268 623 4334 l,
641 4287 666 4338 p.
684 4283 733 4337 590
745 4288 786 4340 sq.
