2770 4652
274 165 341 216 ⁴32
715 163 854 216 CAPUT
870 165 930 216 111.

1226 273 1345 284 ..-.-—-

274 340 451 422 participes
467 350 544 404 sunt
560 339 691 406 altaris?
715 340 805 423 Quid
821 339 920 422 ergo?
943 339 1018 402 dico
1034 339 1124 420 quod
1141 338 1234 402 idolis
1247 336 1342 398 immo

271 443 378 507 latum
399 443 442 508 sit
460 443 595 524 aliquid,
615 453 673 506 aut
692 444 782 524 quod
807 443 934 507 idolum
955 444 998 506 sit
1022 442 1172 524 aliquid?
1203 441 1263 506 Sed
1283 458 1343 518 quar

274 545 450 612 immolant
472 555 598 629 gentes,
612 547 788 612 daemouiis
811 547 988 612 immolant
1008 555 1042 610 et
1063 566 1129 608 non
1148 546 1226 610 Deo.
1273 541 1343 606 Nolo

273 659 385 713 autern
404 668 460 711 vos
475 650 582 712 socios
599 647 666 714 fieri
683 649 934 714 daemoniorum.
980 648 1010 712 N
1014 665 1057 710 on
1079 647 1217 729 potestis
1230 646 1343 710 calicem

275 751 411 814 Domini
428 751 540 814 bibere
555 761 589 814 et
605 751 741 815 calicem
758 754 1000 818 daemoniorum
1012 751 1035 816 ”.
1085 752 1135 818 lbi
1157 751 1241 818 enirn
1259 767 1343 830 oppo

274 854 323 917 nit
344 853 527 936 Apostolus
553 875 703 919 mensam
728 856 979 920 eucharisticam
1005 855 1100 920 altari
1120 855 1299 936 Judaeorum
1318 859 1344 910 et

274 956 466 1033 Gentilium,
489 967 522 1020 et
548 957 799 1022 eucharisticam
823 959 966 1024 victimis
991 979 1090 1040 super
1116 958 1196 1021 illud
1225 955 1344 1029 oblatis;

273 1060 365 1140 atqui
393 1069 463 1123 tum
490 1060 599 1141 Judaei
627 1071 695 1126 turn
723 1062 856 1126 Ethnici
882 1081 958 1125 vera
984 1060 1144 1125 sacrificia
1167 1059 1344 1131 ollereban1;

275 1183 355 1245 ergo
378 1164 503 1245 pariter
525 1163 724 1230 eucharistia
747 1177 797 1232 est
821 1177 930 1231 verum
954 1164 1160 1228 sacrificium.
1188 1161 1343 1228 Confirma-

263 1276 327 1330 ‘tur
350 1287 393 1330 ex
418 1267 484 1330 alio
510 1269 625 1332 loco¹:
653 1267 950 1330 “Ministrantibus
970 1267 1092 1347 (graece
1115 1261 1344 1346 icercupyelurm}

273 1377 384 1434 autern
407 1369 471 1432 illis
487 1369 645 1446 Domine,
660 1371 748 1434 dixit
770 1369 834 1434 illis
856 1369 1000 1450 Spiritus
1022 1369 1073 1432 S.:
1097 1375 1265 1448 segregate
1283 1360 1344 1424 mihi

274 1471 412 1536 Saulum
428 1483 462 1535 et
479 1473 665 1538 Barnabam
683 1474 715 1536 in
731 1492 815 1554 opus
831 1473 872 1534 ad
890 1472 980 1554 quod
996 1471 1159 1552 assumpsi
1175 1469 1274 1544 eos'¹;
1293 1483 1345 1527 vox

273 1575 362 1637 enim
380 1571 558 1660 λειτουργειν
574 1577 607 1640 in
623 1577 744 1639 divinis
765 1575 882 1638 litteris
899 1574 986 1638 idern
1009 1582 1106 1637 sonat
1126 1593 1164 1634 ac
1180 1569 1346 1636 sacrificare,

273 1697 331 1740 seu
344 1680 550 1742 sacerdotale
562 1679 706 1743 officium
719 1677 910 1760 adimplere,
921 1687 958 1742 ut
970 1677 1092 1741 fatetur
1105 1677 1175 1757 ipse
1185 1674 1227 1738 D.
1238 1669 1345 1754 Alsord.

273 1779 302 1842 h.
321 1779 379 1842 loc.
399 1805 406 1846 :
428 1782 491 1845 hoc
507 1781 706 1844 vocabulum
724 1780 805 1844 illud
821 1789 871 1843 est
887 1781 977 1862 quod
994 1779 1178 1862 generatim
1195 1785 1346 1856 usurpatur

273 1883 315 1950 ad
343 1884 548 1950 sacerdotale
576 1903 696 1948 munus
720 1885 964 1966 designandum
993 1885 1078 1948 inter
1102 1883 1258 1964 Judaeos3
1287 1878 1345 1940 hinc

274 1985 380 2049 Graeci
398 1988 485 2050 idern
503 1991 704 2068 usurparunt
720 1988 761 2049 ad
778 1986 1021 2068 designandum
1035 1987 1148 2050 Missae
1164 1983 1345 2050 sacrificium.
1368 2041 1369 2044 ,

317 2104 383 2172 159.
431 2105 466 2154 20
487 2091 611 2156 Tradit.
632 2086 697 2176 (A)
716 2112 759 2154 ex
776 2091 943 2165 Patribus,
958 2092 1014 2171 qui
1037 2077 1232 2168 docentia)
1246 2081 1346 2150 sacrifi·
1368 2099 1369 2114 ¹

272 2195 359 2258 cium
389 2195 502 2258 Missae
530 2194 611 2257 nihil
638 2195 728 2258 aliud
752 2215 825 2258 esse
849 2195 911 2257 nisi
938 2193 1133 2256 sacrificium
1158 2212 1178 2254 a
1203 2187 1346 2254 Malachii

272 2299 531 2379 praenuntiatum
547 2319 554 2374 ;
582 2298 702 2378 legitur
717 2298 805 2360 enim
828 2299 860 2359 in
875 2296 1036 2360 Doilrind
1056 2297 1219 2360 duodecim
1234 2297 1345 2375 Aposto-

271 2401 376 2462 lorum
390 2401 429 2480 (c.
447 2401 498 2480 14)
513 2425 520 2464 ε
543 2407 559 2432 ‘¹
572 2399 637 2462 Die
653 2400 822 2463 dominici
838 2400 1073 2464 convenientes
1089 2399 1230 2480 frangite
1245 2411 1345 2478 panem

272 2510 305 2564 ct
329 2502 451 2582 gratias
474 2504 573 2583 agite,
590 2511 767 2583 postquam
791 2500 913 2566 delicta
936 2512 1045 2566 vestra
1065 2501 1207 2565 confessi
1226 2501 1306 2572 estis,
1319 2502 1345 2556 ut
1367 2551 1368 2560 e

273 2604 315 2666 sit
331 2605 492 2668 mundum
509 2603 703 2669 sacrificium
721 2616 893 2670 vestrum...
940 2605 1016 2668 Hoc
1032 2605 1120 2667 enirn
1137 2613 1187 2666 est
1206 2600 1344 2668 uictuma

274 2707 445 2770 Domino:
471 2709 510 2770 In
531 2709 622 2771 omni
644 2709 718 2773 loco
739 2719 773 2773 ct
795 2719 944 2789 tempore
965 2706 1123 2770 offeratur
1145 2706 1224 2770 mihi
1246 2699 1343 2768 sacrifi·

272 2807 359 2870 cium
386 2811 556 2880 mundum,
577 2811 656 2890 quia
680 2829 739 2871 rex
766 2827 906 2890 magnus
930 2828 1014 2883 sum,
1033 2808 1114 2872 dicit
1135 2807 1302 2878 Dominus,
1320 2809 1344 2860 ei

273 2931 393 2974 nornen
420 2931 531 2974 meum
558 2912 707 2976 mirabile
730 2914 763 2974 in
789 2911 953 2976 Gentibus
964 2910 1001 2988 ”;
1028 2909 1079 2990 (b)
1103 2911 1192 2972 idern
1214 2907 1304 2972 luisse
1320 2905 1343 2964 in

281 3013 316 3080 V.
338 3014 421 3094 Lege
444 3016 712 3095 praenuntiatum‚
733 3024 767 3076 et
788 3013 930 3094 judaicis
955 3011 1123 3076 sacrificiis
1146 3010 1343 3075 successisse:

273 3121 289 3148 “
301 3117 339 3178 Id
356 3117 445 3178 enirn
463 3116 656 3180 sacrificium
670 3118 826 3179 successit
842 3115 997 3179 omnibus
1014 3115 1078 3177 illis
1090 3112 1255 3177 sacrificiis
1265 3113 1299 3174 V.
1309 3107 1343 3178 T..

272 3235 346 3296 quae
360 3217 618 3280 immolabantur
631 3219 663 3279 in
677 3219 793 3280 umbra
806 3218 904 3281 futuri
917 3217 956 3260 ”²
970 3241 976 3296 ;
1000 3215 1182 3300 praesertim
1195 3237 1269 3280 vero
1280 3231 1343 3296 prae·

273 3319 445 3402 figuratum
463 3320 563 3383 fuisse
579 3319 736 3384 sacrificio
753 3321 983 3385 Melchisedech
1001 3346 1013 3386 .·
1036 3321 1151 3384 “Nam
1166 3322 1238 3406 quis
1258 3315 1343 3397 magis

271 3422 423 3486 sacerdos
441 3423 504 3485 Dei
524 3425 654 3498 summi,
671 3444 769 3505 quam
788 3424 828 3487 D.
848 3425 886 3487 N.
903 3426 999 3507 Jesus
1017 3425 1177 3500 Christus,
1193 3425 1246 3508 qui
1266 3418 1342 3502 sacri·

273 3524 381 3588 ficium
396 3525 470 3588 Dco
484 3526 572 3589 Patri
589 3527 710 3590 obtulit
727 3528 789 3589 hoc
806 3528 893 3591 idem
908 3529 997 3610 quod
1013 3527 1255 3591 Melchisedech
1266 3524 1341 3586 obtu-

273 3628 361 3704 lerat,
374 3630 391 3692 i.
402 3649 428 3692 e.
438 3648 559 3710 panem
570 3639 603 3694 et
617 3630 739 3706 vinum,
750 3651 847 3694 suum
859 3632 924 3694 scil.
937 3651 1056 3713 corpus
1068 3641 1102 3694 et
1115 3624 1341 3713 sanguinem’'³;

272 3730 465 3794 sacrificium
481 3731 544 3794 hoc
561 3733 593 3794 in
610 3729 709 3795 nocte
724 3753 828 3795 coenae
844 3754 864 3795 a
881 3733 1012 3797 Christo
1031 3735 1218 3804 institutum
1239 3731 1340 3793 fuisse:
1364 3799 1365 3804 γ

271 3829 322 3917 (c)
335 3839 350 3864 “
363 3833 566 3898 Sacrificium
586 3835 674 3897 Patri
688 3855 722 3897 se
734 3837 841 3917 ipsum
857 3839 981 3916 primus
997 3837 1119 3900 obtulit
1133 3846 1166 3900 et
1179 3837 1237 3899 hoc
1249 3831 1305 3895 fieri
1318 3831 1339 3890 in
1364 3835 1365 3927 l

306 4077 312 4107 ¹
330 4071 392 4126 Aa.
410 4075 533 4140 xl11‚2.

306 4163 315 4184 ²
329 4159 358 4212 S.
374 4159 498 4228 August.
517 4163 561 4215 De
575 4161 656 4217 Civit.
673 4163 738 4227 Dei,
753 4166 769 4218 l.
787 4179 828 4231 17,
841 4181 865 4219 c.
882 4180 923 4219 20.

306 4255 316 4284 ³
329 4243 359 4296 S.
378 4245 401 4295 C
394 4248 545 4312 ypn'ames,
560 4247 648 4316 Epist.
663 4253 696 4316 63
710 4251 745 4304 ad
761 4250 914 4318 Caecilium,
928 4269 955 4307 n.
971 4269 996 4321 4.
