<?xml version="1.0" encoding="UTF-8"?>
<!DOCTYPE html PUBLIC "-//W3C//DTD XHTML 1.0 Transitional//EN"
    "http://www.w3.org/TR/xhtml1/DTD/xhtml1-transitional.dtd">
<html xmlns="http://www.w3.org/1999/xhtml" xml:lang="en" lang="en">
 <head>
  <title>
</title>
<meta http-equiv="Content-Type" content="text/html;charset=utf-8" />
  <meta name='ocr-system' content='tesseract 3.04.00' />
  <meta name='ocr-capabilities' content='ocr_page ocr_carea ocr_par ocr_line ocrx_word'/>
</head>
<body>
  <div class='ocr_page' id='page_1' title='image "./synopsistheolog01tanqgoog_0373.png"; bbox 0 0 2752 4648; ppageno 0'>
   <div class='ocr_carea' id='block_1_1' title="bbox 243 147 893 202">
    <p class='ocr_par' dir='ltr' id='par_1_1' title="bbox 243 147 893 202">
     <span class='ocr_line' id='line_1_1' title="bbox 243 147 893 202; baseline -0.011 0"><span class='ocrx_word' id='word_1_1' title='bbox 243 150 322 202; x_wconf 76' lang='lat'>‘³58</span> <span class='ocrx_word' id='word_1_2' title='bbox 710 147 850 201; x_wconf 74' lang='lat' dir='ltr'>CAPUT</span> <span class='ocrx_word' id='word_1_3' title='bbox 867 147 893 196; x_wconf 93' lang='lat'>1.</span> 
     </span>
    </p>
   </div>
   <div class='ocr_carea' id='block_1_2' title="bbox 245 323 1334 1216">
    <p class='ocr_par' dir='ltr' id='par_1_2' title="bbox 254 323 1334 617">
     <span class='ocr_line' id='line_1_2' title="bbox 255 323 1334 411; baseline -0.013 -18"><span class='ocrx_word' id='word_1_4' title='bbox 255 329 305 408; x_wconf 80' lang='lat' dir='ltr'>(d)</span> <span class='ocrx_word' id='word_1_5' title='bbox 324 329 379 391; x_wconf 91' lang='lat' dir='ltr'>Ex</span> <span class='ocrx_word' id='word_1_6' title='bbox 395 329 625 410; x_wconf 73' lang='lat' dir='ltr'>antiquissima</span> <span class='ocrx_word' id='word_1_7' title='bbox 648 329 822 411; x_wconf 78' lang='lat' dir='ltr'>disciplina</span> <span class='ocrx_word' id='word_1_8' title='bbox 845 327 1034 390; x_wconf 90' lang='lat' dir='ltr'>celebrandi</span> <span class='ocrx_word' id='word_1_9' title='bbox 1058 323 1192 387; x_wconf 84' lang='lat' dir='ltr'>missam</span> <span class='ocrx_word' id='word_1_10' title='bbox 1208 333 1334 403; x_wconf 73' lang='lat' dir='ltr'>presan-</span> 
     </span>
     <span class='ocr_line' id='line_1_3' title="bbox 254 424 1333 514; baseline -0.009 -20"><span class='ocrx_word' id='word_1_11' title='bbox 254 432 475 514; x_wconf 73' lang='lat' dir='ltr'>lirficatornnr,</span> <span class='ocrx_word' id='word_1_12' title='bbox 485 433 516 496; x_wconf 91' lang='lat' dir='ltr'>in</span> <span class='ocrx_word' id='word_1_13' title='bbox 534 436 599 514; x_wconf 74' lang='lat' dir='ltr'>qua</span> <span class='ocrx_word' id='word_1_14' title='bbox 616 434 706 496; x_wconf 89' lang='lat' dir='ltr'>nulla</span> <span class='ocrx_word' id='word_1_15' title='bbox 723 432 759 495; x_wconf 85' lang='lat' dir='ltr'>fit</span> <span class='ocrx_word' id='word_1_16' title='bbox 775 432 991 506; x_wconf 91' lang='lat' dir='ltr'>consecratio,</span> <span class='ocrx_word' id='word_1_17' title='bbox 1007 430 1065 492; x_wconf 90' lang='lat' dir='ltr'>sed</span> <span class='ocrx_word' id='word_1_18' title='bbox 1082 427 1235 494; x_wconf 83' lang='lat' dir='ltr'>sacerdos</span> <span class='ocrx_word' id='word_1_19' title='bbox 1248 424 1333 488; x_wconf 92' lang='lat' dir='ltr'>sumit</span> 
     </span>
     <span class='ocr_line' id='line_1_4' title="bbox 255 535 1012 617; baseline 0.001 -21"><span class='ocrx_word' id='word_1_20' title='bbox 255 535 397 600; x_wconf 84' lang='lat' dir='ltr'>hostiam</span> <span class='ocrx_word' id='word_1_21' title='bbox 415 543 711 617; x_wconf 78' lang='lat' dir='ltr'>praeconsecratam</span> <span class='ocrx_word' id='word_1_22' title='bbox 725 545 761 598; x_wconf 87' lang='lat' dir='ltr'>&#39;et</span> <span class='ocrx_word' id='word_1_23' title='bbox 778 542 978 597; x_wconf 79' lang='lat' dir='ltr'>reservatam</span> <span class='ocrx_word' id='word_1_24' title='bbox 991 545 1012 597; x_wconf 85' lang='lat'>¹.</span> 
     </span>
    </p>

    <p class='ocr_par' dir='ltr' id='par_1_3' title="bbox 245 630 1331 1216">
     <span class='ocr_line' id='line_1_5' title="bbox 300 630 1331 717; baseline -0.009 -17"><span class='ocrx_word' id='word_1_25' title='bbox 300 651 334 717; x_wconf 83' lang='lat'>30</span> <span class='ocrx_word' id='word_1_26' title='bbox 348 637 488 700; x_wconf 78' lang='lat' dir='ltr'><em>Ratione</em></span> <span class='ocrx_word' id='word_1_27' title='bbox 501 659 625 702; x_wconf 82' lang='lat' dir='ltr'>cannen.</span> <span class='ocrx_word' id='word_1_28' title='bbox 667 637 877 701; x_wconf 84' lang='lat' dir='ltr'>Eucharistia</span> <span class='ocrx_word' id='word_1_29' title='bbox 894 637 1047 702; x_wconf 84' lang='lat' dir='ltr'>instituta</span> <span class='ocrx_word' id='word_1_30' title='bbox 1064 634 1126 698; x_wconf 85' lang='lat' dir='ltr'>luit</span> <span class='ocrx_word' id='word_1_31' title='bbox 1142 653 1200 715; x_wconf 89' lang='lat' dir='ltr'>per</span> <span class='ocrx_word' id='word_1_32' title='bbox 1215 630 1331 694; x_wconf 85' lang='lat' dir='ltr'>modum</span> 
     </span>
     <span class='ocr_line' id='line_1_6' title="bbox 245 731 1331 822; baseline -0.008 -20"><span class='ocrx_word' id='word_1_33' title='bbox 245 741 317 803; x_wconf 88' lang='lat' dir='ltr'>cibi</span> <span class='ocrx_word' id='word_1_34' title='bbox 341 741 529 822; x_wconf 89' lang='lat' dir='ltr'>spiritualis,</span> <span class='ocrx_word' id='word_1_35' title='bbox 549 741 650 822; x_wconf 86' lang='lat' dir='ltr'>juxta</span> <span class='ocrx_word' id='word_1_36' title='bbox 673 741 753 804; x_wconf 92' lang='lat' dir='ltr'>illud</span> <span class='ocrx_word' id='word_1_37' title='bbox 778 739 945 821; x_wconf 85' lang='lat' dir='ltr'>“accipite</span> <span class='ocrx_word' id='word_1_38' title='bbox 967 749 1002 802; x_wconf 88' lang='lat' dir='ltr'>et</span> <span class='ocrx_word' id='word_1_39' title='bbox 1023 737 1223 808; x_wconf 82' lang='lat' dir='ltr'>comedite-&#39;¹,·</span> <span class='ocrx_word' id='word_1_40' title='bbox 1255 731 1331 814; x_wconf 90' lang='lat' dir='ltr'>atqui</span> 
     </span>
     <span class='ocr_line' id='line_1_7' title="bbox 254 841 1331 922; baseline -0.007 -17"><span class='ocrx_word' id='word_1_41' title='bbox 254 843 355 919; x_wconf 75' lang='lat' dir='ltr'>cibuS,</span> <span class='ocrx_word' id='word_1_42' title='bbox 370 843 501 906; x_wconf 90' lang='lat' dir='ltr'>etiamsi</span> <span class='ocrx_word' id='word_1_43' title='bbox 524 844 565 905; x_wconf 93' lang='lat' dir='ltr'>ad</span> <span class='ocrx_word' id='word_1_44' title='bbox 590 863 685 906; x_wconf 90' lang='lat' dir='ltr'>usum</span> <span class='ocrx_word' id='word_1_45' title='bbox 710 844 754 907; x_wconf 88' lang='lat' dir='ltr'>sit</span> <span class='ocrx_word' id='word_1_46' title='bbox 776 844 960 917; x_wconf 90' lang='lat' dir='ltr'>ordinatus,</span> <span class='ocrx_word' id='word_1_47' title='bbox 979 851 1030 905; x_wconf 90' lang='lat' dir='ltr'>est</span> <span class='ocrx_word' id='word_1_48' title='bbox 1052 841 1133 922; x_wconf 91' lang='lat' dir='ltr'>quid</span> <span class='ocrx_word' id='word_1_49' title='bbox 1158 855 1331 921; x_wconf 82' lang='lat' dir='ltr'>permanens</span> 
     </span>
     <span class='ocr_line' id='line_1_8' title="bbox 254 945 1329 1028; baseline -0.007 -20"><span class='ocrx_word' id='word_1_50' title='bbox 254 967 297 1008; x_wconf 88' lang='lat' dir='ltr'>ex</span> <span class='ocrx_word' id='word_1_51' title='bbox 315 952 433 1010; x_wconf 75' lang='lat' dir='ltr'>natura</span> <span class='ocrx_word' id='word_1_52' title='bbox 449 951 509 1010; x_wconf 77' lang='lat' dir='ltr'>sua</span> <span class='ocrx_word' id='word_1_53' title='bbox 525 969 532 1024; x_wconf 87' lang='grc'>;</span> <span class='ocrx_word' id='word_1_54' title='bbox 558 967 638 1028; x_wconf 86' lang='lat' dir='ltr'>ergo</span> <span class='ocrx_word' id='word_1_55' title='bbox 654 947 778 1028; x_wconf 86' lang='lat' dir='ltr'>pariter</span> <span class='ocrx_word' id='word_1_56' title='bbox 794 945 1005 1010; x_wconf 87' lang='lat' dir='ltr'>Eucharistia</span> <span class='ocrx_word' id='word_1_57' title='bbox 1019 945 1121 1009; x_wconf 90' lang='lat' dir='ltr'>debet</span> <span class='ocrx_word' id='word_1_58' title='bbox 1137 962 1209 1006; x_wconf 89' lang='lat' dir='ltr'>esse</span> <span class='ocrx_word' id='word_1_59' title='bbox 1224 959 1329 1024; x_wconf 84' lang='lat' dir='ltr'>perina-</span> 
     </span>
     <span class='ocr_line' id='line_1_9' title="bbox 254 1048 1330 1126; baseline -0.007 -14"><span class='ocrx_word' id='word_1_60' title='bbox 254 1069 344 1126; x_wconf 89' lang='lat' dir='ltr'>nens,</span> <span class='ocrx_word' id='word_1_61' title='bbox 368 1069 427 1112; x_wconf 88' lang='lat' dir='ltr'>nee</span> <span class='ocrx_word' id='word_1_62' title='bbox 453 1050 634 1113; x_wconf 85' lang='lat' dir='ltr'><strong>consistere</strong></span> <span class='ocrx_word' id='word_1_63' title='bbox 660 1050 694 1112; x_wconf 91' lang='lat' dir='ltr'>in</span> <span class='ocrx_word' id='word_1_64' title='bbox 722 1070 755 1112; x_wconf 90' lang='lat' dir='ltr'>re</span> <span class='ocrx_word' id='word_1_65' title='bbox 779 1049 977 1126; x_wconf 89' lang='lat' dir='ltr'>transitoria,</span> <span class='ocrx_word' id='word_1_66' title='bbox 1001 1048 1087 1112; x_wconf 93' lang='lat' dir='ltr'>sicut</span> <span class='ocrx_word' id='word_1_67' title='bbox 1109 1057 1220 1113; x_wconf 90' lang='lat' dir='ltr'>cetera</span> <span class='ocrx_word' id='word_1_68' title='bbox 1242 1063 1330 1106; x_wconf 87' lang='lat' dir='ltr'>sacra-</span> 
     </span>
     <span class='ocr_line' id='line_1_10' title="bbox 246 1163 375 1216; baseline 0 0"><span class='ocrx_word' id='word_1_69' title='bbox 246 1163 375 1216; x_wconf 86' lang='lat' dir='ltr'>menta.</span> 
     </span>
    </p>
   </div>
   <div class='ocr_carea' id='block_1_3' title="bbox 436 1299 1172 1373">
    <p class='ocr_par' dir='ltr' id='par_1_4' title="bbox 436 1299 1172 1373">
     <span class='ocr_line' id='line_1_11' title="bbox 436 1299 1172 1373; baseline 0 -10"><span class='ocrx_word' id='word_1_70' title='bbox 436 1307 496 1370; x_wconf 73' lang='lat' dir='ltr'>tv.</span> <span class='ocrx_word' id='word_1_71' title='bbox 515 1307 569 1364; x_wconf 85' lang='lat' dir='ltr'>De</span> <span class='ocrx_word' id='word_1_72' title='bbox 593 1306 702 1369; x_wconf 82' lang='lat' dir='ltr'>cultu</span> <span class='ocrx_word' id='word_1_73' title='bbox 729 1303 988 1373; x_wconf 75' lang='lat' dir='ltr'><strong>Eucharistiae</strong></span> <span class='ocrx_word' id='word_1_74' title='bbox 1010 1299 1172 1364; x_wconf 77' lang='lat' dir='ltr'>dabtto².</span> 
     </span>
    </p>
   </div>
   <div class='ocr_carea' id='block_1_4' title="bbox 250 1428 1329 2144">
    <p class='ocr_par' dir='ltr' id='par_1_5' title="bbox 250 1428 1329 2144">
     <span class='ocr_line' id='line_1_12' title="bbox 293 1428 1328 1516; baseline -0.006 -20"><span class='ocrx_word' id='word_1_75' title='bbox 293 1430 341 1509; x_wconf 84' lang='lat'>56.</span> <span class='ocrx_word' id='word_1_76' title='bbox 393 1445 424 1495; x_wconf 88' lang='lat'>1⁰</span> <span class='ocrx_word' id='word_1_77' title='bbox 450 1432 587 1496; x_wconf 79' lang='lat' dir='ltr'>Errores</span> <span class='ocrx_word' id='word_1_78' title='bbox 604 1455 615 1496; x_wconf 94' lang='lat'><em>:</em></span> <span class='ocrx_word' id='word_1_79' title='bbox 654 1428 713 1511; x_wconf 83' lang='lat' dir='ltr'>(A)</span> <span class='ocrx_word' id='word_1_80' title='bbox 742 1431 941 1507; x_wconf 74' lang='lat' dir='ltr'>calvinista,</span> <span class='ocrx_word' id='word_1_81' title='bbox 968 1433 1090 1516; x_wconf 88' lang='lat' dir='ltr'>aliique</span> <span class='ocrx_word' id='word_1_82' title='bbox 1123 1434 1328 1496; x_wconf 84' lang='lat' dir='ltr'>Protestantes</span> 
     </span>
     <span class='ocr_line' id='line_1_13' title="bbox 251 1534 1329 1620; baseline -0.001 -23"><span class='ocrx_word' id='word_1_83' title='bbox 251 1537 371 1598; x_wconf 89' lang='lat' dir='ltr'>realem</span> <span class='ocrx_word' id='word_1_84' title='bbox 394 1537 605 1618; x_wconf 72' lang='lat' dir='ltr'>praesentiam</span> <span class='ocrx_word' id='word_1_85' title='bbox 622 1536 746 1600; x_wconf 84' lang='lat' dir='ltr'>Christi</span> <span class='ocrx_word' id='word_1_86' title='bbox 770 1536 965 1616; x_wconf 87' lang='lat' dir='ltr'>rejicientes,</span> <span class='ocrx_word' id='word_1_87' title='bbox 982 1557 1022 1600; x_wconf 90' lang='lat' dir='ltr'>eo</span> <span class='ocrx_word' id='word_1_88' title='bbox 1045 1540 1119 1620; x_wconf 91' lang='lat' dir='ltr'>ipso</span> <span class='ocrx_word' id='word_1_89' title='bbox 1141 1537 1263 1600; x_wconf 92' lang='lat' dir='ltr'>cultum</span> <span class='ocrx_word' id='word_1_90' title='bbox 1279 1534 1329 1597; x_wconf 88' lang='lat' dir='ltr'>Eu-</span> 
     </span>
     <span class='ocr_line' id='line_1_14' title="bbox 250 1638 1328 1720; baseline -0.002 -20"><span class='ocrx_word' id='word_1_91' title='bbox 250 1639 415 1701; x_wconf 86' lang='lat' dir='ltr'>charistiae</span> <span class='ocrx_word' id='word_1_92' title='bbox 432 1638 642 1702; x_wconf 89' lang='lat' dir='ltr'>tribuendum</span> <span class='ocrx_word' id='word_1_93' title='bbox 660 1659 733 1701; x_wconf 87' lang='lat' dir='ltr'>esse</span> <span class='ocrx_word' id='word_1_94' title='bbox 749 1648 882 1720; x_wconf 84' lang='lat' dir='ltr'>negant.</span> <span class='ocrx_word' id='word_1_95' title='bbox 900 1640 965 1702; x_wconf 89' lang='lat' dir='ltr'>imo</span> <span class='ocrx_word' id='word_1_96' title='bbox 982 1641 1175 1704; x_wconf 90' lang='lat' dir='ltr'>Catholicos</span> <span class='ocrx_word' id='word_1_97' title='bbox 1192 1650 1328 1720; x_wconf 84' lang='lat' dir='ltr'>tanquam</span> 
     </span>
     <span class='ocr_line' id='line_1_15' title="bbox 251 1739 1329 1822; baseline 0.001 -20"><span class='ocrx_word' id='word_1_98' title='bbox 251 1739 446 1803; x_wconf 81' lang='lat' dir='ltr'>idololatriae</span> <span class='ocrx_word' id='word_1_99' title='bbox 462 1761 533 1802; x_wconf 92' lang='lat' dir='ltr'>reos</span> <span class='ocrx_word' id='word_1_100' title='bbox 549 1750 707 1803; x_wconf 90' lang='lat' dir='ltr'>accusant</span> <span class='ocrx_word' id='word_1_101' title='bbox 717 1752 739 1802; x_wconf 85' lang='grc'>3.</span> <span class='ocrx_word' id='word_1_102' title='bbox 791 1739 852 1822; x_wconf 79' lang='lat' dir='ltr'>(B)</span> <span class='ocrx_word' id='word_1_103' title='bbox 871 1742 970 1806; x_wconf 88' lang='lat' dir='ltr'>Multi</span> <span class='ocrx_word' id='word_1_104' title='bbox 986 1743 1088 1806; x_wconf 89' lang='lat' dir='ltr'>etiam</span> <span class='ocrx_word' id='word_1_105' title='bbox 1105 1742 1289 1815; x_wconf 81' lang='lat' dir='ltr'>Lutlrerani,</span> <span class='ocrx_word' id='word_1_106' title='bbox 1302 1740 1329 1800; x_wconf 91' lang='lat' dir='ltr'>li·</span> 
     </span>
     <span class='ocr_line' id='line_1_16' title="bbox 250 1844 1328 1925; baseline -0.002 -19"><span class='ocrx_word' id='word_1_107' title='bbox 250 1853 302 1906; x_wconf 89' lang='lat' dir='ltr'>cet</span> <span class='ocrx_word' id='word_1_108' title='bbox 326 1845 446 1907; x_wconf 90' lang='lat' dir='ltr'>realem</span> <span class='ocrx_word' id='word_1_109' title='bbox 470 1845 680 1925; x_wconf 71' lang='lat' dir='ltr'>praesentiam</span> <span class='ocrx_word' id='word_1_110' title='bbox 696 1844 889 1920; x_wconf 83' lang='lat' dir='ltr'>admittant,</span> <span class='ocrx_word' id='word_1_111' title='bbox 905 1846 1112 1910; x_wconf 89' lang='lat' dir='ltr'>adorandam</span> <span class='ocrx_word' id='word_1_112' title='bbox 1129 1867 1202 1909; x_wconf 86' lang='lat' dir='ltr'>esse</span> <span class='ocrx_word' id='word_1_113' title='bbox 1219 1845 1328 1908; x_wconf 86' lang='lat' dir='ltr'>Eucha-</span> 
     </span>
     <span class='ocr_line' id='line_1_17' title="bbox 250 1947 1328 2030; baseline -0.005 -20"><span class='ocrx_word' id='word_1_114' title='bbox 250 1947 374 2010; x_wconf 90' lang='lat' dir='ltr'>ristiam</span> <span class='ocrx_word' id='word_1_115' title='bbox 391 1949 567 2030; x_wconf 86' lang='lat' dir='ltr'>denegant,</span> <span class='ocrx_word' id='word_1_116' title='bbox 583 1957 619 2011; x_wconf 91' lang='lat' dir='ltr'>ut</span> <span class='ocrx_word' id='word_1_117' title='bbox 635 1948 716 2029; x_wconf 92' lang='lat' dir='ltr'>quid</span> <span class='ocrx_word' id='word_1_118' title='bbox 733 1950 935 2012; x_wconf 89' lang='lat' dir='ltr'>contrarium</span> <span class='ocrx_word' id='word_1_119' title='bbox 953 1949 1156 2014; x_wconf 86' lang='lat' dir='ltr'>institutioni</span> <span class='ocrx_word' id='word_1_120' title='bbox 1174 1947 1287 2013; x_wconf 88' lang='lat' dir='ltr'>Christi</span> <span class='ocrx_word' id='word_1_121' title='bbox 1304 1954 1328 2006; x_wconf 87' lang='lat' dir='ltr'>et</span> 
     </span>
     <span class='ocr_line' id='line_1_18' title="bbox 251 2049 1158 2144; baseline 0 -32"><span class='ocrx_word' id='word_1_122' title='bbox 251 2052 348 2131; x_wconf 86' lang='lat' dir='ltr'>praxi</span> <span class='ocrx_word' id='word_1_123' title='bbox 366 2051 616 2144; x_wconf 84' lang='lat' dir='ltr'>Apostolorum,</span> <span class='ocrx_word' id='word_1_124' title='bbox 632 2063 690 2115; x_wconf 91' lang='lat' dir='ltr'>aut</span> <span class='ocrx_word' id='word_1_125' title='bbox 706 2052 807 2114; x_wconf 90' lang='lat' dir='ltr'>etiam</span> <span class='ocrx_word' id='word_1_126' title='bbox 825 2049 1056 2133; x_wconf 90' lang='lat' dir='ltr'>periculosum.</span> <span class='ocrx_word' id='word_1_127' title='bbox 1153 2113 1158 2120; x_wconf 85' lang='grc'><strong><em>,</em></strong></span> 
     </span>
    </p>
   </div>
   <div class='ocr_carea' id='block_1_5' title="bbox 246 2184 1331 2780">
    <p class='ocr_par' dir='ltr' id='par_1_6' title="bbox 246 2184 1331 2780">
     <span class='ocr_line' id='line_1_19' title="bbox 287 2184 1331 2266; baseline 0 -21"><span class='ocrx_word' id='word_1_128' title='bbox 287 2198 336 2266; x_wconf 87' lang='lat'>57.</span> <span class='ocrx_word' id='word_1_129' title='bbox 381 2197 410 2246; x_wconf 85' lang='lat'>2⁰</span> <span class='ocrx_word' id='word_1_130' title='bbox 430 2191 526 2247; x_wconf 73' lang='lat' dir='ltr'>Ttesis</span> <span class='ocrx_word' id='word_1_131' title='bbox 537 2213 548 2248; x_wconf 92' lang='lat'>.·</span> <span class='ocrx_word' id='word_1_132' title='bbox 569 2187 737 2252; x_wconf 89' lang='lat' dir='ltr'>Christus</span> <span class='ocrx_word' id='word_1_133' title='bbox 752 2186 788 2250; x_wconf 89' lang='lat' dir='ltr'>in</span> <span class='ocrx_word' id='word_1_134' title='bbox 805 2187 1035 2253; x_wconf 80' lang='lat' dir='ltr'>Eucharistia</span> <span class='ocrx_word' id='word_1_135' title='bbox 1049 2185 1150 2251; x_wconf 90' lang='lat' dir='ltr'>cultu</span> <span class='ocrx_word' id='word_1_136' title='bbox 1166 2184 1275 2251; x_wconf 76' lang='lat' dir='ltr'>latria</span> <span class='ocrx_word' id='word_1_137' title='bbox 1286 2186 1331 2246; x_wconf 88' lang='lat' dir='ltr'>est</span> 
     </span>
     <span class='ocr_line' id='line_1_20' title="bbox 247 2285 1330 2368; baseline -0.003 -20"><span class='ocrx_word' id='word_1_138' title='bbox 247 2285 462 2349; x_wconf 84' lang='lat' dir='ltr'>adorandus.</span> <span class='ocrx_word' id='word_1_139' title='bbox 492 2286 623 2349; x_wconf 87' lang='lat' dir='ltr'>Dicitur</span> <span class='ocrx_word' id='word_1_140' title='bbox 638 2286 815 2350; x_wconf 88' lang='lat' dir='ltr'>“Christus</span> <span class='ocrx_word' id='word_1_141' title='bbox 831 2289 864 2349; x_wconf 92' lang='lat' dir='ltr'>in</span> <span class='ocrx_word' id='word_1_142' title='bbox 883 2285 1125 2361; x_wconf 89' lang='lat' dir='ltr'>Eucharistia&#39;&#39;,</span> <span class='ocrx_word' id='word_1_143' title='bbox 1141 2287 1220 2368; x_wconf 91' lang='lat' dir='ltr'>quia</span> <span class='ocrx_word' id='word_1_144' title='bbox 1233 2286 1330 2348; x_wconf 88' lang='lat' dir='ltr'>adora·</span> 
     </span>
     <span class='ocr_line' id='line_1_21' title="bbox 248 2388 1330 2472; baseline -0.004 -21"><span class='ocrx_word' id='word_1_145' title='bbox 248 2390 295 2451; x_wconf 92' lang='lat' dir='ltr'>tio</span> <span class='ocrx_word' id='word_1_146' title='bbox 311 2400 424 2453; x_wconf 89' lang='lat' dir='ltr'>nostra</span> <span class='ocrx_word' id='word_1_147' title='bbox 439 2409 506 2451; x_wconf 91' lang='lat' dir='ltr'>non</span> <span class='ocrx_word' id='word_1_148' title='bbox 523 2391 609 2453; x_wconf 91' lang='lat' dir='ltr'>sistit</span> <span class='ocrx_word' id='word_1_149' title='bbox 626 2391 658 2452; x_wconf 93' lang='lat' dir='ltr'>in</span> <span class='ocrx_word' id='word_1_150' title='bbox 677 2391 850 2472; x_wconf 90' lang='lat' dir='ltr'>speciebus</span> <span class='ocrx_word' id='word_1_151' title='bbox 866 2389 1103 2463; x_wconf 89' lang='lat' dir='ltr'>eucharisticis,</span> <span class='ocrx_word' id='word_1_152' title='bbox 1119 2389 1178 2451; x_wconf 89' lang='lat' dir='ltr'>sed</span> <span class='ocrx_word' id='word_1_153' title='bbox 1195 2388 1330 2451; x_wconf 87' lang='lat' dir='ltr'>termina-</span> 
     </span>
     <span class='ocr_line' id='line_1_22' title="bbox 248 2491 1330 2574; baseline -0.005 -21"><span class='ocrx_word' id='word_1_154' title='bbox 248 2500 301 2553; x_wconf 92' lang='lat' dir='ltr'>tur</span> <span class='ocrx_word' id='word_1_155' title='bbox 316 2493 357 2554; x_wconf 91' lang='lat' dir='ltr'>ad</span> <span class='ocrx_word' id='word_1_156' title='bbox 374 2493 482 2573; x_wconf 91' lang='lat' dir='ltr'>ipsum</span> <span class='ocrx_word' id='word_1_157' title='bbox 501 2492 697 2570; x_wconf 89' lang='lat' dir='ltr'>Dominum;</span> <span class='ocrx_word' id='word_1_158' title='bbox 721 2495 848 2574; x_wconf 90' lang='lat' dir='ltr'>species</span> <span class='ocrx_word' id='word_1_159' title='bbox 865 2513 931 2557; x_wconf 91' lang='lat' dir='ltr'>non</span> <span class='ocrx_word' id='word_1_160' title='bbox 949 2493 1056 2574; x_wconf 84' lang='lat' dir='ltr'>magis</span> <span class='ocrx_word' id='word_1_161' title='bbox 1072 2491 1252 2554; x_wconf 87' lang='lat' dir='ltr'>adorantur</span> <span class='ocrx_word' id='word_1_162' title='bbox 1266 2491 1330 2550; x_wconf 82' lang='lat' dir='ltr'>inse</span> 
     </span>
     <span class='ocr_line' id='line_1_23' title="bbox 246 2595 1329 2678; baseline -0.005 -22"><span class='ocrx_word' id='word_1_163' title='bbox 246 2613 347 2674; x_wconf 86' lang='lat' dir='ltr'>quam</span> <span class='ocrx_word' id='word_1_164' title='bbox 375 2595 583 2670; x_wconf 87' lang='lat' dir='ltr'>vestimenta,</span> <span class='ocrx_word' id='word_1_165' title='bbox 606 2595 726 2676; x_wconf 90' lang='lat' dir='ltr'>quibus</span> <span class='ocrx_word' id='word_1_166' title='bbox 752 2599 848 2678; x_wconf 91' lang='lat' dir='ltr'>Jesus</span> <span class='ocrx_word' id='word_1_167' title='bbox 880 2597 1088 2672; x_wconf 86' lang='lat' dir='ltr'>induebatur,</span> <span class='ocrx_word' id='word_1_168' title='bbox 1113 2597 1195 2659; x_wconf 93' lang='lat' dir='ltr'>dum</span> <span class='ocrx_word' id='word_1_169' title='bbox 1224 2595 1329 2657; x_wconf 88' lang='lat' dir='ltr'>viveret</span> 
     </span>
     <span class='ocr_line' id='line_1_24' title="bbox 246 2693 1328 2780; baseline -0.001 -21"><span class='ocrx_word' id='word_1_170' title='bbox 246 2719 345 2779; x_wconf 91' lang='lat' dir='ltr'>super</span> <span class='ocrx_word' id='word_1_171' title='bbox 360 2708 490 2762; x_wconf 90' lang='lat' dir='ltr'>terram.</span> <span class='ocrx_word' id='word_1_172' title='bbox 535 2699 653 2761; x_wconf 90' lang='lat' dir='ltr'>Thesis</span> <span class='ocrx_word' id='word_1_173' title='bbox 669 2699 708 2762; x_wconf 82' lang='lat' dir='ltr'>de</span> <span class='ocrx_word' id='word_1_174' title='bbox 713 2701 785 2779; x_wconf 84' lang='lat' dir='ltr'>fide</span> <span class='ocrx_word' id='word_1_175' title='bbox 800 2712 859 2778; x_wconf 86' lang='lat' dir='ltr'>est,</span> <span class='ocrx_word' id='word_1_176' title='bbox 876 2723 920 2763; x_wconf 85' lang='lat' dir='ltr'>ex</span> <span class='ocrx_word' id='word_1_177' title='bbox 942 2700 1084 2763; x_wconf 82' lang='lat' dir='ltr'>Trident.</span> <span class='ocrx_word' id='word_1_178' title='bbox 1101 2701 1187 2780; x_wconf 84' lang='lat' dir='ltr'>(can.</span> <span class='ocrx_word' id='word_1_179' title='bbox 1204 2700 1257 2780; x_wconf 88' lang='lat'>6);</span> <span class='ocrx_word' id='word_1_180' title='bbox 1278 2693 1328 2757; x_wconf 82' lang='lat' dir='ltr'>“Sl</span> 
     </span>
    </p>
   </div>
   <div class='ocr_carea' id='block_1_6' title="bbox 245 2798 1362 2882">
    <p class='ocr_par' dir='ltr' id='par_1_7' title="bbox 245 2798 1362 2882">
     <span class='ocr_line' id='line_1_25' title="bbox 245 2798 1362 2882; baseline -0.004 -19"><span class='ocrx_word' id='word_1_181' title='bbox 245 2801 319 2882; x_wconf 90' lang='lat' dir='ltr'>quis</span> <span class='ocrx_word' id='word_1_182' title='bbox 343 2800 476 2876; x_wconf 86' lang='lat' dir='ltr'>dixerit,</span> <span class='ocrx_word' id='word_1_183' title='bbox 496 2802 528 2864; x_wconf 91' lang='lat' dir='ltr'>in</span> <span class='ocrx_word' id='word_1_184' title='bbox 555 2798 671 2863; x_wconf 67' lang='lat' dir='ltr'>sancto</span> <span class='ocrx_word' id='word_1_185' title='bbox 697 2802 917 2867; x_wconf 75' lang='lat' dir='ltr'>Eucharistiae</span> <span class='ocrx_word' id='word_1_186' title='bbox 942 2811 1153 2865; x_wconf 89' lang='lat' dir='ltr'>sacramento</span> <span class='ocrx_word' id='word_1_187' title='bbox 1179 2801 1327 2865; x_wconf 87' lang='lat' dir='ltr'>Christum</span> <span class='ocrx_word' id='word_1_188' title='bbox 1361 2818 1362 2839; x_wconf 47' lang='grc' dir='ltr'>Ι</span> 
     </span>
    </p>
   </div>
   <div class='ocr_carea' id='block_1_7' title="bbox 245 2905 1328 3090">
    <p class='ocr_par' dir='ltr' id='par_1_8' title="bbox 245 2905 1328 3090">
     <span class='ocr_line' id='line_1_26' title="bbox 245 2905 1326 2986; baseline -0.007 -18"><span class='ocrx_word' id='word_1_189' title='bbox 245 2907 452 2986; x_wconf 85' lang='lat' dir='ltr'>unigenitum</span> <span class='ocrx_word' id='word_1_190' title='bbox 471 2906 535 2968; x_wconf 90' lang='lat' dir='ltr'>Dei</span> <span class='ocrx_word' id='word_1_191' title='bbox 553 2905 673 2968; x_wconf 88' lang='lat' dir='ltr'>Filium</span> <span class='ocrx_word' id='word_1_192' title='bbox 691 2926 756 2968; x_wconf 93' lang='lat' dir='ltr'>non</span> <span class='ocrx_word' id='word_1_193' title='bbox 774 2927 846 2970; x_wconf 90' lang='lat' dir='ltr'>esse</span> <span class='ocrx_word' id='word_1_194' title='bbox 865 2907 957 2970; x_wconf 89' lang='lat' dir='ltr'>cultu</span> <span class='ocrx_word' id='word_1_195' title='bbox 979 2905 1094 2980; x_wconf 78' lang='lat' dir='ltr'>latriae,</span> <span class='ocrx_word' id='word_1_196' title='bbox 1109 2905 1211 2968; x_wconf 89' lang='lat' dir='ltr'>etiam</span> <span class='ocrx_word' id='word_1_197' title='bbox 1234 2913 1326 2965; x_wconf 85' lang='lat' dir='ltr'>exter·</span> 
     </span>
     <span class='ocr_line' id='line_1_27' title="bbox 245 3007 1328 3090; baseline -0.005 -20"><span class='ocrx_word' id='word_1_198' title='bbox 245 3029 297 3084; x_wconf 90' lang='lat' dir='ltr'>no,</span> <span class='ocrx_word' id='word_1_199' title='bbox 313 3009 530 3084; x_wconf 90' lang='lat' dir='ltr'>adorandum,</span> <span class='ocrx_word' id='word_1_200' title='bbox 547 3019 646 3090; x_wconf 91' lang='lat' dir='ltr'>atque</span> <span class='ocrx_word' id='word_1_201' title='bbox 664 3009 738 3071; x_wconf 90' lang='lat' dir='ltr'>ideo</span> <span class='ocrx_word' id='word_1_202' title='bbox 758 3031 817 3073; x_wconf 91' lang='lat' dir='ltr'>nec</span> <span class='ocrx_word' id='word_1_203' title='bbox 842 3011 959 3073; x_wconf 79' lang='lat' dir='ltr'>festiva</span> <span class='ocrx_word' id='word_1_204' title='bbox 983 3008 1139 3090; x_wconf 87' lang='lat' dir='ltr'>peculiari</span> <span class='ocrx_word' id='word_1_205' title='bbox 1156 3007 1328 3070; x_wconf 85' lang='lat' dir='ltr'>celebritate</span> 
     </span>
    </p>
   </div>
   <div class='ocr_carea' id='block_1_8' title="bbox 244 3085 1361 3193">
    <p class='ocr_par' dir='ltr' id='par_1_9' title="bbox 244 3085 1361 3193">
     <span class='ocr_line' id='line_1_28' title="bbox 244 3085 1361 3193; baseline -0.004 -21"><span class='ocrx_word' id='word_1_206' title='bbox 244 3112 479 3186; x_wconf 87' lang='lat' dir='ltr'>venerandum,</span> <span class='ocrx_word' id='word_1_207' title='bbox 490 3133 596 3192; x_wconf 87' lang='lat' dir='ltr'>neque</span> <span class='ocrx_word' id='word_1_208' title='bbox 610 3113 642 3173; x_wconf 93' lang='lat' dir='ltr'>in</span> <span class='ocrx_word' id='word_1_209' title='bbox 656 3114 932 3193; x_wconf 88' lang='lat' dir='ltr'>processionibus,</span> <span class='ocrx_word' id='word_1_210' title='bbox 944 3113 1126 3174; x_wconf 89' lang='lat' dir='ltr'>secundum</span> <span class='ocrx_word' id='word_1_211' title='bbox 1145 3108 1328 3174; x_wconf 85' lang='lat' dir='ltr'>laudabilem</span> <span class='ocrx_word' id='word_1_212' title='bbox 1360 3085 1361 3111; x_wconf 47' lang='lat'>¹</span> 
     </span>
    </p>
   </div>
   <div class='ocr_carea' id='block_1_9' title="bbox 242 3212 1328 3503">
    <p class='ocr_par' dir='ltr' id='par_1_10' title="bbox 242 3212 1328 3503">
     <span class='ocr_line' id='line_1_29' title="bbox 243 3212 1328 3279; baseline -0.001 -3"><span class='ocrx_word' id='word_1_213' title='bbox 243 3225 277 3276; x_wconf 92' lang='lat' dir='ltr'>et</span> <span class='ocrx_word' id='word_1_214' title='bbox 302 3215 519 3276; x_wconf 88' lang='lat' dir='ltr'>universalem</span> <span class='ocrx_word' id='word_1_215' title='bbox 543 3215 701 3277; x_wconf 89' lang='lat' dir='ltr'>Ecclesiae</span> <span class='ocrx_word' id='word_1_216' title='bbox 726 3215 851 3279; x_wconf 72' lang='lat' dir='ltr'>sandtae</span> <span class='ocrx_word' id='word_1_217' title='bbox 877 3217 975 3278; x_wconf 90' lang='lat' dir='ltr'>ritum</span> <span class='ocrx_word' id='word_1_218' title='bbox 1002 3225 1035 3278; x_wconf 88' lang='lat' dir='ltr'>et</span> <span class='ocrx_word' id='word_1_219' title='bbox 1060 3212 1328 3278; x_wconf 84' lang='lat' dir='ltr'>consuetudinem.</span> 
     </span>
     <span class='ocr_line' id='line_1_30' title="bbox 242 3317 1327 3402; baseline -0.003 -24"><span class='ocrx_word' id='word_1_220' title='bbox 242 3317 435 3380; x_wconf 87' lang='lat' dir='ltr'>solemniter</span> <span class='ocrx_word' id='word_1_221' title='bbox 453 3318 788 3398; x_wconf 84' lang='lat' dir='ltr'>circumgestandum,</span> <span class='ocrx_word' id='word_1_222' title='bbox 804 3322 855 3382; x_wconf 89' lang='lat' dir='ltr'>vel</span> <span class='ocrx_word' id='word_1_223' title='bbox 877 3342 943 3383; x_wconf 92' lang='lat' dir='ltr'>non</span> <span class='ocrx_word' id='word_1_224' title='bbox 967 3319 1107 3402; x_wconf 89' lang='lat' dir='ltr'>publice,</span> <span class='ocrx_word' id='word_1_225' title='bbox 1125 3330 1160 3384; x_wconf 93' lang='lat' dir='ltr'>ut</span> <span class='ocrx_word' id='word_1_226' title='bbox 1182 3321 1327 3384; x_wconf 86' lang='lat' dir='ltr'>adoretur,</span> 
     </span>
     <span class='ocr_line' id='line_1_31' title="bbox 242 3421 1326 3503; baseline -0.006 -21"><span class='ocrx_word' id='word_1_227' title='bbox 242 3422 367 3503; x_wconf 92' lang='lat' dir='ltr'>populo</span> <span class='ocrx_word' id='word_1_228' title='bbox 390 3421 654 3503; x_wconf 89' lang='lat' dir='ltr'>proponendum,</span> <span class='ocrx_word' id='word_1_229' title='bbox 671 3433 704 3483; x_wconf 91' lang='lat' dir='ltr'>et</span> <span class='ocrx_word' id='word_1_230' title='bbox 727 3421 798 3502; x_wconf 88' lang='lat' dir='ltr'>ejus</span> <span class='ocrx_word' id='word_1_231' title='bbox 822 3425 1014 3487; x_wconf 89' lang='lat' dir='ltr'>adoratores</span> <span class='ocrx_word' id='word_1_232' title='bbox 1029 3443 1102 3486; x_wconf 90' lang='lat' dir='ltr'>esse</span> <span class='ocrx_word' id='word_1_233' title='bbox 1127 3423 1326 3487; x_wconf 86' lang='lat' dir='ltr'>idololatras:</span> 
     </span>
    </p>
   </div>
   <div class='ocr_carea' id='block_1_10' title="bbox 243 3527 353 3590">
    <p class='ocr_par' dir='ltr' id='par_1_11' title="bbox 243 3527 353 3590">
     <span class='ocr_line' id='line_1_32' title="bbox 243 3527 353 3590; baseline 0.018 -2"><span class='ocrx_word' id='word_1_234' title='bbox 243 3527 284 3590; x_wconf 78' lang='lat' dir='ltr'>A.</span> <span class='ocrx_word' id='word_1_235' title='bbox 302 3527 353 3590; x_wconf 89' lang='lat' dir='ltr'>S.&#39;&#39;</span> 
     </span>
    </p>
   </div>
   <div class='ocr_carea' id='block_1_11' title="bbox 242 3740 1322 4161">
    <p class='ocr_par' dir='ltr' id='par_1_12' title="bbox 244 3740 1322 3894">
     <span class='ocr_line' id='line_1_33' title="bbox 278 3740 1322 3815; baseline 0 -21"><span class='ocrx_word' id='word_1_236' title='bbox 278 3761 284 3782; x_wconf 84' lang='lat'>¹</span> <span class='ocrx_word' id='word_1_237' title='bbox 301 3743 470 3811; x_wconf 89' lang='lat' dir='ltr'>Hujusmodi</span> <span class='ocrx_word' id='word_1_238' title='bbox 491 3741 565 3796; x_wconf 70' lang='lat' dir='ltr'>latia</span> <span class='ocrx_word' id='word_1_239' title='bbox 584 3742 695 3812; x_wconf 89' lang='lat' dir='ltr'>aliaque</span> <span class='ocrx_word' id='word_1_240' title='bbox 708 3745 795 3797; x_wconf 88' lang='lat' dir='ltr'>multa</span> <span class='ocrx_word' id='word_1_241' title='bbox 814 3744 902 3798; x_wconf 86' lang='lat' dir='ltr'>iusius</span> <span class='ocrx_word' id='word_1_242' title='bbox 915 3744 1042 3812; x_wconf 88' lang='lat' dir='ltr'>exposita</span> <span class='ocrx_word' id='word_1_243' title='bbox 1055 3744 1120 3798; x_wconf 84' lang='lat' dir='ltr'>vide</span> <span class='ocrx_word' id='word_1_244' title='bbox 1134 3745 1208 3815; x_wconf 89' lang='lat' dir='ltr'>apud</span> <span class='ocrx_word' id='word_1_245' title='bbox 1223 3740 1322 3798; x_wconf 81' lang='lat' dir='ltr'>Corbict.</span> 
     </span>
     <span class='ocr_line' id='line_1_34' title="bbox 244 3829 885 3894; baseline 0.011 -15"><span class='ocrx_word' id='word_1_246' title='bbox 244 3829 368 3882; x_wconf 84' lang='lat' dir='ltr'>Histoire</span> <span class='ocrx_word' id='word_1_247' title='bbox 381 3830 418 3882; x_wconf 92' lang='lat' dir='ltr'>du</span> <span class='ocrx_word' id='word_1_248' title='bbox 432 3847 502 3883; x_wconf 87' lang='lat' dir='ltr'>sacr.</span> <span class='ocrx_word' id='word_1_249' title='bbox 518 3831 554 3883; x_wconf 90' lang='lat' dir='ltr'>de</span> <span class='ocrx_word' id='word_1_250' title='bbox 567 3831 770 3894; x_wconf 87' lang='lat' dir='ltr'>l&#39;Eucharistie,</span> <span class='ocrx_word' id='word_1_251' title='bbox 786 3834 802 3886; x_wconf 90' lang='grc' dir='ltr'>Ι.</span> <span class='ocrx_word' id='word_1_252' title='bbox 817 3835 885 3886; x_wconf 86' lang='grc' dir='ltr'>ΧΙΙ.</span> 
     </span>
    </p>

    <p class='ocr_par' dir='ltr' id='par_1_13' title="bbox 276 3917 1295 3989">
     <span class='ocr_line' id='line_1_35' title="bbox 276 3917 1295 3989; baseline 0.005 -23"><span class='ocrx_word' id='word_1_253' title='bbox 276 3917 398 3980; x_wconf 77' lang='lat' dir='ltr'>²Rnrsc!‚</span> <span class='ocrx_word' id='word_1_254' title='bbox 408 3933 451 3984; x_wconf 89' lang='lat' dir='ltr'>op.</span> <span class='ocrx_word' id='word_1_255' title='bbox 460 3917 505 3970; x_wconf 90' lang='lat' dir='ltr'>cit.</span> <span class='ocrx_word' id='word_1_256' title='bbox 516 3933 541 3969; x_wconf 91' lang='lat' dir='ltr'>n.</span> <span class='ocrx_word' id='word_1_257' title='bbox 553 3933 603 3985; x_wconf 82' lang='lat'>279</span> <span class='ocrx_word' id='word_1_258' title='bbox 614 3935 667 3988; x_wconf 89' lang='lat' dir='ltr'>sq.;</span> <span class='ocrx_word' id='word_1_259' title='bbox 690 3920 805 3985; x_wconf 83' lang='lat' dir='ltr'>Corblet,</span> <span class='ocrx_word' id='word_1_260' title='bbox 817 3937 861 3989; x_wconf 92' lang='lat' dir='ltr'>op.</span> <span class='ocrx_word' id='word_1_261' title='bbox 875 3921 920 3975; x_wconf 85' lang='lat' dir='ltr'>cit·</span> <span class='ocrx_word' id='word_1_262' title='bbox 934 3921 951 3973; x_wconf 93' lang='lat' dir='ltr'>l.</span> <span class='ocrx_word' id='word_1_263' title='bbox 965 3921 1081 3984; x_wconf 92' lang='lat' dir='ltr'>XVlll;</span> <span class='ocrx_word' id='word_1_264' title='bbox 1102 3919 1199 3986; x_wconf 82' lang='lat' dir='ltr'>Billnt,</span> <span class='ocrx_word' id='word_1_265' title='bbox 1207 3937 1232 3989; x_wconf 94' lang='lat' dir='ltr'>p.</span> <span class='ocrx_word' id='word_1_266' title='bbox 1245 3917 1295 3986; x_wconf 82' lang='lat'>526.</span> 
     </span>
    </p>

    <p class='ocr_par' dir='ltr' id='par_1_14' title="bbox 242 4003 1321 4161">
     <span class='ocr_line' id='line_1_36' title="bbox 277 4003 1321 4075; baseline 0 -21"><span class='ocrx_word' id='word_1_267' title='bbox 277 4011 286 4038; x_wconf 72' lang='lat' dir='ltr'>t</span> <span class='ocrx_word' id='word_1_268' title='bbox 300 4003 387 4055; x_wconf 85' lang='lat' dir='ltr'>Sicuti</span> <span class='ocrx_word' id='word_1_269' title='bbox 407 4014 594 4070; x_wconf 88' lang='lat' dir='ltr'>protestantes</span> <span class='ocrx_word' id='word_1_270' title='bbox 608 4023 706 4060; x_wconf 87' lang='lat' dir='ltr'>omnes</span> <span class='ocrx_word' id='word_1_271' title='bbox 726 4007 891 4075; x_wconf 85' lang='lat' dir='ltr'>profitentur</span> <span class='ocrx_word' id='word_1_272' title='bbox 903 4004 1062 4061; x_wconf 64' lang='lat' dir='ltr'>doctrinam</span> <span class='ocrx_word' id='word_1_273' title='bbox 1079 4007 1114 4061; x_wconf 89' lang='lat' dir='ltr'>de</span> <span class='ocrx_word' id='word_1_274' title='bbox 1135 4008 1321 4061; x_wconf 87' lang='lat' dir='ltr'>transsubstan·</span> 
     </span>
     <span class='ocr_line' id='line_1_37' title="bbox 242 4088 1319 4161; baseline 0.003 -22"><span class='ocrx_word' id='word_1_275' title='bbox 242 4088 357 4141; x_wconf 87' lang='lat' dir='ltr'>tiatione</span> <span class='ocrx_word' id='word_1_276' title='bbox 377 4105 440 4141; x_wconf 90' lang='lat' dir='ltr'>esse</span> <span class='ocrx_word' id='word_1_277' title='bbox 460 4090 559 4144; x_wconf 88' lang='lat' dir='ltr'>salsam</span> <span class='ocrx_word' id='word_1_278' title='bbox 581 4103 608 4146; x_wconf 91' lang='lat' dir='ltr'>et</span> <span class='ocrx_word' id='word_1_279' title='bbox 631 4095 781 4161; x_wconf 78' lang='lat' dir='ltr'>Scripturre</span> <span class='ocrx_word' id='word_1_280' title='bbox 803 4094 954 4161; x_wconf 87' lang='lat' dir='ltr'>adversari,</span> <span class='ocrx_word' id='word_1_281' title='bbox 969 4095 1007 4148; x_wconf 89' lang='lat' dir='ltr'>ita</span> <span class='ocrx_word' id='word_1_282' title='bbox 1028 4095 1198 4151; x_wconf 88' lang='lat' dir='ltr'>unanimiter</span> <span class='ocrx_word' id='word_1_283' title='bbox 1217 4093 1319 4149; x_wconf 87' lang='lat' dir='ltr'>sentiunt</span> 
     </span>
    </p>
   </div>
   <div class='ocr_carea' id='block_1_12' title="bbox 241 4176 1318 4334">
    <p class='ocr_par' dir='ltr' id='par_1_15' title="bbox 241 4176 1318 4334">
     <span class='ocr_line' id='line_1_38' title="bbox 242 4176 1318 4252; baseline 0.007 -27"><span class='ocrx_word' id='word_1_284' title='bbox 242 4185 415 4227; x_wconf 78' lang='lat' dir='ltr'>consecratae</span> <span class='ocrx_word' id='word_1_285' title='bbox 434 4176 533 4230; x_wconf 74' lang='lat' dir='ltr'>hostiae</span> <span class='ocrx_word' id='word_1_286' title='bbox 552 4180 746 4234; x_wconf 84' lang='lat' dir='ltr'>adorationem</span> <span class='ocrx_word' id='word_1_287' title='bbox 766 4182 952 4236; x_wconf 88' lang='lat' dir='ltr'>idololatriam</span> <span class='ocrx_word' id='word_1_288' title='bbox 972 4183 1125 4252; x_wconf 85' lang='lat' dir='ltr'>quamdam</span> <span class='ocrx_word' id='word_1_289' title='bbox 1145 4177 1318 4252; x_wconf 61' lang='lat' dir='ltr'>praeseferret.</span> 
     </span>
     <span class='ocr_line' id='line_1_39' title="bbox 241 4259 743 4334; baseline 0.022 -25"><span class='ocrx_word' id='word_1_290' title='bbox 241 4259 362 4326; x_wconf 63' lang='lat' dir='ltr'>(Hudga</span> <span class='ocrx_word' id='word_1_291' title='bbox 375 4276 419 4326; x_wconf 93' lang='lat' dir='ltr'>op.</span> <span class='ocrx_word' id='word_1_292' title='bbox 433 4260 478 4314; x_wconf 90' lang='lat' dir='ltr'>cit.</span> <span class='ocrx_word' id='word_1_293' title='bbox 492 4263 545 4315; x_wconf 88' lang='lat' dir='ltr'>vol.</span> <span class='ocrx_word' id='word_1_294' title='bbox 562 4266 614 4331; x_wconf 83' lang='grc' dir='ltr'>ΙΙΙ,</span> <span class='ocrx_word' id='word_1_295' title='bbox 629 4283 657 4334; x_wconf 92' lang='lat' dir='ltr'>p.</span> <span class='ocrx_word' id='word_1_296' title='bbox 671 4267 743 4333; x_wconf 77' lang='lat'>682.)</span> 
     </span>
    </p>
   </div>
   <div class='ocr_carea' id='block_1_13' title="bbox 0 0 1380 4648">
    <p class='ocr_par' dir='ltr' id='par_1_16' title="bbox 0 0 1380 4648">
     <span class='ocr_line' id='line_1_40' title="bbox 0 0 1380 4648; baseline 0 3"><span class='ocrx_word' id='word_1_297' title='bbox 0 0 1380 4648; x_wconf 95' lang='lat' dir='ltr'> </span> 
     </span>
    </p>
   </div>
  </div>
 </body>
</html>
