2770 4646
293 185 349 233 DE
369 185 626 236 EFFECTIBUS
647 187 863 235 BAP'l'lSMl.
1060 186 1127 237 2⁴5

47 372 72 423 et
90 362 198 444 incipit
214 363 246 424 in
265 365 412 425 novitate
427 364 505 426 vitae
521 364 692 427 ambulare
708 386 715 441 ;
743 365 836 445 atqui
860 372 1035 445 peccatum
1059 365 1127 426 sive

47 465 189 546 originale
205 467 274 528 sive
290 463 421 528 adiuale
437 468 581 548 pertinet
604 467 647 530 ad
671 466 844 548 pristinam
862 475 1073 541 vetustatem,
1090 477 1127 529 ut

47 568 194 649 colligitur
210 590 254 630 ex
270 569 389 631 eodem
413 569 486 632 loco
505 593 512 632 ε
528 575 543 601 “
556 569 631 631 Hoc
655 569 797 631 scientes
813 569 891 648 quia
907 579 1002 632 vetus
1025 568 1127 631 horno

47 683 141 734 noster
155 672 254 734 simul
278 671 456 734 crucifixus
473 682 533 744 est,
549 681 586 734 ut
602 671 791 734 destruatur
805 690 926 752 corpus
949 672 1076 752 peccati
1089 670 1127 746 ”;

46 794 108 855 ergo
124 775 252 838 tollitur
267 795 325 857 per
343 775 563 857 Baptismum.
582 771 636 859 (S.
659 773 716 836 Th.
732 793 762 854 q.
778 775 830 852 69,
846 793 874 836 a.
895 771 937 858 1.)

73 923 116 987 24
159 917 192 968 2⁶
218 911 317 982 Tlreo's
331 929 342 962 .·
369 907 578 986 Baptismus
599 906 759 984 remittit,
776 905 883 971 simul
905 925 988 972 cum
1010 908 1125 986 culpa,

45 1022 171 1070 ornnem
201 1023 343 1084 poenam
372 1009 521 1083 peccato
551 1002 719 1082 debitam,
747 1021 819 1067 oon
846 1010 971 1069 autem
1000 1020 1126 1069 omnes

44 1102 110 1167 rite
125 1101 364 1181 poenalitates
409 1102 507 1160 Prima
522 1121 588 1177 pars
603 1111 647 1159 est
661 1103 695 1158 de
698 1102 770 1176 fide.

77 1205 129 1280 (A)
147 1201 264 1282 Script.
282 1200 442 1262 innuitur.
489 1199 580 1261 Dicit
595 1200 684 1261 enirn
702 1199 734 1263 S.
754 1199 875 1262 Paulus
891 1201 933 1262 de
949 1201 988 1261 iis
1004 1201 1060 1281 qui
1078 1199 1125 1262 in-

43 1305 105 1367 serti
128 1314 206 1367 sunt
231 1305 263 1366 in
280 1303 413 1368 Christo
431 1321 488 1384 per
505 1302 714 1383 Baptismum
734 1325 741 1364 ε
765 1301 883 1364 “Nihil
900 1303 1125 1365 damnationis

44 1419 81 1470 est
96 1410 131 1469 iis
147 1409 203 1489 qui
221 1417 299 1469 sunt
316 1407 348 1468 in
366 1405 499 1470 Christo
515 1406 594 1486 Jesu
609 1406 649 1448 ”¹
667 1427 675 1480 ;
702 1405 793 1485 atqui
810 1405 837 1466 si
855 1415 1040 1468 remaneret
1061 1404 1125 1468 alia

43 1531 127 1591 poena
143 1519 268 1572 aetema
285 1519 342 1571 aut
359 1508 562 1590 temporalis,
572 1518 660 1575 esset
676 1509 708 1571 in
727 1507 790 1571 illis
806 1509 918 1589 aliqua
934 1529 1034 1571 causa
1047 1527 1124 1570 con-

42 1613 274 1690 demnationis;
296 1632 383 1694 erg0.

75 1717 129 1796 (Β)
163 1715 260 1780 Trad.
318 1717 441 1778 Praeter
464 1714 564 1776 verba
593 1715 775 1777 Florentini
801 1715 870 1796 jarn
895 1715 1005 1788 citata,
1035 1714 1123 1777 Tnd

43 1817 99 1881 haee
113 1819 215 1882 habet
233 1841 239 1880 :
264 1818 331 1880 “ln
348 1817 471 1880 renatis
488 1816 568 1879 nihil
586 1817 658 1879 odit
675 1816 786 1879 DeuS.
802 1867 808 1880 .
825 1817 1048 1890 ,innocentes,
1065 1817 1124 1878 im-

43 1922 192 1995 maculati,
210 1920 347 1995 innoxii,
366 1939 404 1982 ac
423 1919 498 1982 Deo
518 1915 642 1993 dilecti,
658 1919 806 1982 haeredes
827 1921 962 2001 quidem
981 1919 1055 1994 Dei,
1070 1939 1124 1980 co-

42 2023 173 2088 haeredes
190 2035 303 2086 autem
321 2023 453 2096 Christi,
469 2023 515 2084 ita
531 2031 568 2084 ut
592 2022 679 2084 m'lril
689 2033 827 2103 prorsus
842 2013 893 2085 eor
914 2022 955 2084 ab
978 2023 1124 2104 ingressu

41 2127 97 2187 coli
110 2136 287 2190 remoretur
295 2127 349 2202 '’²;
369 2126 520 2206 jamvero
533 2125 559 2186 si
576 2124 689 2205 aliqua
705 2134 890 2187 remaneret
907 2144 1004 2206 poena
1020 2123 1063 2186 ab
1077 2125 1125 2184 eis

42 2227 156 2305 luenda,
166 2230 236 2291 sive
252 2239 377 2294 aeterna
394 2227 462 2290 sive
479 2226 679 2308 temporalis,
692 2247 758 2288 non
777 2235 913 2308 possent
928 2226 1041 2290 statim
1059 2245 1125 2294 cm,-

43 2331 97 2393 lum
122 2333 257 2413 ingredi.
303 2328 528 2393 Confirmatur
544 2331 650 2410 praxi
672 2330 828 2404 Ecclesia,
853 2349 928 2411 qua:
954 2348 1123 2410 nunquam

43 2435 258 2512 poenitentiam
284 2433 427 2514 imponit
451 2432 718 2513 neo-baptizatis,
734 2432 814 2495 dum
839 2451 858 2494 e
881 2440 997 2494 contra
1018 2432 1124 2512 poeni·

43 2537 172 2598 tentibus
188 2554 320 2616 semper
337 2535 479 2617 imponit
496 2535 528 2610 in
545 2555 639 2597 sacro
656 2533 821 2597 tribunali.

76 2637 127 2716 (C)
150 2639 233 2718 Arg.
257 2658 340 2699 conv.
389 2639 450 2699 Per
467 2637 676 2718 Baptismum
701 2637 802 2700 homo
826 2638 872 2700 ita
897 2637 1125 2718 incorporatur

43 2740 169 2815 Christo,
193 2750 230 2803 ut
258 2741 320 2820 ipsi
348 2741 557 2822 applicentur
581 2737 825 2802 satisfactiones
853 2739 975 2802 Christi
1004 2740 1036 2802 in
1065 2743 1124 2800 suh

42 2846 201 2922 passione;
235 2843 328 2923 atqui
356 2842 439 2905 tales
466 2840 711 2906 satisfadtiones
738 2845 805 2904 vim
834 2842 958 2905 habent
986 2842 1124 2904 tollendi

43 2963 95 3006 non
108 2946 214 3007 solum
227 2963 361 3006 omnem
376 2944 520 3025 culpam,
532 2945 590 3006 sed
603 2946 703 3008 etiarn
718 2964 852 3006 omnem
866 2963 1011 3024 poenam,
1022 2963 1124 3025 quum

44 3045 179 3110 Christus
212 3066 272 3128 pro
303 3050 443 3127 utraque
474 3047 684 3109 abundanter
714 3046 917 3108 satisfecerit.
976 3041 1031 3129 (S.
1068 3046 1098 3108 T
1095 3047 1124 3108 lr.

43 3153 125 3230 (1169,
141 3171 168 3212 ἃ
186 3145 233 3233 2·)

76 3269 119 3334 25
168 3251 317 3315 Secunda
331 3263 416 3332 pars
431 3259 520 3313 certa
536 3259 596 3324 est,
612 3261 646 3313 et
661 3250 858 3331 quotidiana
875 3259 1006 3313 constat
1023 3272 1124 3332 expe·

45 3355 164 3434 rientia;
195 3373 273 3416 narn
297 3354 438 3427 dolores,
461 3373 558 3426 morS,
578 3353 775 3433 ignorantia,
790 3364 824 3417 et
848 3355 1124 3436 concupiscentia,

45 3477 105 3538 quae
127 3469 205 3522 sunt
227 3457 452 3540 poenalitates,
468 3458 500 3519 in
523 3457 702 3538 baptizatis
718 3458 879 3527 existunt,
896 3476 957 3518 nec
980 3457 1126 3519 totaliter

45 3561 215 3625 auferentur
227 3561 290 3622 nisi
307 3561 340 3621 in
357 3560 464 3636 coelo;
486 3561 585 3621 variae
603 3560 748 3622 rationes
764 3559 1005 3621 convenientiae
1018 3557 1125 3620 afferri

45 3677 167 3741 possunt
184 3664 226 3725 ad
245 3664 308 3725 hoc
324 3662 563 3743 explicandum
579 3683 586 3734 ;

45 3765 83 3844 la)
100 3768 151 3829 Ex
175 3775 269 3848 parte
289 3763 415 3830 Clmrti
429 3789 440 3828 :
464 3783 541 3826 narn
559 3766 714 3826 convenit
735 3773 771 3826 ut
792 3762 972 3836 christiani,
988 3762 1044 3843 qui
1069 3783 1127 3844 per

45 3867 238 3949 Baptismum
264 3868 348 3930 fiunt
372 3867 444 3948 ejus
468 3866 617 3928 membra
634 3867 765 3938 Christi,
782 3864 905 3926 similes
928 3865 995 3926 sint
1016 3865 1125 3946 Capiti

45 3989 106 4045 suo;
125 3974 213 4054 atqui
228 3980 300 4034 tota
312 3971 381 4032 vita
393 3969 516 4034 Christi
529 3988 611 4030 crux
626 3968 687 4030 fuit
699 3980 733 4030 et
746 3969 942 4047 martyrium
956 3991 963 4030 ι
983 3967 1127 4030 “Nonne

46 4070 106 4134 hoec
115 4076 258 4156 oportuit
269 4073 438 4137 Christum
452 4073 532 4154 pati,
542 4082 576 4132 et
589 4073 635 4132 ita
649 4072 770 4131 intrare
783 4071 815 4130 in
828 4069 967 4150 gloriam
981 4071 1127 4133 suam¹’³?

78 4253 167 4315 ¹Rom.
182 4264 267 4328 Vlll,
285 4277 306 4315 1.
323 4263 379 4300 -2
393 4262 467 4315 Sess.
483 4263 517 4327 V,
531 4277 593 4314 can.
612 4274 634 4328 5.
650 4291 685 4298 ·-
698 4269 707 4300 ³
720 4257 789 4313 Luc.
807 4261 914 4326 XXlV,
929 4261 969 4315 26.
