2752 4648
236 169 304 220 ³64
693 167 833 220 CAPUT
850 165 875 217 1.

236 285 404 295 ---.----

238 357 267 404 et
289 345 348 403 vini
360 365 367 418 ;
394 363 465 420 ergo
487 355 554 420 post
575 347 829 406 consecrationem
852 354 950 417 potest
972 361 1025 416 per
1045 360 1079 401 se
1098 341 1208 400 directe
1226 338 1314 398 eaden

237 443 401 491 sustentare
414 433 444 490 in
458 432 571 506 seipsis.
612 433 677 491 Nec
690 432 805 491 dicatur
817 431 866 488 illa
879 430 1046 489 accidentia
1060 429 1089 487 in
1103 429 1206 500 seipsis
1220 436 1315 484 susten·

238 527 297 576 tata
311 528 383 576 tunc
397 519 458 578 lieri
472 518 668 578 substantiam
682 539 690 591 ;
708 537 777 577 nam
791 518 986 578 essentialiter
998 518 1128 576 retinent
1145 513 1313 588 aptitudinem
1354 506 1355 578 l

237 605 276 664 ad
298 603 504 664 inhaerendum
526 607 614 665 alicui
636 603 818 674 substantiae,
840 618 869 665 et
891 606 1011 666 nonnisi
1033 623 1086 678 per
1107 603 1272 662 miraculum
1290 601 1314 655 in
1354 603 1355 656 l

237 689 341 764 seipsis
354 691 536 752 sustinentur
548 717 554 762 ;
573 712 634 753 non
647 705 763 752 cessant
776 695 864 766 igitur
875 711 940 753 esse
950 711 1018 752 vera
1030 691 1205 761 accidentia,
1215 707 1274 747 nam
1282 687 1313 744 ad
1354 665 1355 704 ¹

237 776 394 836 essentiam
413 779 577 840 accidentis
596 799 653 838 non
666 781 796 854 pertinet
811 781 938 838 actuata
955 779 1074 838 inliaesio
1085 777 1259 840 substantiae,
1271 773 1314 831 sed

237 863 333 922 solum
346 865 478 936 aptitudo
490 867 532 923 nd
541 867 747 939 inherendum,
760 879 791 928 ut
803 879 920 928 constat
933 886 969 928 ex
982 869 1047 942 ipsa
1056 859 1245 926 definitione:
1261 879 1312 930 ens,

236 951 285 1012 cui
297 953 427 1010 contenit
437 971 501 1012 esse
515 953 544 1012 in
557 955 616 1012 alio
624 956 641 1012 ¹.

477 1099 505 1163 3⁰
516 1091 571 1148 Ex
583 1091 687 1149 unrhnc
703 1091 818 1150 Christi
826 1110 889 1150 cum
901 1091 1096 1148 accidentibus.

270 1227 310 1280 ts
347 1223 412 1298 Otj.
444 1224 593 1283 ludecens
606 1233 650 1283 est
662 1225 771 1284 docere
784 1223 938 1283 Christum
951 1221 1198 1289 dentibusatteri,
1209 1217 1317 1277 mandu-

236 1311 304 1373 cart,
318 1311 348 1368 in
367 1311 555 1370 stomachum
574 1313 697 1370 transire
709 1321 765 1370 etc.
785 1332 792 1370 :
810 1311 902 1383 atqui,
916 1311 1013 1384 posita
1025 1311 1089 1383 ejus
1108 1307 1255 1383 praesentia
1270 1304 1319 1361 sub

237 1397 403 1471 speciebus,
420 1397 484 1456 haee
496 1399 597 1456 oiirnia
610 1398 669 1456 dici
683 1398 813 1468 debent;
832 1415 912 1470 ergo.
1297 1461 1301 1469 Ι

273 1467 357 1540 Resp.
395 1473 435 1538 (a)
450 1468 536 1539 Nego
549 1469 701 1528 Christum
715 1467 856 1527 dentibus
868 1469 962 1538 atteri,
975 1469 998 1526 si
1012 1465 1102 1526 verba
1114 1481 1202 1525 sensu
1215 1477 1320 1536 proprio

238 1563 407 1624 sumantur;
425 1572 494 1611 nani
509 1565 540 1612 ut
553 1556 632 1612 canit
647 1555 782 1613 Ecclesia
799 1575 805 1612 :
825 1556 877 1612 “A
890 1564 1028 1614 sumente
1041 1571 1102 1611 non
1114 1551 1254 1617 concisus
1267 1565 1320 1605 nou
1355 1557 1356 1628 i

238 1639 413 1705 confractus,
426 1640 926 1714 nondivisus,integeraccipitur’'.
959 1641 1076 1700 Etenim
1088 1639 1203 1712 species
1212 1636 1320 1709 quidem
1355 1667 1356 1680 κ

238 1726 439 1785 eucharisticae
454 1739 578 1800 possunt
591 1730 733 1788 dentibus
745 1729 847 1796 dividi,
860 1729 914 1787 sed
928 1727 1064 1787 Christus
1082 1727 1146 1799 ipse
1159 1742 1218 1783 non
1231 1719 1323 1781 dividi·

238 1823 293 1876 tur,
306 1829 374 1870 cum
387 1831 423 1871 ex
435 1831 524 1886 supra
536 1815 633 1886 dictis,
646 1833 755 1888 corpus
768 1818 831 1888 ejus
846 1817 875 1874 in
890 1815 1076 1874 Eucharistia
1088 1815 1125 1871 sit
1139 1813 1321 1872 inextensum.

238 1903 273 1956 ric
287 1899 412 1971 proinde
425 1899 617 1960 inalterabile.

239 1989 279 2058 (tt
294 1985 416 2044 Nullum
433 1999 532 2046 autem
550 1989 765 2047 inconveniens
778 1999 821 2046 est
835 1989 865 2045 in
879 2005 916 2046 eo
929 1988 1010 2061 quod
1023 1987 1141 2046 dicatur
1153 1987 1218 2057 ejus
1229 1996 1324 2054 corpus

239 2073 421 2139 ntanducari.
437 2075 559 2134 transire
579 2075 608 2133 in
628 2077 815 2134 stomachum
830 2095 839 2148 ;
861 2075 920 2134 hoc
937 2075 1017 2134 enim
1034 2087 1079 2132 est
1097 2073 1195 2132 solum
1214 2069 1324 2129 mutatio

239 2161 349 2230 localis,
365 2169 395 2219 et
414 2179 473 2219 non
493 2173 637 2234 repugnat
656 2163 809 2222 Christum
829 2163 952 2220 transire
972 2179 1008 2220 ex
1030 2179 1091 2220 uno
1113 2162 1181 2219 loco
1200 2159 1230 2216 in
1248 2157 1325 2214 alium

238 2247 325 2304 simul
346 2265 413 2306 cuut
436 2247 604 2320 speciebus.
650 2249 784 2322 Quando
805 2259 906 2308 autem
928 2249 1043 2322 species
1066 2249 1129 2320 iam
1151 2244 1325 2304 stomachum

240 2335 377 2406 ingressae
389 2345 466 2399 sunt,
475 2336 617 2408 paulatim
627 2335 829 2395 dissolvuntur
839 2354 893 2410 per
901 2335 1020 2407 agentia
1033 2333 1171 2392 chemica
1183 2349 1249 2406 quae
1261 2331 1286 2386 in
1295 2345 1326 2385 eo
1356 2340 1357 2432 l

239 2433 315 2487 suut,
326 2433 364 2485 et,
374 2423 532 2496 speciebus
546 2425 658 2496 integre
671 2423 832 2493 dissolutis,
844 2441 955 2496 corpus
969 2421 1093 2480 Domini
1106 2431 1204 2479 cessat
1216 2417 1268 2478 sub
1279 2414 1326 2472 illis
1356 2435 1357 2454 i

239 2519 370 2566 existere.
1205 2543 1208 2552 ·

273 2599 314 2664 ⁶7.
353 2595 445 2668 Quod
459 2607 491 2654 ut
505 2597 611 2655 melius
624 2597 813 2669 intelligatur,
829 2597 984 2657 sciendum
997 2604 1042 2653 est
1059 2593 1205 2666 quasdam
1218 2607 1277 2650 esse
1291 2603 1326 2643 re

239 2680 322 2752 gulas
335 2681 412 2738 circa
426 2682 549 2741 utudum
564 2683 706 2754 loquendi
721 2685 760 2742 de
770 2683 891 2743 Christo
903 2685 960 2740 sub
970 2680 1130 2754 speciebus
1139 2675 1326 2738 eucharisticis

239 2770 348 2826 latente
365 2789 371 2826 ι
390 2771 431 2838 (ι)
444 2769 522 2828 Cum
536 2771 673 2830 Christus
685 2773 723 2829 sit
736 2790 799 2828 ture
812 2788 941 2843 praesens
959 2770 989 2826 in
1007 2769 1067 2826 hoc
1078 2777 1272 2834 sacramento,
1287 2779 1327 2819 nu·

239 2856 320 2912 ruina
333 2853 514 2913 substantiva
527 2869 556 2916 et
569 2858 723 2930 adjectiva,
733 2877 801 2930 quae
813 2858 853 2916 ab
862 2855 1007 2916 existendi
1021 2856 1114 2914 modo
1127 2853 1326 2928 praescindunt,

239 2943 278 3000 de
291 2959 327 2999 eo
340 2941 491 3014 praedicari
507 2957 651 3016 possunt:
672 2965 696 3002 v.
710 2965 736 3016 g.
751 2945 810 3002 dici
825 2955 923 3017 potest
939 2945 1030 3008 Deus,
1043 2941 1145 3012 homo,
1158 2940 1325 3010 redemptor.

240 3029 394 3090 mediator.
410 3048 468 3095 rex,
484 3042 540 3088 etc.
557 3033 598 3102 tbi
611 3033 690 3092 Cum
705 3049 765 3090 non
778 3033 816 3089 sit
829 3033 858 3088 in
874 3029 1061 3089 Eucharistia
1080 3047 1134 3101 per
1146 3028 1268 3086 modum
1280 3041 1328 3080 cor·

238 3111 318 3184 puris
326 3113 441 3175 artensi,
453 3113 491 3170 de
505 3133 541 3172 co
556 3115 707 3186 praedicari
722 3127 876 3186 nequeunt
888 3133 923 3172 ea
933 3132 1000 3187 quae
1010 3133 1079 3174 eum
1090 3112 1329 3186 circumscriptiue

240 3200 270 3255 iu
293 3196 360 3254 loco
381 3213 446 3254 esse
466 3213 647 3272 supponunt,
670 3221 695 3258 v.
715 3221 741 3272 g.
762 3202 859 3273 ipsum
882 3212 966 3272 stare,
987 3203 1095 3274 jacere,
1118 3202 1200 3259 hunc
1221 3201 1329 3258 illumi-e

239 3287 327 3344 situiu
343 3283 470 3347 habere:
490 3285 588 3345 dicere
601 3306 671 3346 reto
684 3289 753 3346 licet
766 3305 834 3346 eum
848 3305 922 3357 esse,
936 3307 1064 3360 arcuere,
1077 3290 1223 3348 contineri
1238 3289 1266 3344 in
1280 3285 1329 3342 Eu-

276 3483 284 3514 ¹
296 3483 449 3553 Hucusque
463 3485 642 3540 difficultates
653 3487 786 3540 solvimus
797 3503 830 3541 er
844 3485 989 3556 principiis
999 3485 1186 3558 philosophiae
1197 3483 1329 3542 scholasti·

241 3587 297 3632 cte:
317 3571 338 3623 si
353 3571 416 3640 quis
429 3583 523 3625 autem
539 3574 771 3641 Dynamistarum
785 3575 900 3629 theoriis
914 3575 1066 3642 adhaereat,
1077 3593 1138 3630 rem
1152 3575 1191 3629 sic
1203 3587 1328 3640 exponere

241 3669 333 3726 potest
350 3675 357 3708 :
379 3659 411 3710 ln
426 3657 486 3725 ipso
500 3661 720 3714 consecrationis
735 3661 860 3728 instanti,
871 3663 959 3728 Deus,
968 3659 1071 3717 virtute
1085 3665 1136 3716 sud
1149 3655 1329 3732 omnipotenti.

241 3743 314 3796 uires
327 3755 439 3796 amovet
452 3761 516 3812 quae
535 3747 617 3813 panis
629 3757 657 3799 et
671 3747 728 3800 viui
748 3748 936 3802 substantiam
954 3748 1176 3817 constituebant,
1191 3757 1329 3812 eorumque

241 3831 304 3882 loco
323 3831 464 3884 substituit
483 3849 584 3900 corpus
603 3845 630 3886 et
650 3835 815 3902 sanguinem
837 3835 955 3898 Christi,
976 3835 1059 3890 simul
1084 3847 1180 3890 tamen
1199 3829 1329 3890 causando

243 3915 427 3982 phaenomena
446 3918 626 3986 extensionis,
643 3923 740 3988 gustus
759 3934 812 3976 etc.
829 3941 846 3976 a
866 3940 939 3992 pane
958 3933 987 3976 et
1005 3923 1072 3975 vino
1091 3924 1169 3993 prius
1188 3917 1328 3992 produilai

242 3999 355 4051 aliunde
368 4001 439 4052 tollit
452 4018 468 4052 a
483 4008 678 4060 sacramentali
693 4025 810 4076 corpore
823 4009 928 4064 Christi
942 4009 1083 4064 assualem
1099 4027 1150 4064 seu
1167 4009 1282 4063 localem
1293 4020 1326 4056 er·

243 4085 400 4137 tensionem
413 4087 468 4153 qual
481 4093 644 4146 naturaliter
655 4095 769 4161 gaudet,
783 4096 822 4150 ita
835 4109 864 4150 ut
878 4099 932 4150 hoc
945 4113 1047 4166 corpus
1060 4097 1151 4165 possit
1168 4113 1217 4167 per
1228 4093 1328 4148 moduni

243 4169 409 4258 substantiae
429 4187 554 4237 praesens
574 4193 636 4231 esse
657 4181 739 4234 simul
760 4183 788 4234 in
808 4183 903 4237 multis
921 4184 1065 4237 altaribus.
1106 4185 1163 4238 Cir.
1179 4183 1327 4252 vulgaris.

242 4267 287 4319 op.
301 4261 348 4302 cit.
362 4267 387 4318 p.
403 4263 444 4315 73.
