2770 4652
413 185 467 235 DE
484 185 773 236 Poertt'rnrt'ssn.
1075 186 1141 238 ⁴7³

42 356 170 428 quilibet
181 357 333 419 absolvere
346 361 439 433 possit
451 371 584 433 peccata,
597 361 717 434 publica
730 361 852 434 quidem
863 379 916 435 per
925 362 1142 433 correptionem

41 443 196 510 duntaxat,
217 447 240 502 si
261 459 414 520 correptus
433 449 621 521 acquieverit,
647 459 759 507 secreta
781 466 850 508 vero
872 466 924 522 per
946 460 1142 522 spontaneam

41 527 282 598 confessionem3
301 532 337 588 A.
353 531 381 590 S.

78 634 118 673 11.
162 615 191 674 Si
211 617 278 689 quis
296 619 409 690 dixerit,
432 621 599 696 Episcopos
622 642 682 681 non
706 624 816 683 habere
836 625 883 695 jus
902 625 1068 684 reservandi
1088 625 1143 685 sibi

41 717 136 769 casus,
151 703 206 760 nisi
227 706 327 777 quoad
347 717 497 766 externam
517 711 659 782 politiam,
681 721 772 782 atque
791 711 860 769 ideo
878 729 1000 770 casuum
1020 729 1145 771 reserva·

41 788 156 846 tionem
176 808 238 848 non
256 793 423 864 prohibere,
436 797 597 868 quominus
616 797 760 857 Sacerdos
775 816 792 855 a
805 799 957 857 reservatis
970 817 1038 859 vere
1050 799 1146 860 absol-

41 885 103 944 vat;
125 877 163 933 Α.
180 877 209 935 8.

79 981 117 1022 12.
160 966 190 1024 Si
204 966 271 1038 quis
285 968 396 1039 dixerit,
413 979 506 1028 totam
527 988 648 1043 poenam
667 969 755 1028 simul
769 989 837 1028 cum
850 971 938 1044 culpa
950 972 1057 1031 remitti
1071 991 1145 1032 sem·

40 1071 129 1127 pera
153 1055 228 1122 Deo,
242 1054 533 1129 satisfactionemque
554 1057 763 1130 poenitentium
785 1076 845 1116 non
864 1076 929 1117 esse
946 1060 1043 1128 aliam,
1055 1079 1145 1132 quam

41 1141 144 1212 fidem,
161 1145 221 1215 quir
233 1143 462 1215 apprehendunt
475 1145 628 1205 Christum
642 1163 698 1219 pro
710 1145 752 1204 eis
766 1145 941 1204 satisfecisse
953 1167 960 1218 ;
979 1148 1015 1203 A.
1032 1147 1061 1204 S.

79 1245 118 1298 ¹³·
159 1229 189 1287 Si
211 1230 278 1301 quis
300 1230 413 1300 dixerit,
434 1249 487 1304 pro
510 1233 649 1304 peccatis,
674 1233 776 1305 quoad
798 1249 917 1304 poenam
941 1235 1143 1306 temporalem,

40 1317 167 1376 minime
188 1318 256 1376 Deo
271 1335 324 1390 per
342 1318 452 1378 Christi
471 1321 575 1378 merita
590 1320 723 1378 satisfieri
743 1320 840 1392 poenis
856 1321 895 1379 ab
914 1339 951 1380 eo
968 1321 1094 1392 inllidlis,
1118 1331 1147 1380 et

41 1405 191 1475 patienter
204 1405 343 1475 toleratis,
356 1407 402 1464 vel
414 1423 432 1463 a
445 1406 607 1466 Sacerdote
619 1407 768 1478 iniundlis,
785 1406 839 1464 sed
851 1425 952 1479 neque
964 1418 1073 1481 sponte
1085 1426 1147 1466 sus-

40 1493 146 1564 ceptis,
162 1501 196 1550 ut
210 1493 338 1564 jejuniis,
354 1494 546 1564 orationibus,
563 1493 768 1566 eleemosynis.
784 1493 830 1551 vel
845 1494 908 1552 aliis
923 1493 1013 1553 etiam
1030 1494 1147 1568 pietatis

41 1580 196 1650 operibus,
217 1589 308 1652 atque
328 1579 397 1639 ideo
419 1581 564 1653 optimam
584 1580 791 1653 poenitentiam
815 1599 880 1640 esse
902 1592 1018 1641 tanturn
1040 1601 1146 1641 novam

41 1665 153 1734 vitam;
173 1667 210 1724 A.
226 1667 255 1726 S.
946 1703 948 1706 ·

78 1771 119 1820 ra.
161 1753 192 1811 Si
211 1753 277 1824 quis
294 1753 408 1825 dixerit,
425 1753 651 1821 satissadliones,
666 1755 775 1828 quibus
794 1756 974 1828 poenitentes
993 1773 1046 1830 per
1063 1757 1148 1817 Chri·

42 1851 120 1897 stum
134 1840 241 1914 Jesum
254 1853 378 1914 peccata
391 1843 549 1908 redimunt,
566 1861 626 1900 non
640 1860 705 1901 esse
717 1845 815 1902 cultus
830 1844 896 1912 Dei,
908 1844 961 1902 sed
976 1845 1148 1904 traditiones

43 1927 212 1994 hominum,
227 1928 393 1987 doetrinam
408 1929 447 1988 de
459 1930 560 2002 gratid,
576 1941 605 1988 et
618 1947 719 1987 verum
735 1931 791 1988 Dei
805 1930 928 1998 cultum,
943 1942 1033 2004 atque
1051 1933 1148 2005 ipsum

45 2014 226 2074 heneficium
241 2017 343 2074 mortis
356 2015 467 2075 Christi
480 2015 674 2076 obscurantes
687 2039 694 2088 ;
715 2019 751 2074 A.
767 2016 795 2074 S.

84 2120 123 2174 ις.
166 2103 195 2161 Si
216 2105 282 2175 quis
300 2104 415 2174 dixerit,
433 2102 530 2162 claves
550 2105 692 2163 Ecclesiae
714 2122 779 2162 esse
797 2104 881 2162 datas
900 2112 1016 2162 tanturn
1036 2103 1075 2162 ad
1094 2103 1150 2161 sol·

45 2191 187 2262 rendum,
213 2209 273 2250 non
293 2193 382 2250 etiam
402 2193 442 2251 ad
462 2192 624 2265 ligandum,
644 2202 673 2252 et
695 2202 852 2266 propterea
875 2192 1059 2261 Sacerdotes,
1077 2193 1150 2251 dum

45 2277 205 2350 imponunt
229 2298 333 2352 poenas
358 2281 578 2348 confitentibus,
604 2299 692 2353 agere
717 2291 819 2339 contra
846 2279 933 2336 finem
959 2278 1095 2348 clavium,
1121 2289 1150 2336 et

45 2374 147 2424 contra
167 2366 383 2426 institutionem
405 2367 524 2436 Christi,
544 2379 573 2427 et
593 2368 745 2427 fictionem
769 2384 842 2436 esse,
861 2366 944 2439 quod
968 2367 1074 2424 virtute
1093 2365 1150 2423 cla-

45 2451 134 2518 vium,
147 2452 265 2511 sublata
276 2456 364 2526 poena
373 2457 491 2524 aeterna,
500 2473 589 2528 poena
599 2455 770 2528 temporalis
783 2454 960 2528 plerumque
972 2450 1151 2512 exsolvenda

47 2549 218 2606 remaneat;
237 2541 273 2597 A.
289 2540 317 2598 S.

149 2687 430 2788 objectum
460 2694 512 2768 et
539 2687 727 2769 divisio
755 2691 1044 2794 Tractatus.

89 2870 116 2920 1.
166 2851 355 2934 Spiritualis
371 2855 449 2929 vita,
463 2874 538 2936 quae
555 2855 587 2916 in
606 2854 779 2935 Baptismo
798 2852 972 2926 confertur,
989 2872 1047 2934 per
1063 2851 1151 2914 Con·

48 2953 268 3020 firmationem
282 2957 455 3020 roboratur
470 2967 503 3021 et
520 2959 551 3020 in
569 2962 661 3020 sacra
675 2957 918 3021 Communione
930 2956 1081 3029 nutritur,
1094 2975 1152 3036 per

48 3069 222 3139 peccatum
250 3062 389 3126 mortale
417 3062 525 3124 amitti
552 3069 663 3144 potest
693 3069 727 3123 et
757 3059 937 3141 aliquando
967 3059 1153 3136 amittitur;

49 3172 218 3242 reparatur
240 3172 351 3226 autern
376 3183 433 3245 per
457 3173 701 3226 sacramentum
725 3162 940 3239 Panitentia,
964 3163 1053 3245 quod
1078 3162 1153 3225 ideo

50 3267 167 3329 merito
194 3276 329 3329 vocatur
352 3277 595 3329 sacramentum
624 3266 900 3342 reconciliationis,
923 3265 1060 3328 sectanda
1079 3273 1154 3346 post

50 3371 266 3450 naufragium
283 3369 392 3432 tabula
408 3371 573 3452 peccatori
589 3369 711 3444 oblata,
727 3378 761 3432 et
776 3369 953 3450 baptismus
967 3367 1152 3442 laboriosus,

50 3475 103 3553 qui
120 3474 253 3536 nonnisi
270 3473 379 3536 arduis
396 3473 562 3536 laboribus
579 3493 641 3534 nos
656 3494 675 3534 a
691 3482 829 3554 peccato
846 3473 1005 3548 mundat3
1028 3470 1070 3532 de
1086 3490 1153 3552 quo

51 3579 222 3657 praedicari
239 3587 348 3659 potest
364 3577 452 3660 quod
477 3577 513 3641 S.
532 3575 776 3656 Chrysostomus
790 3577 832 3638 de
848 3576 968 3637 virtute
986 3573 1152 3636 Poeniten·

53 3680 105 3742 tiae
122 3679 254 3744 aiebat:
278 3685 295 3712 ‘¹
306 3680 368 3743 Est
389 3681 477 3743 enirn
501 3679 631 3742 medela
646 3677 852 3754 delidtorum
867 3677 1079 3758 consumptio
1094 3676 1154 3738 ini·

52 3786 226 3864 quitatum,
237 3783 354 3847 effusio
371 3785 599 3866 lacrymarum,
613 3781 733 3846 fiducia
749 3781 838 3865 apud
856 3781 975 3854 Deum,
985 3789 1152 3842 armatura

53 3895 166 3949 contra
182 3886 362 3962 diabolum,
375 3887 506 3968 gladius
521 3886 593 3966 ejus
609 3896 710 3968 caput
726 3885 933 3960 abscindens
945 3904 1019 3966 spes
1030 3883 1155 3958 salatia,

53 3989 293 4071 desperationis
309 3989 518 4071 profligatio;
539 3989 611 4052 haec
627 3988 754 4051 homini
771 3987 892 4051 coelum
910 3987 1025 4070 aperit,
1038 3986 1109 4049 haec
1122 3986 1155 4048 in

55 4094 241 4172 paradisum
259 4095 446 4168 introducit,
463 4093 534 4156 haec
550 4093 722 4156 diabolum
744 4091 903 4175 superat’'
951 4089 1019 4172 (De
1037 4090 1155 4152 Poenit.

55 4195 139 4261 horn.
157 4198 201 4278 8).
245 4197 371 4280 Quanti
388 4199 487 4280 igitur
505 4198 548 4261 sit
570 4197 732 4260 momenti
751 4196 813 4258 hac
834 4196 876 4258 de
900 4216 933 4257 re
958 4194 1155 4258 catholicam

56 4299 240 4364 doetrinam
266 4321 437 4382 exponere
461 4320 560 4362 nemo
586 4300 716 4381 estqui
741 4319 807 4361 non
831 4298 951 4373 videat,
975 4297 1156 4379 praesertim
