2738 4646
235 174 302 224 308
693 167 832 220 CAPUT
849 167 874 218 1.

236 271 1300 300 .-.----—--———————--

238 361 314 434 post
329 349 505 414 nonnullas
521 326 729 424 variationes,
745 348 901 410 eumdem
918 353 1062 407 errorem
1078 339 1222 423 amplexi
1237 347 1303 410 sunt,

238 463 271 517 et
286 453 386 518 hodie
402 453 553 526 retinent,
565 452 678 534 paucis
690 450 849 531 exceptis
862 447 1046 531 praesertim
1060 440 1253 513 Ritualistel,
1262 439 1303 519 qui

237 555 424 620 doilrinam
440 555 637 619 catholicam
654 557 697 618 de
713 553 791 616 reali
808 551 984 634 praesentia
1007 557 1132 612 tenent
1177 545 1222 626 (e)
1236 543 1303 606 Tan·

238 661 316 724 dem
345 659 502 734 Ueritarir',
523 658 644 740 aliique
669 658 896 720 Protestantes
919 653 1065 716 liberales
1087 648 1178 727 diiii,
1201 645 1304 728 longius

238 762 433 845 procedunt,
444 763 631 843 docentque
645 757 890 822 Eucharistiam
904 775 975 818 esse
988 775 1130 818 vacuum
1148 753 1273 834 signum,
1282 755 1305 808 et

239 866 322 930 nihii
337 865 426 928 aliud
444 885 512 947 prae
528 885 563 926 se
579 864 663 926 ferre
679 862 741 924 nisi
764 861 916 924 iraternae
932 857 1078 923 caritatis
1095 852 1270 937 symbolum
1283 859 1306 909 et

239 969 434 1031 'memoriam
453 966 616 1049 passionis
634 963 757 1029 Christi
770 975 789 1026 ¹.

283 1085 311 1149 8.
347 1071 507 1134 Dollrr'na
523 1069 691 1136 Catholicae.
729 1065 889 1130 Praefatos
902 1082 1027 1128 errores
1043 1061 1074 1123 Τ
1071 1058 1262 1121 ridentinum
1271 1052 1309 1114 his

240 1175 348 1237 verbis
364 1174 621 1236 condemnavit:
642 1171 706 1236 “Si
723 1171 797 1252 quis
814 1167 985 1250 negaverit
1000 1167 1033 1226 in
1046 1161 1107 1227 SS.
1118 1155 1312 1224 Eucharistiae

240 1287 450 1340 sacramento
466 1275 627 1339 contineri
644 1294 728 1351 vere,
741 1274 880 1348 realiter,
891 1281 926 1336 et
941 1265 1203 1334 substantialiter
1217 1278 1312 1340 corpus

242 1389 275 1442 et
302 1381 508 1460 sanguinem,
533 1398 600 1441 una
626 1398 701 1441 cum
730 1377 842 1439 anima
869 1385 903 1438 et
927 1373 1101 1437 divinitate
1128 1369 1170 1434 D.
1196 1365 1232 1430 N.
1254 1365 1313 1445 Jesu

243 1482 375 1557 Christi,
391 1502 430 1544 ac
445 1481 591 1563 ¹proinde
613 1489 721 1542 totum
745 1479 913 1543 Christum
931 1497 938 1554 ;
966 1475 1022 1538 sed
1045 1472 1171 1536 dixerit
1191 1477 1315 1532 tanturn·

244 1584 345 1649 modo
361 1603 433 1646 esse
449 1583 481 1644 in
498 1603 548 1657 e0,
564 1593 601 1646 ut
618 1585 649 1646 in
667 1583 772 1664 signo,
788 1580 840 1644 vel
860 1579 974 1662 figura,
989 1586 1048 1640 aut
1064 1575 1195 1648 virtute,
1212 1570 1249 1632 A.
1265 1568 1291 1631 S.
1299 1565 1316 1626 ''.

246 1687 336 1750 Hinc
356 1687 399 1750 de
420 1685 485 1748 fide
506 1694 557 1748 est
578 1695 685 1748 totum
703 1684 872 1749 Christum
889 1701 962 1744 esse
976 1700 1058 1754 vere,
1075 1677 1208 1740 realiter
1219 1683 1251 1735 et
1263 1669 1317 1733 sab·

243 1789 446 1856 stante'aliter
466 1791 499 1851 in
524 1789 755 1864 Eucharisti53
782 1785 903 1850 dicitur
924 1789 940 1815 “
953 1803 1025 1846 vere
1037 1783 1062 1858 ”,
1080 1799 1147 1843 non
1172 1786 1277 1840 autem
1294 1773 1318 1834 in

244 1895 492 1976 aegrotantum,
508 1901 624 1958 contra
639 1891 673 1956 Z
674 1891 846 1972 winglium
863 1888 919 1970 qui
941 1884 1140 1948 vocabulum
1158 1887 1175 1914 ‘⁸
1185 1880 1254 1944 est”
1270 1894 1318 1938 me·

245 1997 415 2079 taphorice
432 1994 640 2077 intelligebat
656 2017 663 2071 ;
690 1999 705 2027 ‘⁶
720 1994 853 2056 realiter
864 1993 888 2068 ’',
905 2010 971 2053 non
988 2007 1067 2052 vero
1089 1987 1121 2048 in
1144 1983 1248 2066 figura
1265 1990 1319 2042 tan·

245 2111 327 2177 tum,
342 2110 458 2164 contra
476 2098 766 2180 (Ecolampadium,
782 2095 837 2177 qui
855 2113 970 2156 vocem
988 2097 1003 2123 “
1014 2088 1153 2171 corpus'’
1170 2082 1320 2168 figurative

246 2203 430 2286 accipiebat
446 2225 453 2279 ;
480 2207 496 2236 “
508 2201 770 2266 substantialiter
780 2201 805 2276 ”,
823 2216 890 2262 non
907 2205 1019 2259 autem
1037 2195 1069 2256 in
1086 2193 1210 2255 virtute
1225 2187 1321 2258 solurn,

246 2316 362 2371 contra
380 2305 565 2380 Calvinum,
581 2306 637 2386 qui
660 2304 884 2368 contendebat
901 2301 1069 2366 Christum
1092 2319 1152 2381 per
1166 2315 1258 2360 suam
1275 2292 1322 2354 vit·

245 2421 352 2474 tutem
366 2407 578 2472 solummodo
590 2427 662 2470 esse
678 2417 877 2490 praesentem
894 2406 926 2468 in
942 2403 1161 2468 Eucharistia.
1200 2399 1322 2478 'Dogma

216 2543 220 2550 -
244 2510 447 2574 catholicum
475 2519 591 2575 contra
617 2509 877 2574 Protestantium
904 2508 1133 2572 cavillationes
1157 2514 1228 2568 tum
1254 2497 1322 2564 Scri·

248 2617 355 2696 ptum,
371 2622 441 2676 tum
460 2611 655 2675 Traditione
670 2611 982 2676 demonstrabimus.

473 2755 489 2844 ς
516 2760 540 2822 Ι.
564 2759 811 2822 ARGUMENTA
835 2773 883 2822 ux
908 2772 1130 2822 scarorum..

250 2897 275 2957 l.
289 2897 418 2957 Realis
432 2898 643 2970 praesentia
658 2896 804 2958 Christi
823 2898 861 2954 ln
879 2887 1131 2956 Eucharistlh
1146 2865 1196 2952 ex
1211 2887 1324 2952 verbis

488 2987 777 3066 promissionis1
802 2992 1100 3052 demonstratur.

249 3169 253 3174 -
292 3136 331 3200 9..
379 3119 427 3184 Ut
439 3091 810 3184 meliusdemonstratio
823 3119 1036 3201 intelligatur,
1047 3128 1113 3181 tres
1126 3128 1235 3201 partes
1245 3116 1274 3178 in
1285 3131 1327 3174 ca·

249 3225 318 3307 pite
334 3232 432 3286 sexto
441 3223 580 3304 Joannis
596 3223 799 3304 distinguere
816 3223 913 3286 licet:
935 3216 1092 3304 in'primt
1105 3223 1155 3303 (1·
1143 3222 1215 3302 ·25)
1226 3215 1326 3283 descri-

251 3385 429 3448 ,Eucharistia
441 3402 475 3438 ex
488 3384 575 3438 sacris
588 3383 688 3439 litteris
701 3385 813 3454 probari
827 3401 883 3439 non
898 3395 996 3454 potest,
1014 3385 1064 3438 sed
1078 3383 1185 3454 apertis
1198 3381 1328 3451 scriptura

250 3473 343 3528 verbis
352 3469 526 3538 adversatur,
536 3471 705 3526 sacramenti
718 3483 848 3526 naturam
858 3471 967 3540 evertit,
973 3482 1001 3526 et
1014 3473 1166 3525 multarum
1177 3465 1358 3541 superstitio

250 3576 318 3614 num
331 3558 409 3613 dedit
421 3556 609 3612 occasionem.
650 3558 759 3626 Corpus
774 3557 877 3613 Christi
892 3559 981 3626 datur,
998 3557 1135 3627 accipitur
1151 3569 1180 3612 et
1197 3553 1358 3634 manduca

251 3659 294 3700 tur
304 3647 332 3700 in
346 3646 436 3712 coe'nd,
448 3655 558 3698 tantum
571 3644 678 3698 coelesti
693 3653 721 3698 et
734 3643 871 3716 spirituali
885 3645 1002 3699 ratione.
1043 3643 1173 3715 Medium
1185 3651 1328 3707 autemq11⁰

251 3749 359 3802 corpus
369 3730 473 3794 Christi
492 3729 629 3799 accipitur
648 3741 676 3784 et
695 3731 882 3784 manducatur
901 3729 929 3784 in
948 3730 1031 3784 coena
1033 3731 1127 3799 ‚fides
1143 3731 1217 3784 ert'’.
1251 3721 1327 3798 (Apud

252 3819 356 3886 Schaff,
369 3835 414 3886 op.
430 3820 477 3873 cit.
494 3836 521 3888 p.
540 3831 598 3887 505.
606 3818 677 3886 506).

253 3907 315 3956 ,Η
317 3907 423 3959 ‘Coena
436 3915 479 3960 est
493 3905 624 3962 iraternae
638 3905 818 3960 charitatis
797 3921 942 3974 signum...
958 3903 1019 3975 ipsa
1032 3921 1145 3976 quoque
1160 3903 1259 3960 Christi
1271 3915 1327 3954 mor·

252 4003 309 4046 tem
328 4008 379 4060 pro
398 3993 509 4058 generis
528 3992 642 4048 humani
662 3991 773 4046 salute
767 4009 795 4045 m
808 3991 974 4047 memoriam
987 4003 1135 4047 revocat...
1176 3966 1358 4046 manducarel

252 4079 312 4148 ejus
325 4094 440 4132 carnem
452 4089 480 4132 et
493 4079 553 4147 ejus
567 4080 735 4147 sanguinem
754 4079 860 4146 bibere,
873 4080 943 4133 nihil
962 4079 1039 4133 aliud
1057 4091 1102 4134 est
1121 4097 1208 4150 quam
1224 4087 1327 4133 nostran

253 4165 340 4218 vitam
359 4164 419 4231 ejus
438 4164 587 4232 praeceptis
606 4175 634 4218 et
652 4166 788 4234 exemplis
806 4166 1008 4221 conformare.''
1045 4164 1167 4232 (Clarke
1187 4155 1329 4220 Manraloi

257 4249 334 4304 Unit.
348 4249 441 4315 bellet,
454 4266 480 4317 p.
495 4249 547 4317 ⁴8)·
561 4279 596 4288 —
608 4249 691 4318 ²Joa,
706 4254 757 4316 Vl,
773 4251 861 4323 48-59.
