2752 4648
198 175 255 226 DE
274 175 492 226 MYSTERIO
510 176 782 230 PRAESENTIAE
804 176 967 224 nunus.
1067 172 1133 224 ³5³

49 353 176 432 lomace,
186 357 219 418 in
236 375 336 438 quam
354 367 420 420 tres
436 359 526 438 pueri
543 356 681 440 projecti
697 366 783 433 sunt,
794 355 1009 420 comburendi
1026 354 1075 416 vis
1090 352 1133 416 ab

48 457 112 537 ipso
126 459 202 541 igne
218 461 328 542 potuit
344 462 496 542 separari.

85 561 135 624 Ex
158 583 227 644 quo
246 565 395 645 sequitur
409 581 528 645 corpus
544 562 666 626 Christi
689 581 761 624 esse
776 562 919 624 localiter
931 559 994 623 sub
1009 557 1132 640 specie·

47 661 100 724 bus
113 665 346 742 eucharisticis,
364 687 430 728 non
447 667 582 748 quidem
599 665 701 728 modo
717 684 784 746 quo
799 683 938 746 corpora
959 659 1134 725 actualiter

44 774 175 830 extensa
202 770 380 850 praesentia
407 779 493 846 sunt,
519 769 578 831 sed
607 767 708 830 modo
734 767 954 848 spiritualium
980 763 1132 826 substan-

41 871 164 948 tiarum,
204 893 281 955 quae
321 885 400 938 sunt
439 874 571 939 diflusa
609 893 668 955 per
709 882 817 936 totum
853 869 999 950 spatium
1041 865 1131 946 quod

44 987 204 1056 occupant.

84 1076 128 1158 (b)
145 1079 230 1142 Rern
248 1077 344 1142 aliter
358 1081 686 1162 exponitAngelicus
697 1079 819 1142 Deilor
829 1089 847 1138 ¹.
891 1076 998 1156 juxta
1014 1072 1131 1153 ipsum,

42 1179 220 1244 substantia
236 1202 394 1264 corporea
411 1202 477 1245 non
499 1183 601 1246 habet
615 1203 654 1244 ex
666 1179 770 1261 seipsa
791 1187 902 1260 partes
917 1172 1132 1245 extensionis,

44 1283 94 1343 sed
118 1284 225 1347 solum
251 1305 295 1346 ex
319 1289 379 1347 sua
404 1285 601 1366 quantitate,
621 1303 696 1366 quae
720 1283 783 1364 ipsi
804 1279 1050 1362 superveniens,
1070 1275 1131 1356 ipsi

42 1385 133 1448 ctiam
149 1389 376 1452 communicat
396 1389 563 1470 propriam
586 1387 839 1460 extension·em;
866 1383 964 1459 unde,
978 1381 1005 1443 si
1027 1398 1131 1442 remo-

43 1499 149 1550 veatur
170 1491 349 1570 quantitas,
369 1491 556 1553 substantia
580 1509 737 1570 corporea
762 1485 900 1549 omnino
925 1478 1132 1544 indivisibilis

43 1597 95 1660 est
110 1589 251 1674 ideoque
272 1609 339 1662 non
358 1591 460 1655 habet
476 1593 576 1656 situm
593 1594 626 1654 in
644 1591 762 1673 spatio,
778 1605 882 1669 neque
907 1583 1010 1666 replet
1033 1581 1130 1664 spatii

43 1691 244 1768 vacuitatem,
259 1693 317 1756 sed
337 1715 487 1776 praesens
508 1706 558 1758 est
582 1715 639 1776 per
654 1695 791 1757 modum
808 1687 996 1769 substantie
1008 1674 1132 1766 simpliss

43 1794 89 1868 cis,
103 1807 267 1875 quatenus
283 1807 354 1860 tota
367 1808 420 1884 est
435 1798 497 1861 sub
513 1799 661 1880 qualibet
685 1809 779 1878 parte
801 1793 898 1875 spatii
922 1790 1130 1853 continentis.

44 1893 113 1975 Quo
133 1899 252 1981 posit0,
276 1901 396 1964 modus
419 1921 486 1981 quo
509 1900 631 1964 Christi
655 1919 774 1980 corpus
797 1899 830 1958 iu
856 1892 1062 1958 Eucharistia
1086 1890 1132 1952 sic

43 1999 190 2064 declarari
207 2013 327 2084 potest
381 2003 587 2084 Hujusmodi
602 2023 732 2084 corpus,
748 2001 837 2082 quod
859 1998 976 2060 existit
996 1997 1028 2057 in
1046 1995 1132 2057 coelo

43 2121 108 2166 cum
139 2107 328 2186 quantitate
358 2109 418 2168 sua
447 2108 481 2168 in
513 2107 647 2188 proprio
678 2114 711 2167 et
742 2107 1012 2176 commensurato
1050 2098 1133 2172 loco,

44 2205 263 2270 vivariorum
289 2210 534 2272 consecrationis
560 2210 704 2274 existere
732 2207 847 2287 incipit
870 2203 933 2266 sub
958 2201 1131 2284 speciebus

44 2301 267 2388 eucharisticis,
280 2333 346 2376 non
363 2313 498 2395 quidem
515 2312 672 2388 localiter,
684 2313 742 2375 sed
760 2331 818 2393 per
834 2309 971 2372 modum
983 2307 1131 2372 substan-

44 2407 98 2484 tio,
112 2420 275 2496 quatenus
291 2413 439 2475 succedit
454 2413 651 2476 substantiae
667 2411 770 2494 panis,
784 2407 1011 2472 accidentibus
1027 2427 1132 2470 rema-

45 2513 189 2574 nentibus
203 2535 211 2590 ;
238 2515 336 2588 unde,
360 2515 445 2578 sicut
470 2515 657 2578 substantia
682 2515 786 2595 panis,
812 2522 891 2575 ante
914 2514 1132 2594 consecratio-

46 2629 121 2690 nem,
139 2625 211 2678 tota
235 2635 380 2696 praesens
405 2627 476 2680 crat
500 2617 562 2679 sub
587 2619 654 2680 suis
678 2616 906 2679 accidentibus
929 2625 962 2677 et
986 2615 1133 2696 qualibet

45 2717 255 2780 accidentium
279 2729 383 2800 parte,
398 2720 445 2782 ita
468 2740 587 2801 corpus
603 2719 735 2794 Christi,
744 2728 819 2798 post
838 2729 871 2780 et
886 2728 951 2797 per
964 2738 1132 2781 consecra-

46 2817 168 2896 tionem,
192 2831 244 2884 est
271 2831 379 2884 totum
404 2823 467 2884 sub
491 2823 640 2904 qualibet
662 2833 758 2904 parte
783 2821 1003 2882 accidentium
1029 2823 1132 2902 panis.

47 2919 103 2984 Sed
134 2925 277 3005 insuper,
307 2925 344 2986 vi
372 2925 536 2988 naturalis
564 2926 823 3000 conconn‘tantice,
854 2933 925 2986 tota
963 2926 1132 3003 quantitas

46 3019 387 3108 dimensiva'corporis
410 3037 444 3089 et
466 3029 638 3109 sanguinis
662 3026 793 3101 Christi,
809 3047 884 3088 cum
909 3027 1025 3088 ceteris
1048 3029 1133 3090 acci-

46 3128 198 3205 dentibus,
215 3127 251 3192 fit
268 3149 413 3212 praesens
429 3131 491 3194 sub
507 3131 681 3212 speciebus
697 3130 923 3192 eucharisticis
938 3152 945 3207 ;
969 3151 1046 3193 nam
1063 3152 1132 3194 cor·

48 3248 98 3306 pus
114 3231 236 3294 Christi
257 3232 461 3313 impassibile
485 3243 518 3295 et
539 3232 761 3314 glorificatum
785 3233 928 3314 separari
953 3236 1067 3314 nequit
1090 3235 1133 3297 ab

48 3331 88 3394 his
102 3335 365 3398 dimensionibus
381 3346 415 3398 et
430 3335 653 3399 accidentibus
669 3356 744 3416 quae
759 3337 802 3398 ad
819 3337 890 3417 ejus
907 3337 1131 3417 integritatem

48 3446 312 3502 ctornamcntum
327 3439 542 3520 requiruntur.
587 3439 751 3501 Attamen
765 3440 935 3520 quantitas
947 3440 1133 3502 dimensiva

48 3525 179 3620 corporis
192 3541 315 3606 Christi
332 3551 462 3604 nonest
478 3542 511 3602 in
528 3552 746 3616 sacramento,
758 3542 843 3604 sicut
859 3543 891 3604 in
910 3541 990 3618 loc0‚
1001 3543 1058 3606 sed
1075 3562 1134 3623 per

49 3647 171 3706 modum
187 3644 384 3718 substantie,
401 3645 480 3725 quia
496 3663 561 3705 non
580 3645 716 3724 ponitur
730 3644 792 3706 sub
808 3643 979 3725 speciebus
999 3655 1133 3725 propter

49 3747 187 3826 seipsam,
203 3747 261 3810 sed
279 3757 414 3827 propter
429 3747 650 3810 substantiam
668 3748 813 3827 corporis
830 3747 960 3820 Christi,
973 3748 1014 3809 ad
1032 3768 1132 3829 quam

48 3851 231 3912 terminatur
251 3849 354 3910 virtus
379 3849 645 3925 consecrationis,
666 3849 808 3930 ideoque
829 3869 975 3929 praesens
994 3861 1044 3914 est
1066 3871 1130 3916 non

49 3967 95 4026 per
110 3954 245 4018 modum
263 3953 468 4038 quantitatis,
485 3953 543 4015 sed
565 3974 624 4034 per
640 3953 776 4015 modum
799 3953 993 4016 substantiae
1009 3976 1016 4031 ;
1044 3958 1132 4018 unde

49 4050 111 4117 licet
134 4077 254 4139 corpus
279 4055 401 4120 Christi
427 4075 501 4118 vere
526 4057 568 4119 sit
592 4057 654 4118 sub
680 4057 940 4142 dimensionibus
965 4058 1068 4140 paniS,
1089 4061 1132 4122 ab

76 4275 121 4330 ¹5.
138 4278 243 4344 Thoen„
261 4291 286 4343 3,
299 4293 326 4346 q.
344 4277 387 4341 76;
407 4274 455 4330 cfr.
469 4275 569 4341 Billot,
585 4276 612 4328 in
627 4293 651 4346 q.
667 4277 713 4341 763
732 4277 883 4340 Aun‘aul!‚
899 4277 916 4330 l.
933 4294 955 4332 c.

153 4397 277 4441 Sruoesrs
290 4393 335 4440 111.
349 4419 373 4428 -
388 4408 417 4452 23
