2808 4664
345 148 402 198 DE
420 149 503 198 Duo
520 149 896 200 REMUNERATORE.
1106 149 1173 201 745

192 370 263 428 111.
281 372 335 430 De
358 372 516 432 dotlbus
529 385 745 446 ¹corporum
769 375 1025 444 gloriosorum
1037 382 1057 430 ¹.

99 495 142 548 88.
183 493 298 552 Omnes
317 495 455 553 homines
473 506 627 566 resurgent
640 495 811 568 incorrupti,
825 498 907 568 juxta
924 497 997 555 illud
1012 497 1043 554 S.
1058 497 1153 554 Pauli
1163 520 1173 552 :

66 577 192 636 “Canet
205 577 285 638 enim
299 581 381 648 tuba,
395 594 425 640 et
439 583 548 640 mortui
562 595 715 654 resurgent
729 585 892 656 incorrupti
902 585 955 656 ''t;
974 603 1079 644 omnes
1099 585 1172 656 pari-

65 673 109 722 ter
120 678 278 738 resurgent
289 669 454 738 corporibus
466 669 594 741 integris,
604 670 666 738 sed,
675 680 707 727 ut
720 671 801 730 recte
813 683 897 730 notat
907 672 939 729 S.
953 672 1079 729 Thomas
1087 672 1169 743 (Sap.

65 769 94 822 q.
107 756 244 823 81,a.4),
258 754 419 814 cessabunt
432 756 566 814 actiones
579 757 646 814 vitae
658 757 830 817 animalis³:
850 759 946 830 “quia
961 760 1131 824 comedere,
1143 771 1172 816 et

66 837 181 911 bibere,
204 851 233 900 et
254 841 394 911 dormire,
415 855 443 902 et
462 861 604 914 generare
623 844 662 901 ad
681 845 840 904 animalem
860 847 950 904 vitam
971 845 1168 917 pertinent.;.

66 923 137 984 ideo
150 925 182 984 in
195 927 409 988 resurreetione
422 929 492 986 talia
505 947 566 986 non
577 929 696 988 erunt''.
737 931 814 990 Haec
824 932 974 1002 omnibus,
987 931 1076 988 etiarn
1090 931 1172 987 dam-

66 1012 155 1081 natis,
168 1015 341 1072 communia
354 1026 439 1074 emnt
454 1037 462 1073 ε
481 1015 535 1074 sed
553 1033 648 1088 pauca
660 1016 700 1075 de
712 1018 832 1075 dotibus
851 1035 1010 1090 corporum
1030 1017 1172 1088 glorioso·

65 1114 132 1154 rum
142 1111 213 1157 sunt
222 1101 372 1160 addenda.
406 1103 616 1162 Communiter
627 1103 751 1160 docetur
763 1105 923 1162 Beatorum
933 1120 1059 1174 corpora
1068 1103 1103 1160 ed
1115 1113 1171 1159 sta·

65 1187 132 1242 turb
151 1187 350 1246 resurrectura
369 1189 431 1246 sore
451 1205 542 1261 quam
562 1188 700 1246 homines
721 1190 795 1246 virili
820 1200 907 1248 aetate
927 1189 1036 1247 babere
1056 1189 1171 1254 solent;

65 1274 138 1344 quia
158 1275 223 1332 talis
242 1286 313 1336 aetas
332 1289 377 1335 est
396 1278 535 1350 perteus,
552 1295 622 1336 cum
641 1295 749 1348 corpus
767 1277 950 1349 completam
969 1277 1170 1334 evolutionem

63 1360 126 1429 jam
147 1361 296 1434 attigerit;
317 1363 365 1420 illa
384 1381 510 1435 corpora
522 1373 649 1434 quatuor
662 1365 826 1436 praesertim
844 1363 968 1422 dotibus
986 1357 1170 1435 gaudebunt,

65 1447 181 1505 scilicet
193 1448 433 1520 inpossibilitate,
447 1450 615 1516 subtilitate,
631 1451 764 1520 agilitate
776 1463 805 1508 et
817 1451 958 1508 clarium.

100 1535 142 1598 89.
186 1535 449 1606 1⁰Impassibilitos
461 1536 596 1592 consistit
616 1553 677 1593 non
690 1537 785 1596 solum
800 1537 830 1593 in
844 1536 1028 1593 immunitate
1039 1555 1058 1591 a
1072 1543 1167 1606 morte,

66 1621 121 1678 sed
140 1621 231 1678 etiam
251 1622 281 1679 in
301 1623 485 1679 immunitate
496 1623 533 1680 ob
544 1623 738 1680 omnidolore.
780 1623 857 1696 Quae
871 1623 997 1694 qualitas
1017 1622 1062 1679 his
1075 1621 1171 1680 verbis

67 1705 228 1778 Scripturas
242 1708 438 1768 describitur:
456 1714 473 1738 “
482 1709 651 1767 Seminatur
665 1710 694 1766 in
708 1710 909 1782 corruptione,
918 1719 1018 1780 surget
1032 1709 1062 1766 in
1076 1709 1170 1766 incor-

66 1793 207 1864 ruptione
216 1793 268 1852 ''⁴:
289 1797 304 1824 ‘⁴
314 1794 473 1866 Absterget
487 1795 570 1853 Deus
583 1813 706 1854 omnem
723 1796 883 1867 lacrymam
896 1795 935 1852 ab
948 1796 1042 1853 oculis
1055 1813 1168 1865 eorum,

65 1889 95 1936 et
108 1896 191 1936 mors
205 1880 279 1938 ultra
292 1899 353 1939 non
364 1882 428 1948 erit,
440 1899 537 1954 neque
550 1882 657 1952 luctus,
671 1900 769 1953 neque
782 1884 901 1951 clamor,
913 1899 1011 1954 neque
1022 1881 1108 1939 dolor
1117 1882 1170 1940 erit

65 1965 144 2022 ultra
153 1964 195 2022 ''⁵.
229 1965 285 2023 Illa
298 1967 519 2039 impassibilitas
529 1968 639 2026 orietur
648 1984 684 2024 ex
697 1965 828 2039 perlecti
838 1965 1027 2036 subjectione
1039 1966 1170 2037 corporis

64 2051 176 2108 animae
187 2051 331 2122 rationali,
344 2053 371 2108 vi
384 2053 469 2124 cujus
481 2053 582 2111 anima
592 2052 828 2111 communicabit
840 2051 992 2124 propriam
1006 2051 1170 2125 impassibi-

66 2135 182 2194 litatem
195 2138 311 2210 corpori
326 2138 369 2208 (S.
385 2139 438 2196 Tt.
453 2157 518 2213 sup.
531 2158 559 2211 q.
571 2142 614 2210 82,
627 2159 653 2198 a.
670 2143 703 2208 1).

98 2235 144 2287 9ο.
184 2231 211 2279 2⁰
220 2222 376 2282 Subtilitos
389 2224 512 2284 facultas
525 2239 569 2288 est
583 2228 642 2299 quit
656 2227 817 2284 Beatotum
830 2243 939 2298 corpus
955 2233 1107 2297 penetrare
1119 2235 1171 2297 po-

65 2317 119 2367 test
126 2310 190 2368 altit
199 2319 329 2382 corporo,
339 2312 453 2384 absque
464 2313 508 2370 sui
519 2314 565 2370 vel
579 2313 705 2372 aliorum
718 2313 848 2370 laesione.
885 2310 961 2384 Quae
972 2312 1098 2383 qualitas
1109 2329 1169 2369 non

65 2397 143 2455 tollit
156 2397 376 2456 dimensionem
390 2417 442 2456 seu
456 2401 660 2457 extensionem
674 2418 691 2456 a
704 2399 834 2472 glorioso
847 2415 981 2471 corpore,
990 2398 1043 2456 sed
1057 2398 1096 2455 ita
1109 2416 1170 2455 sus-

64 2483 172 2554 pendit
191 2485 255 2554 ejus
273 2484 404 2556 effectus
423 2497 454 2543 ut
472 2485 529 2542 aliu
547 2503 673 2558 corpora
692 2497 846 2558 penetrare
865 2484 977 2557 possit;
1003 2485 1078 2543 sicut
1097 2504 1123 2542 v.
1138 2503 1166 2555 g.

64 2570 203 2629 Christus
222 2571 340 2630 intravit
359 2573 558 2644 coenaculum,
573 2574 672 2644 januis
692 2573 808 2632 clausis.
849 2572 942 2645 Quod
956 2572 985 2630 S.
1002 2573 1112 2630 Paulus
1124 2573 1169 2629 his

63 2657 162 2716 verbis
175 2658 305 2715 declarat
322 2680 328 2715 :
349 2662 365 2690 “
374 2659 542 2718 Seminatur
552 2677 660 2733 corpus
673 2660 812 2726 animale,
825 2670 925 2731 surget
938 2677 1046 2732 corpus
1056 2659 1169 2731 spirita·

63 2744 91 2802 le
99 2745 115 2770 ’'
124 2745 154 2811 ⁶;
173 2762 234 2802 non
248 2744 371 2816 quidem
385 2764 422 2804 eo
435 2764 524 2804 sensu
535 2746 618 2817 quod
632 2763 740 2817 corpus
753 2745 915 2816 gloriosum
926 2745 963 2800 sit
977 2744 1106 2815 spiritus,
1116 2746 1169 2803 sed

63 2847 101 2888 eo
113 2848 203 2888 sensu
217 2831 301 2903 quod
314 2832 548 2903 spiritualizetur,
559 2843 588 2890 et
602 2833 653 2890 fiat
666 2833 721 2890 sub
735 2832 837 2903 aliquo
850 2831 987 2902 respectu
1001 2831 1098 2889 simile
1111 2833 1168 2903 spi·

62 2917 141 2976 ritui.
182 2919 253 2975 Hoc
266 2929 366 2977 autem
380 2920 431 2977 fiet
444 2925 504 2977 “ex
518 2920 654 2978 dominio
666 2920 777 2975 animae
790 2918 971 2990 glorificatae,
982 2935 1049 2989 quae
1059 2928 1103 2975 est
1114 2919 1168 2974 lor-

63 3023 112 3063 ma
125 3006 258 3077 corporis
272 3024 361 3078 super
374 3008 481 3080 ipsum,
494 3007 608 3064 ratione
620 3007 706 3076 cuius
721 3022 829 3077 corpus
843 3003 1004 3074 glo'riosum
1016 3004 1169 3074 spirituale

62 3093 181 3158 dicitur,
192 3096 276 3163 quasi
290 3095 416 3152 omnino
430 3095 544 3166 spiritui
559 3093 727 3164 subjectum
738 3091 755 3117 ’'
768 3092 810 3160 (S.
826 3090 854 3145 T
850 3091 876 3145 lt.
887 3108 951 3162 sup.
962 3109 989 3161 q.
1000 3095 1043 3162 83,
1053 3109 1077 3146 a.
1093 3095 1125 3160 ι).

62 3296 159 3348 Revue
170 3297 217 3348 dos
231 3295 324 3365 Quest.
337 3298 473 3370 Scientiſs,
486 3300 561 3366 1898,
572 3315 599 3367 p.
610 3311 706 3366 379·t¹
711 3311 726 3363 3
730 3313 738 3364 ;
756 3297 921 3366 Atzbarger,
934 3295 989 3348 Die
1000 3294 1168 3350 christliche

62 3381 275 3450 Esclratologie,
294 3383 371 3452 1890,
388 3402 412 3453 p.
427 3398 545 3452 372·74;
564 3385 601 3438 E.
615 3384 783 3452 Martgenot,
801 3383 853 3434 Fin
874 3382 912 3436 du
933 3380 1044 3436 Monde
1060 3399 1105 3450 ap.
1122 3383 1169 3435 Vi·
1189 3434 1192 3442 ,

60 3483 197 3535 gouroux,
212 3467 287 3523 niet.
302 3471 338 3524 de
351 3471 378 3524 la
392 3471 482 3538 Bible,
493 3483 512 3524 t.
526 3471 566 3534 ll,
579 3487 605 3538 p.
617 3470 689 3538 2264
701 3486 743 3538 sq.

95 3549 147 3608 ²5.
162 3555 190 3606 Τ
185 3555 257 3607 hom.
272 3557 358 3625 Supp.
370 3573 397 3626 q.
412 3557 447 3610 80
456 3574 513 3625 sq.;
533 3558 565 3610 C.
577 3557 660 3611 Gent.
673 3557 691 3610 l.
706 3557 756 3624 IV,
770 3573 793 3610 c.
805 3555 839 3622 83
850 3573 904 3626 sq.;
923 3557 1045 3622 Lossius,
1055 3573 1098 3624 op.
1110 3555 1165 3617 cit,

60 3639 76 3693 l
93 3640 151 3703 111,
167 3658 191 3694 c.
206 3642 263 3708 3·8;
275 3643 459 3711 Jungmarm,
472 3661 496 3697 n
514 3657 565 3712 235
580 3660 634 3712 sq.;
653 3645 755 3707 Mirr'c,
770 3660 816 3711 op.
833 3644 879 3696 cit.
897 3660 921 3698 c.
940 3655 965 3710 5;
984 3643 1165 3704 Boudreour,

60 3743 107 3796 op.
125 3727 172 3780 cit.
188 3742 241 3796 5·7.

95 3810 137 3866 'I
144 3813 205 3868 Cor.
220 3816 284 3877 XV,
300 3829 341 3882 52.

95 3913 106 3946 ³
121 3900 214 3954 Nimis
227 3901 336 3955 curiose
356 3912 469 3956 nonest
489 3901 689 3971 inquirendum
703 3902 739 3956 de
752 3913 827 3956 statu
841 3913 869 3956 et
883 3901 1095 3970 operationibus
1108 3919 1167 3955 cor-

59 4001 161 4052 porum
170 3987 365 4054 gloriosorum,
373 4005 461 4057 quum
470 3988 524 4042 hbe
534 3988 571 4041 de
580 4005 611 4042 re
620 3999 734 4042 taceant
743 3988 887 4058 Scriptura
897 4000 924 4042 et
933 3988 1062 4041 Traditio
1075 4006 1081 4040 z
1101 4005 1168 4042 sane

59 4071 161 4125 melius
174 4083 217 4126 est
230 4084 357 4127 nostram
370 4074 451 4128 fateri
466 4074 655 4142 ignorantiam
668 4091 755 4144 quam
773 4075 859 4129 fidem
880 4086 1006 4130 nostram
1025 4075 1167 4129 rationali-

60 4171 167 4211 starum
181 4159 302 4212 irrisioni
316 4177 463 4230 exponere.

94 4240 925 4318 ⁴1c0r.xv‚42.-⁵Ap0c.xx1,4.-⁶rc0r.xu,44.
