2752 4648
261 122 328 173 ³82
708 123 848 175 CAPUT
866 124 909 171 11.

241 322 245 328 ·
263 303 393 380 fecerat,
405 306 609 387 proindeque
621 307 683 369 sub
694 308 817 389 duplici
830 308 939 389 specie
953 328 960 384 ;
986 305 1036 387 (b)
1049 304 1199 369 Christus
1215 299 1317 364 institu'

243 409 545 492 ⁴consecrationem
572 409 791 473 Eucharistiae
816 430 884 491 per,
899 411 1035 474 modum
1059 407 1233 489 sacn'ficii,·
1260 415 1305 483 atq

263 512 305 573 ad
328 511 525 574 sacrificium
543 511 808 576 Eucharisticum
834 513 1015 594 requiritur,
1032 533 1076 574 ex
1100 511 1183 572 inira
1201 508 1328 572 dicendi

262 613 440 694 praesentia
456 613 596 695 duplicis
613 616 743 696 speciei,
759 616 789 678 vi
810 614 903 696 cnjus
925 621 1179 695 repraesentarur
1194 609 1327 692 separati·

262 715 409 796 corporis
424 737 444 778 a
460 717 618 798 sanguine
631 739 639 794 ;
664 737 751 798 ergo.

260 854 266 861 ·
306 819 366 898 (B)
397 817 662 883 Controvertitur
696 829 809 882 autem
846 828 955 881 utrum
993 838 1059 880 una
1093 817 1221 899 species
1249 813 1336 874 valid

263 923 444 984 consecrari
471 923 575 1003 possit
600 922 671 984 sine
695 922 806 984 altera.
859 921 994 985 Certum
1016 929 1066 982 est
1088 918 1225 1000 quidem
1244 933 1326 978 conse

202 1103 204 1106 Ι
262 1023 443 1085 cretionem
469 1043 541 1086 esse
565 1024 719 1098 validam,
744 1025 881 1105 quando
905 1024 1059 1087 sacerdos
1082 1023 1222 1084 aiteram
1246 1037 1327 1081 conse

262 1147 352 1188 crare
383 1126 535 1202 intendit,
558 1129 711 1208 quamvis
742 1128 784 1190 de
814 1125 913 1202 ladio,
940 1135 1075 1208 propter
1099 1124 1245 1204 aliquem
1270 1118 1323 1183 del

262 1227 363 1304 uum,
374 1249 448 1291 eam
462 1248 528 1291 non
541 1231 803 1306 consecraverit;
829 1233 888 1293 sed
905 1231 1039 1311 quando
1055 1227 1211 1290 sacerdos
1223 1225 1315 1287 altera
1331 1250 1334 1273 ι

261 1351 454 1394 consecrare
470 1351 536 1394 non
554 1332 706 1408 intendit,
723 1353 774 1395 res
790 1333 892 1396 dubia
908 1341 979 1409 est;
1005 1330 1216 1394 communior
1231 1337 1344 1390 senten·

262 1434 309 1495 tia
324 1432 478 1506 affirmat,
494 1434 581 1514 quia,
598 1435 705 1516 posita
728 1436 913 1498 intentione
928 1454 1003 1496 vere
1023 1431 1240 1496 consecrandi
1260 1445 1343 1492 unam

261 1536 417 1617 speciem,
443 1555 509 1598 non
541 1538 671 1600 videtur
696 1559 755 1600 cur
784 1539 884 1602 verba
910 1559 931 1600 a
956 1538 1089 1602 Christo
1118 1535 1273 1598 instituta
1299 1549 1354 1602 suoi

261 1637 380 1702 effestu
398 1650 567 1720 carerent;
594 1643 652 1705 sed
669 1641 762 1722 Lugo
780 1638 881 1727 (disp.
898 1641 996 1712 XIX,
1012 1661 1042 1702 n.
1062 1635 1138 1723 104)
1158 1647 1270 1719 negat,
1284 1635 1345 1716 quia

261 1735 507 1804 sacramentum
534 1763 554 1804 a
581 1742 742 1806 sacrificio
768 1745 912 1825 separari
939 1764 1005 1806 non
1031 1752 1164 1825 potest;
1198 1741 1290 1821 atqui
1314 1726 1358 1798 ad'.

262 1843 457 1907 sacrificium
482 1846 657 1926 requiritur
679 1848 885 1910 consecratio
908 1847 1077 1927 utriusque
1099 1844 1246 1927 speciei;
1274 1861 1360 1922 ergo..

264 1945 438 2028 Quidquid
459 1948 512 2022 sit,
528 1949 561 2009 in
583 1949 679 2031 praxi
695 1950 849 2012 sacerdos
870 1968 1041 2030 nunquam
1063 1947 1237 2010 intendere
1253 1952 1362 2027 potest

264 2051 548 2112 consecrationem
565 2052 662 2114 unius
678 2052 798 2132 speciei
814 2052 885 2113 sine
900 2051 1012 2124 altere,
1027 2051 1128 2114 etiam
1145 2050 1187 2112 ad
1203 2049 1364 2120 viaticum]

263 2155 527 2217 ministrandum.
1364 2168 1365 2174 ¹

374 2309 454 2396 §ll
471 2326 520 2374 nu
542 2327 671 2376 ronna
693 2325 935 2375 sncnnrrunm
957 2325 1256 2375 uucrrnnrsrrw.

302 2447 353 2526 96.
401 2447 518 2510 Status
537 2445 738 2523 Quoesttbmlr.
791 2448 928 2531 Duplex
944 2457 995 2511 est
1010 2447 1142 2510 forma:
1169 2468 1238 2510 una
1262 2467 1354 2530 super

261 2570 393 2633 panem,
419 2549 525 2612 altera
548 2571 646 2632 super
672 2551 809 2613 calicem
838 2550 1094 2632 pronuntianda.
1146 2549 1287 2614 Certum
1313 2561 1357 2612 est

262 2652 361 2715 verba
388 2651 487 2714 “Hoc
511 2661 559 2714 est
587 2651 708 2733 Corpus
733 2653 858 2728 Meum,
885 2653 953 2715 Hic
981 2662 1028 2716 est
1056 2652 1153 2718 Colix
1178 2654 1359 2735 Sanguinis

265 2755 373 2830 Mat
396 2754 560 2837 pertinere
576 2754 618 2816 ad
637 2755 815 2817 essentiam
838 2756 1106 2830 consecrationis,
1121 2753 1179 2817 sed
1203 2757 1359 2836 quaeritur

261 2869 371 2920 utrum
388 2858 454 2920 sint
470 2857 674 2920 sufficientia.

260 2960 311 3038 (a)
326 2960 432 3039 Juxta
447 2959 573 3022 Groecos
587 2959 814 3044 schismaticos,
827 2969 948 3040 praeter
963 2959 1018 3022 illa
1034 2959 1135 3021 verba
1150 2961 1361 3040 requiruntur

261 3060 326 3123 illae
349 3080 462 3142 preces
486 3061 606 3142 quibus
630 3061 819 3142 postulatur
842 3071 878 3123 ut
901 3063 997 3143 panis
1013 3070 1226 3125 convertatur
1243 3063 1278 3124 in
1296 3083 1361 3124 cor-

261 3183 333 3245 pus,
347 3164 460 3224 vinum
483 3163 515 3224 in
538 3164 733 3244 sanguinem
753 3163 899 3241 Christi;
924 3185 999 3246 quae
1021 3184 1134 3246 preces
1155 3165 1187 3227 in
1211 3164 1363 3248 Liturgia

262 3267 416 3328 Romana
437 3265 639 3346 praecedunt,
662 3266 693 3327 in
717 3264 835 3328 Graecs
860 3276 971 3329 autem
994 3267 1242 3347 subsequuntur
1263 3269 1362 3332 verba

261 3367 520 3432 consecrationis
530 3379 551 3428 ².
580 3365 705 3429 Graecis
716 3379 925 3432 accesserant
938 3370 1074 3450 quidam
1088 3369 1235 3452 theologi
1248 3371 1362 3434 catho-

261 3471 313 3534 lici
331 3471 468 3551 antiqui,
484 3480 520 3532 ut
539 3467 763 3544 Calliarimcs,¹
790 3473 847 3534 sed
873 3470 928 3532 illa
949 3473 1064 3552 opinio
1084 3473 1263 3555 reprobata
1279 3484 1330 3537 est
1346 3495 1364 3534 a

260 3576 324 3637 Pio
345 3573 419 3650 Vll,
436 3576 455 3636 8
472 3572 550 3636 maii
571 3573 660 3647 1822,
678 3573 779 3652 infra,
796 3594 826 3636 n.
843 3577 894 3653 98.

296 3769 346 3821 rS.
366 3768 462 3820 Thone.
485 3781 547 3837 3p.
568 3783 595 3836 q.
618 3767 672 3836 785
699 3771 817 3834 Suarer,
831 3769 902 3837 disp.
920 3769 1021 3839 58·60;
1049 3769 1252 3836 Bellarminus,
1273 3771 1291 3824 l.
1317 3771 1363 3834 ll',

260 3869 284 3906 c.
300 3865 389 3921 12·15;
409 3855 499 3924 Largo,
509 3853 582 3924 disp.
595 3855 654 3918 ΧΙ;
676 3854 814 3917 Billuart,
825 3855 893 3910 diss.
907 3857 931 3908 V
936 3876 943 3920 ς
962 3859 995 3908 dc
1004 3855 1188 3927 Augemmi,
1202 3876 1229 3929 p.
1244 3859 1284 3924 11,
1297 3877 1322 3912 a.
1336 3873 1362 3922 4:

261 3941 377 4002 Corblet,
393 3942 409 3994 l.
428 3942 467 3994 Vl
485 3961 491 4004 ;
520 3943 550 3996 S.
566 3941 741 4010 Alpkonsus,
759 3944 776 3996 l.
793 3943 845 4006 Vl,
867 3961 894 3996 n.
917 3957 969 3998 220
987 3961 1053 4014 sq.;
1081 3947 1223 4016 Kom’ngs,
1239 3963 1266 4001 n.
1287 3945 1362 4010 ¹28⁴:

259 4026 374 4093 Lehmk,
391 4043 417 4081 n.
435 4040 484 4091 127
498 4045 540 4096 sq.

294 4109 363 4164 ²De
382 4111 542 4180 hujusmodi
563 4113 689 4168 oratione
702 4130 766 4183 quae
785 4113 926 4180 ἐπικλησις
940 4127 1056 4171 vocatur
1069 4118 1133 4172 vide
1148 4119 1266 4184 Corblet,
1280 4119 1297 4172 l.
1313 4117 1358 4172 cit.

263 4217 289 4270 p.
304 4212 363 4263 270.
