2738 4646
244 172 309 222 278
434 173 683 226 'canemus
701 174 757 224 DE
775 165 1145 225 communionis.

244 373 347 416 nuum
370 354 520 430 conferri,
537 375 580 416 ex
603 355 707 418 altera
722 354 846 417 Deerat.
863 355 912 416 ad
922 356 952 416 A
958 376 1083 417 rmenos
1099 364 1212 435 aperte
1231 352 1329 415 dicit:

245 455 465 519 “Secundum
479 467 724 520 sacramentum
737 468 788 520 est
799 457 1025 532 Confirmatio,
1036 457 1130 538 cujus
1143 454 1278 518 materia
1289 465 1330 514 est

245 557 388 620 chrisma
399 557 587 622 consectum
598 581 642 621 cx
653 561 750 622 ole0’'
760 581 767 636 ;
784 579 863 639 ergo
874 569 1014 641 utraque
1025 559 1164 622 materia
1174 567 1223 620 est
1231 575 1330 619 essen-

245 661 342 724 tialis.
389 661 562 744 Quidquid
586 665 637 740 sit,
654 665 773 726 merito
796 684 872 726 cum
894 661 1052 724 Benediu.
1069 660 1170 724 XIV
1188 659 1260 738 (Ex
1281 679 1332 739 quo

239 763 409 845 primum)
425 765 622 828 concludere
639 765 714 829 licet
733 791 739 829 :
763 765 892 848 “Quod
914 767 1025 848 itaque
1040 775 1139 827 extra
1155 772 1332 827 controver-

247 867 329 928 siam
343 877 402 943 est,
413 868 476 931 hoc
489 869 619 932 dicatur
634 890 641 930 :
662 869 819 932 nimirum
835 870 866 930 in
882 868 1032 931 Ecclesia
1045 867 1148 929 latina
1163 864 1332 930 Confirma-

246 969 346 1031 tionis
369 981 613 1034 sacramentum
631 971 772 1034 conferri
789 970 941 1034 adhibito
964 990 1059 1032 sacro
1074 968 1251 1031 chrismate
1274 968 1333 1028 sive

246 1071 321 1133 oleo
333 1071 494 1135 olivarum
509 1072 659 1135 balsamo
671 1074 868 1148 commixto,
880 1071 1048 1155 ductoque
1060 1073 1158 1152 signo
1171 1072 1272 1134 crucis
1285 1089 1335 1150 per

246 1175 444 1237 sacramenti
459 1176 645 1238 ministrum
660 1177 692 1237 in
707 1175 816 1238 srontc
827 1176 1046 1257 suscipientis
1056 1176 1137 1237 dum
1151 1175 1238 1236 idem
1249 1171 1333 1234 mini·

246 1285 314 1338 ster
337 1276 452 1339 sormae
475 1277 577 1340 verba
600 1279 798 1359 pronunciat
808 1279 833 1341 ”.
881 1279 970 1341 Hinc
990 1286 1117 1340 certum
1135 1277 1264 1339 videtur
1279 1274 1334 1354 pri·

248 1399 336 1440 mam
366 1399 524 1441 manuum
554 1380 801 1462 impositionem
827 1381 869 1443 ad
893 1380 1102 1443 validitatem
1126 1398 1193 1440 non
1219 1375 1335 1458 requiri,

247 1502 324 1544 nam
347 1502 367 1543 a
383 1482 508 1545 Graecis
533 1503 598 1546 non
624 1483 810 1558 adhibetur,
826 1484 883 1564 qui
900 1495 1009 1546 tamen
1027 1481 1137 1544 valide
1161 1499 1335 1543 sacramen·

248 1593 319 1646 tum
342 1585 588 1660 administrant,
609 1585 709 1666 juxta
734 1585 813 1649 illud
831 1586 947 1648 Bened.
964 1585 1025 1647 XI
1033 1585 1062 1648 V
1074 1583 1178 1647 verba
1201 1585 1233 1665 (l.
1251 1581 1336 1660 cit.):

248 1686 412 1748 “Nemini
441 1685 489 1748 las
517 1697 567 1749 est
596 1707 739 1749 asserere
766 1689 798 1748 in
829 1688 979 1750 Ecclesia
1002 1693 1110 1770 graect
1136 1708 1202 1749 non
1230 1688 1336 1748 adesse

249 1789 698 1868 sacram.Confirmationis”;
715 1775 849 1854 aliunde
860 1792 1032 1874 proposito
1042 1790 1143 1853 dubio
1153 1811 1207 1864 an,
1216 1799 1335 1872 praeter-

249 1891 349 1952 missd
366 1892 471 1971 prima
488 1911 647 1955 manuum
666 1893 887 1972 impositione,
903 1896 1120 1976 repetendum
1138 1903 1225 1955 esset
1240 1910 1335 1953 sacra·

249 1986 397 2040 mentum
415 1978 478 2040 sub
492 1979 693 2055 conditione,
712 1979 746 2040 S.
766 1977 798 2042 C.
817 1979 855 2042 P.
872 1981 909 2043 F.
925 1981 946 2042 6
963 1979 1050 2060 Aug.
1072 1983 1154 2057 1840
1178 1977 1335 2061 respondit

251 2099 316 2141 non
329 2098 402 2141 esse
417 2081 634 2161 repetendum
648 2081 699 2143 vel
713 2081 775 2144 sub
787 2083 978 2145 conditione
993 2082 1209 2161 (collectanea,
1220 2103 1248 2143 n.
1257 2083 1300 2143 66
1303 2079 1335 2158 3)
1357 2149 1358 2160 ,

291 2191 320 2260 7.
368 2195 403 2244 20
418 2182 552 2262 Reguloe
562 2184 717 2264 prodiicoe.
766 2186 832 2249 Hic
854 2186 1086 2267 subjungimus
1111 2187 1241 2268 regulas
1256 2203 1335 2247 com·

249 2285 391 2347 munirer
407 2305 426 2346 a
442 2284 607 2367 theologis
624 2288 772 2366 traditas,
788 2310 862 2371 quae
879 2290 1084 2353 adamussim
1107 2291 1139 2352 in
1163 2291 1257 2372 praxi
1280 2307 1336 2350 ser·

249 2388 1139 2470 vandaesunt,quidquidspeculativedeeisccnseatur:
1156 2413 1233 2455 nam
1244 2409 1335 2472 quan·

250 2495 294 2555 do
307 2495 414 2574 agitur
426 2495 468 2555 de
479 2495 654 2557 validitate
666 2495 875 2569 sacramenti,
886 2495 990 2556 tutior
1002 2514 1078 2575 pars
1091 2504 1143 2556 est
1155 2493 1311 2574 eligenda

292 2599 321 2662 8
369 2596 427 2676 (A)
445 2597 587 2660 Materia
611 2608 731 2660 remora
754 2596 854 2660 debet
878 2617 952 2659 esse
975 2596 1026 2678 (a)
1049 2597 1152 2659 olerum
1175 2597 1334 2664 olivarum,

251 2719 316 2762 non
341 2709 451 2762 autem
475 2700 669 2781 petroleum,
685 2711 743 2763 aut
759 2700 869 2762 oleum
887 2719 930 2760 ex
948 2698 1013 2761 alit
1029 2700 1169 2761 materia
1186 2718 1284 2779 quam
1300 2715 1334 2758 ex

251 2803 344 2864 olivis
355 2823 549 2884 expressum
561 2824 567 2879 ;
585 2823 661 2866 nam
670 2804 781 2867 oleum
793 2802 987 2884 simpliciter
996 2810 1046 2863 est
1057 2801 1168 2863 oleum
1180 2801 1225 2862 eri
1236 2801 1334 2869 olivis;

251 2925 309 2986 per
322 2904 401 2967 illud
418 2903 622 2985 significatur
635 2915 705 2967 tum
720 2906 819 2968 robur
829 2905 860 2966 in
878 2905 941 2966 hoc
954 2916 1164 2967 sacramento
1181 2905 1334 2968 collatum.

251 3009 328 3088 quia
340 3009 414 3069 oleo
427 3007 560 3069 athletae
573 3007 652 3069 olim
667 3007 885 3089 ungebantur,
892 3016 964 3069 tum
976 3007 1170 3070 nitorbonae
1180 3007 1334 3068 conscien-

251 3107 315 3167 tiae.
360 3107 412 3186 (S.
435 3107 490 3170 Tu.
509 3125 526 3186 3
545 3129 573 3189 p.
591 3129 621 3188 q.
639 3124 689 3186 72,
705 3129 732 3170 a.
752 3109 793 3184 2).
838 3109 890 3188 (b)
908 3107 995 3170 lllud
1017 3107 1128 3170 oleum
1152 3107 1251 3172 debet
1271 3123 1334 3168 curu

251 3207 392 3269 balsamo
409 3209 546 3284 misceri,
557 3211 675 3273 saltem
692 3211 732 3272 ad
752 3210 939 3283 liceitatem,
950 3209 1009 3271 sed
1026 3210 1126 3272 etiam
1145 3208 1335 3290 probabilius

252 3313 294 3374 ad
318 3311 536 3386 validitatem,
561 3322 596 3374 ut
627 3312 673 3374 sic
704 3313 911 3392 exprimatur
935 3303 1041 3373 bonus
1069 3310 1153 3372 odor
1176 3311 1334 3373 virtutum.

252 3413 371 3496 quibus
394 3413 608 3476 confirmatus
631 3395 740 3476 orhari
764 3411 872 3476 debet.
918 3412 967 3492 (c)
990 3410 1143 3476 Chn'sma
1167 3412 1202 3490 (i.
1217 3431 1243 3473 e.
1259 3427 1334 3471 com·

253 3517 373 3580 mixtio
401 3517 464 3578 olei
493 3527 526 3579 et
554 3515 718 3596 balsami)
736 3513 836 3578 debet
867 3514 1007 3577 benedici
1034 3514 1078 3576 ab
1106 3515 1286 3595 Episcop0,
1309 3517 1335 3569 el

252 3621 383 3702 quidem
403 3619 536 3701 speciali
553 3616 813 3692 benedietio‘net
830 3619 871 3679 ad
889 3617 1079 3692 liceitatem,
1093 3617 1162 3678 imo
1178 3617 1221 3680 ad
1235 3613 1334 3678 validi·

253 3735 368 3796 tatem,
378 3722 476 3802 juxta
488 3722 749 3784 communiorem
763 3720 963 3782 sententiam
980 3739 987 3796 ;
1010 3726 1171 3793 attamen,
1184 3717 1332 3783 sacerdos,

252 3846 327 3889 cum
345 3825 476 3905 speciali
493 3824 702 3905 delegatione
721 3823 753 3887 S.
772 3821 950 3898 PontificiS,
963 3821 1044 3884 illud
1062 3821 1276 3902 probabiliter
1290 3819 1333 3879 be·

286 3999 294 4030 ¹
309 3999 380 4049 Sunt
398 4005 493 4047 tamen
512 3996 635 4063 theologi
655 3996 701 4065 qui
722 4005 822 4065 putant
835 3995 1034 4064 quodcumque
1047 3993 1141 4048 oleum
1154 3993 1193 4046 ab
1207 3993 1333 4061 Episcopo

251 4079 440 4146 benedittum,
446 4098 469 4133 v.
479 4098 504 4148 g.
514 4083 607 4134 oleum
616 4081 891 4148 catechumenorum,
900 4081 938 4134 ad
947 4080 1122 4134 validitatem
1131 4079 1269 4141 sufficere;
1280 4075 1333 4128 hinc

252 4170 279 4223 in
294 4165 410 4220 articulo
420 4168 517 4219 mortis
527 4167 676 4221 deficiente
689 4167 849 4234 chrismate,
858 4169 920 4221 haec
933 4168 1052 4222 materia
1065 4166 1258 4220 conditionate
1268 4159 1332 4218 adhi-

252 4251 313 4306 beri
327 4259 429 4318 posset.
468 4250 572 4317 (Pescla,
585 4267 610 4302 n.
627 4251 700 4318 509.)
