2794 4662
407 226 462 274 DE
482 224 774 275 MATRIMONIO.
1073 215 1139 267 62⁸1

79 411 110 480 7·
150 405 212 485 (Β)
226 393 384 468 θοέῖνίηα
399 406 552 470 Ecclesiae.
591 405 683 468 Ante
699 403 877 476 Christum,
890 397 1138 463 matrimonium

34 527 105 568 non
124 507 189 571 fuit
205 488 340 590 quide'm
354 520 598 572 sacramentum
616 509 731 590 gratiae
745 502 986 588 productivum,
999 500 1066 564 imo
1079 507 1141 562 nec

34 609 127 672 inter
145 620 353 674 sacramenta
369 612 488 674 veteris
507 613 606 692 Legis
623 608 871 682 recensebatur;
894 609 1140 668 sacramentum

34 723 155 774 tamen
173 724 326 776 vocatum
350 724 400 777 est
424 735 443 776 a
464 714 635 776 nonnullis
653 713 814 787 Patribus
830 712 887 773 sed
904 708 1018 771 latiori
1037 727 1141 778 sensu,

33 825 207 895 quatenus
220 826 290 879 erat
303 819 434 898 signum
452 818 498 880 rei
514 809 624 890 sac'rae,
635 816 788 880 videlicet
805 815 922 876 luturae
935 807 1140 892 conjunctio·

34 919 89 979 nis
103 917 276 982 Christum
294 919 378 982 inter
389 929 423 982 et
437 920 620 984 Ecclesiam
632 943 638 998 ;
662 939 749 994 nam,
757 918 856 998 juxta
870 917 1005 979 Patrum
1018 911 1140 977 doctri·

34 1040 127 1094 nam,
140 1020 251 1083 Adam
265 1041 384 1103 sopore
400 1034 570 1106 correptus
582 1037 591 1066 ¹
605 1023 773 1088 Christum
788 1023 819 1084 in
834 1041 931 1084 cruce
943 1016 1140 1082 morientem

34 1126 311 1205 repraesentabat‚
323 1127 395 1189 Eva
409 1126 593 1188 Ecclesiam
606 1147 650 1188 ex
664 1125 735 1207 ejus
746 1126 848 1190 latere
861 1131 1052 1185 manantem
1062 1141 1069 1196 ;
1079 1119 1145 1180 sic-'¹

34 1238 74 1290 ut
93 1227 251 1309 relinquit
267 1228 368 1292 homo
385 1239 512 1310 patrem
531 1240 564 1292 et
581 1239 721 1292 matrem
738 1238 772 1293 et
788 1227 936 1291 adhaeret
952 1224 1049 1288 uxori
1063 1242 1142 1296 sure,

34 1331 241 1393 itaVerbum
258 1332 509 1412 quodammodo
521 1332 652 1413 reliquit
666 1333 796 1394 Patrem
810 1339 847 1393 ut
860 1327 1017 1393 Ecclesiae
1030 1325 1141 1388 adhae-

33 1445 127 1496 reret
140 1457 147 1514 ;
160 1435 246 1498 sicut
258 1434 416 1516 conjuges
429 1437 496 1498 duo
509 1445 586 1498 sunt
600 1435 631 1496 in
646 1455 744 1497 carne
758 1453 832 1510 una,
844 1433 890 1495 sic
903 1431 1050 1494 Verbum
1064 1448 1141 1506 caro

33 1533 167 1598 sactum
180 1547 239 1610 est,
252 1537 297 1599 ita
310 1547 346 1600 ut
359 1557 402 1599 ex
415 1538 539 1600 unione
551 1537 622 1618 ejus
635 1557 711 1600 cum
724 1555 823 1599 carne
839 1536 935 1599 unica
947 1539 1141 1614 exsurgeret

34 1657 183 1719 persona
198 1661 204 1714 ;
228 1639 312 1702 sicut
328 1659 371 1701 ex
390 1639 525 1702 Adamo
541 1650 576 1701 et
592 1641 664 1701 Eva
682 1641 750 1703 nati
768 1649 843 1702 sunt
859 1638 1020 1711 homines,
1035 1635 1081 1697 ita
1096 1637 1140 1696 e'x

35 1739 175 1805 Christo
191 1751 224 1803 et
239 1737 387 1805 Ecclesia
403 1741 553 1824 quotidie
566 1751 747 1804 nascuntur
758 1740 945 1823 spirituales
959 1738 1023 1802 filii.
1048 1737 1141 1802 Chri-

33 1854 112 1906 stus
125 1853 236 1906 autem
251 1844 529 1908 matrimonialem
542 1841 749 1908 contractum
761 1841 873 1906 evexit
886 1845 927 1906 ad
941 1842 1140 1922 dignitatem

33 1947 240 2009 sacramenti
254 1949 387 2029 proprie
399 1946 490 2024 dicti,
502 1957 539 2010 ut
556 1948 658 2009 modo
674 1947 843 2029 probaturi
861 1945 983 2009 sumus'.

79 2081 108 2146 8.
156 2083 254 2142 Tlecn's
269 2104 279 2137 :
313 2082 583 2148 Matrimonium
610 2081 704 2146 inter
729 2080 955 2146 Christianos
980 2079 1141 2160 legitime

32 2178 270 2256 celebratum,
287 2185 344 2244 est
366 2179 506 2258 proprie
529 2179 666 2260 dictum
688 2184 966 2245 sacramentum.
1013 2179 1143 2260 Defide

30 2294 85 2345 est
96 2303 135 2346 ex
150 2283 179 2359 T
178 2283 290 2346 rident.
303 2309 313 2342 .·
336 2289 352 2314 “
365 2285 399 2347 Si
413 2285 486 2366 quis
499 2284 622 2347 dixerit
635 2284 886 2348 Matrimonium
899 2303 966 2345 non
981 2301 1053 2345 esse
1066 2301 1142 2344 vere

31 2395 71 2447 et
89 2386 220 2466 proprie
237 2404 339 2448 unum
357 2407 400 2448 ex
417 2396 546 2468 septem
561 2387 661 2468 Legis
678 2387 879 2468 evangelicae
892 2384 1108 2448 sacramentis
1121 2405 1141 2445 a

32 2490 174 2554 Christo
187 2490 335 2552 Domino
352 2490 618 2565 institutum,sed
637 2491 679 2554 ab
695 2489 886 2553 hominibus
904 2491 936 2552 in
955 2489 1139 2552 Ecclesiam

30 2589 215 2668 invectum,
233 2613 339 2673 neque
354 2596 495 2674 gratiam
514 2593 670 2669 conferre,
685 2593 725 2656 A.
740 2594 791 2658 S.”

77 2707 108 2771 9.
169 2708 201 2756 10
229 2694 401 2776 Scriptura
431 2716 497 2757 non
530 2695 687 2778 probatur
717 2695 862 2779 quidem,
894 2697 950 2758 sed
984 2695 1138 2758 innuitur.

29 2799 189 2863 Christus
207 2799 453 2861 matrimonium
472 2799 702 2881 cohonestavit
718 2799 894 2880 praesentiit
907 2801 965 2859 sua
979 2798 1020 2859 ad
1036 2797 1137 2861 Canae

30 2901 171 2984 nuptias
188 2902 361 2982 primoque
379 2901 538 2964 miraculo
560 2902 604 2964 ibi
626 2911 779 2982 patrato;
807 2900 886 2962 illud
904 2900 945 2961 ad
964 2899 1136 2979 pristinam

28 3006 235 3088 dignitatem
254 3006 405 3079 restituit,
422 3003 601 3085 perfectam
620 3004 745 3066 scilicet
761 3005 923 3064 unitatem
941 3022 978 3062 ac
996 3000 1137 3063 indisso·

28 3107 235 3171 lubilitatem
250 3128 257 3186 ;
291 3107 348 3168 sed
378 3107 510 3189 insuper
536 3107 578 3170 ad
607 3107 805 3187 dignitatem
831 3103 1029 3166 sacramenti
1055 3103 1135 3165 illud

27 3211 158 3284 evexit,
174 3219 211 3272 ut
234 3209 449 3292 probabiliter
473 3209 583 3290 inferri
607 3218 718 3292 potest
739 3228 783 3270 ex
803 3205 953 3271 doctrina
970 3205 1135 3288 Apostoli.

28 3317 63 3380 S.
85 3311 210 3375 Paulus
232 3314 274 3375 de
299 3314 421 3376 mutuis
444 3313 625 3394 conjugum
649 3309 765 3374 officiis
790 3306 905 3391 agens,
917 3320 954 3373 ut
977 3310 1135 3390 conjuges

26 3417 201 3482 efficacius
214 3417 254 3479 ad
269 3418 385 3484 eadem
400 3411 567 3498 implenda
580 3415 923 3496 inducat‚exemplum
934 3413 1030 3476 affert
1042 3415 1134 3476 unio·

26 3524 83 3585 nis
102 3519 225 3584 Christi
243 3540 318 3582 cum
337 3520 487 3583 Ecclesia
506 3543 512 3582 :
536 3525 552 3552 “
565 3512 722 3582 Mulieres
738 3519 815 3581 viris
832 3519 905 3580 suis·
915 3516 1055 3578 subditae
1072 3515 1135 3576 sint

25 3627 120 3688 sicut
134 3622 290 3685 Domino.
337 3623 505 3705 Quoniam
523 3624 573 3686 vir
588 3634 689 3707 caput
705 3633 755 3686 est
772 3621 926 3696 mulieris,
944 3621 1028 3682 sicut
1041 3618 1134 3682 Chri·

26 3741 105 3794 stus
122 3738 224 3808 caput
247 3737 297 3790 est
315 3727 474 3790 Ecclesiae
494 3753 499 3791 :
525 3729 594 3810 ipse
618 3729 763 3790 salvator
778 3726 923 3808 corporis
940 3725 1018 3806 ejus.
1052 3723 1133 3787 ·Sed

26 3835 120 3898 sicut
139 3830 288 3892 Ecclesia
304 3830 453 3912 subjecta
470 3842 520 3894 est
538 3831 680 3906 Christo,
693 3831 739 3892 ita
755 3839 788 3892 et
806 3828 957 3891 mulieres
974 3827 1051 3888 viris
1067 3825 1134 3888 suis

26 3940 64 4001 in
90 3933 253 3996 omnibus.
298 3935 379 4011 Viri,
395 3936 524 4018 diligite
541 3955 661 3998 uxores
678 3943 814 4010 vestras,
831 3929 916 3995 sicut
932 3941 965 3994 et
983 3927 1133 3994 Christus

27 4038 155 4106 dilexit
173 4037 368 4114 Ecclesiam,
384 4047 417 4102 et
434 4040 578 4121 seipsum
596 4039 734 4102 tradidit
749 4058 808 4119 pro
825 4041 872 4112 ea,
888 4046 925 4099 ut
946 4035 1037 4097 illam
1059 4055 1133 4097 sau-

29 4141 220 4210 ctificaret...
238 4151 274 4204 ut
290 4143 332 4204 sit
349 4141 464 4206 sancta
480 4153 513 4206 et
530 4142 750 4206 immaculata.
800 4141 851 4204 lta
874 4150 907 4203 et
928 4139 987 4202 viri
1011 4138 1135 4201 debent

70 4336 78 4368 ¹
95 4329 161 4383 Gen.
179 4329 217 4394 ll,
235 4328 319 4397 18-25.
