2808 4664
213 195 277 246 ⁷28
491 192 548 242 DE
564 191 647 242 DEO
666 191 823 242 numm
833 191 1037 241 ERATORE.

213 376 457 442 confutavimus
469 375 525 439 ubi
537 376 576 439 de
587 376 656 439 Deo
670 375 825 451 Creonte(
834 377 892 454 164
901 376 964 457 sq.)
980 375 1155 457 probando
1170 376 1316 456 gratiam

213 491 246 544 et
264 481 404 563 gloriam
423 480 548 562 aliquid
568 480 816 561 supernaturale
837 500 929 557 esse;
956 481 1007 560 (b)
1030 479 1208 542 Palamr'toe
1227 480 1316 560 apud

214 582 348 646 Graecos
371 583 409 664 (s
427 582 538 658 XIV),
560 582 617 662 qui
641 591 797 646 econtra
820 595 997 647 tenuerunt
1022 583 1133 646 Deum
1161 605 1181 646 a
1206 585 1317 646 Beatis

214 706 279 751 non
304 686 455 750 intuitive
479 684 589 762 videri,
613 686 671 748 sed
694 687 802 750 solum
830 687 1024 752 obstrallivr
1048 688 1098 768 (c)
1115 687 1319 772 Jovinianns

214 790 252 871 (s.
270 790 335 871 IV)
351 790 407 871 qui
424 791 554 872 putavit
569 792 683 854 omnia
699 803 837 874 peccata
853 804 888 857 et
903 795 1029 868 merita,
1045 814 1084 855 ac
1106 793 1247 874 proinde
1269 813 1317 855 re·

214 893 427 983 tributionem
445 894 476 956 in
494 895 580 956 coelo
596 896 687 976 paria
703 915 792 974 esse;
815 897 903 978 quod
922 897 1009 960 idem
1027 897 1133 961 tenuit
1145 897 1318 972 Lutlzerus,

214 1019 258 1060 ex
275 1001 334 1061 sua
351 998 477 1061 theoria
493 998 535 1060 de
548 998 795 1080 justificatione,
811 1021 896 1083 quae,
909 1001 1009 1082 juxta
1031 1002 1150 1083 ipsum,
1166 1002 1318 1064 consistit

216 1103 246 1164 in
260 1103 477 1185 imputatione
491 1105 682 1167 meritorum
695 1103 827 1182 Christi,
837 1116 871 1168 et
887 1106 919 1168 in
935 1105 1088 1167 omnibus
1105 1115 1156 1167 est
1172 1104 1317 1186 aequalis

255 1247 303 1315 57.
352 1239 448 1297 Thesis
462 1264 473 1297 .·
494 1237 591 1314 Justi
613 1237 648 1300 in
670 1239 760 1303 coelo
776 1239 893 1302 Deum
915 1238 1078 1302 intuitive
1093 1238 1227 1317 vident,
1245 1257 1316 1303 non

215 1342 336 1400 tamen
352 1351 478 1399 omnes
493 1336 621 1414 aequali
636 1338 762 1417 gradu.
809 1339 960 1420 Utraque
981 1358 1057 1419 pars
1079 1340 1318 1420 propositionis

215 1441 253 1502 de
259 1440 330 1523 fide
344 1450 394 1503 est
411 1451 527 1522 utpote
543 1440 681 1504 definita
697 1463 716 1504 a
733 1444 768 1507 C.
785 1443 971 1505 Florentino
987 1463 1085 1524 supra
1103 1443 1217 1506 citato.

259 1555 307 1636 58.
354 1555 449 1618 Prob.
467 1569 502 1617 1⁶
518 1557 613 1618 Pars.
660 1557 709 1637 (a)
727 1557 761 1619 S.
780 1557 907 1620 Paulus
925 1577 993 1619 rem
1014 1567 1128 1638 aperte
1148 1558 1321 1622 declarat¹

217 1659 407 1721 “Videmus
432 1678 519 1720 nunc
542 1679 600 1740 per
626 1659 796 1740 speculum
821 1661 853 1740 (i.
878 1681 903 1722 e.
928 1660 1029 1722 modo
1056 1657 1262 1722 abstrattivo
1288 1673 1321 1723 et

218 1761 441 1825 mediantibus
464 1762 648 1842 creaturis),
672 1763 703 1824 in
730 1763 902 1844 oenrgmate
927 1763 959 1843 (i.
984 1784 1009 1824 e.
1037 1783 1104 1824 non
1128 1763 1228 1838 clare,
1254 1785 1320 1826 nou

217 1863 394 1946 distinete),
411 1875 488 1928 tunc
513 1875 623 1928 autem
635 1865 725 1945 facie
746 1867 933 1947 adfaciem.
980 1865 1077 1928 Nunc
1093 1887 1263 1948 cognosco
1278 1889 1321 1929 ex

217 1978 319 2053 parte,
336 1979 415 2032 tunc
439 1978 550 2031 autem
574 1989 774 2049 cognoscam
799 1970 883 2032 sicut
907 1980 940 2034 et
963 1971 1117 2052 cognitus
1140 1992 1214 2034 sum
1228 1973 1244 1996 ”
1262 1973 1280 2034 i.
1297 1995 1324 2034 e.

218 2075 302 2138 sicut
327 2074 417 2135 Deus
442 2073 604 2153 meipsum
629 2074 821 2154 cognoscit:
846 2072 996 2154 jamvero
1021 2075 1113 2137 Deus
1140 2095 1201 2137 nos
1232 2077 1324 2137 videt

217 2174 349 2251 dirette,
365 2177 577 2251 immediate;
601 2188 734 2256 ergoet
756 2197 816 2238 nos
838 2197 913 2238 eum
936 2175 1060 2240 dire&
1083 2196 1142 2240 seu
1168 2178 1324 2240 intuitive

218 2281 410 2345 videbimus.
456 2279 508 2361 (b)
533 2281 625 2343 Idem
650 2299 669 2341 a
694 2279 728 2342 S.
749 2279 878 2352 Joanne
900 2281 1082 2342 docetur²z
1107 2279 1272 2344 “Similes
1294 2283 1323 2343 ei

218 2387 348 2460 erimus,
368 2385 526 2464 quoniam
549 2383 734 2446 videbimus
757 2403 832 2444 eum
857 2382 953 2445 sicuti
978 2385 1063 2445 est'’.
1121 2385 1246 2447 Sensus
1273 2395 1324 2447 est

219 2488 363 2552 enimin
388 2487 473 2549 coelo
496 2497 639 2550 nostrum
668 2486 889 2567 cognoscendi
918 2488 1053 2548 modum
1081 2485 1223 2549 similem
1253 2487 1324 2549 fore

221 2594 322 2656 modo
338 2612 403 2673 quo
421 2592 511 2653 Deus
527 2591 672 2672 seipsum
689 2591 859 2671 cognoscit
875 2600 908 2651 et
925 2589 970 2652 ita
987 2610 1046 2651 nos
1060 2591 1171 2652 Deum
1185 2591 1325 2664 visuroS,

219 2697 314 2760 sicuti
331 2705 390 2770 est,
405 2703 438 2756 et
454 2696 537 2756 sicut
553 2695 697 2777 seipsum
714 2694 811 2768 videt,
829 2694 845 2754 i.
862 2714 888 2755 e.
905 2691 1037 2768 diretta,
1055 2693 1256 2755 immediate.

262 2823 308 2890 59.
349 2807 607 2871 Proaxpars.
649 2807 862 2888 Inaequalitas
878 2816 990 2869 autem
1007 2807 1142 2869 visionis
1160 2806 1325 2869 beatificae

220 2926 253 2979 et
269 2915 381 2997 gloriae
398 2921 529 2975 constat
546 2912 667 2993 pariter
682 2931 725 2972 ex
742 2909 937 2972 definitione
947 2911 1016 2990 jam
1033 2910 1143 2974 allata.
1185 2911 1327 2992 insuper

221 3021 271 3102 (a)
289 3020 323 3083 S.
340 3017 468 3081 Paulus
483 3017 525 3079 de
541 3025 630 3078 statu
644 3013 807 3094 justorum
833 3022 908 3095 post
929 3009 1198 3075 resurredlionem
1221 3014 1326 3075 disse-

220 3145 303 3200 rens,
318 3123 365 3186 ait
376 3134 408 3184 ³:
425 3121 531 3182 “Alia
546 3120 678 3182 claritas
695 3118 781 3192 solis
797 3117 862 3180 alia
883 3117 1014 3179 claritas
1030 3117 1210 3190 stellarum,
1227 3115 1326 3179 stella

220 3229 308 3291 enim
321 3247 340 3288 a
352 3225 447 3288 stella
459 3223 609 3287 claritate
625 3221 735 3284 diflert
749 3243 754 3283 :
771 3222 860 3284 sicet
874 3219 1067 3284 resurreetio
1080 3230 1288 3284 mortuorum
1300 3221 1325 3282 ’'.

222 3331 306 3414 Quae
322 3330 456 3411 quidem
474 3325 573 3390 verba
589 3323 713 3389 diredte
729 3325 945 3405 intelligenda
964 3334 1042 3387 sunt
1065 3325 1107 3385 de
1131 3322 1236 3404 gloria
1253 3345 1329 3386 cor-

221 3433 317 3518 poriS,
333 3429 492 3495 indiscere
508 3442 619 3493 autem
637 3429 679 3490 de
699 3429 803 3510 gloria
819 3430 949 3505 animae,
965 3429 1043 3509 quia
1064 3428 1153 3509 prior
1172 3449 1191 3489 a
1213 3441 1327 3508 postc-

221 3541 304 3602 riore
321 3539 451 3621 pendet.
498 3537 548 3616 (b)
560 3535 634 3616 Jam
654 3534 803 3597 Christus
820 3533 994 3596 dixerat⁴:
1017 3537 1033 3566 “
1048 3533 1086 3596 In
1101 3532 1203 3594 domo
1219 3533 1328 3594 Patris

223 3644 285 3704 mei
311 3642 500 3703 mansiones
525 3638 638 3699 multa
666 3648 742 3699 sunt
755 3637 793 3712 '';
817 3637 965 3718 jamvero
989 3637 1186 3717 “quomodo
1211 3636 1329 3698 multa·

223 3745 411 3806 mansiones
428 3743 516 3822 apud
536 3743 676 3814 Patrem,
693 3741 719 3801 si
740 3762 805 3802 non
826 3761 885 3821 pro
903 3742 1062 3802 varietate
1080 3741 1274 3802 meritorum
1289 3743 1300 3803 ,²
1313 3741 1328 3762 ’'

222 3847 267 3906 ait
292 3845 321 3906 Τ
319 3845 543 3906 ertnllz'auus¹.
594 3843 641 3923 (c)
658 3843 809 3904 Tandem
836 3843 1006 3924 Scriptura
1029 3845 1200 3906 multoties
1219 3842 1330 3906 decla-

223 3959 272 4008 rat
290 3949 397 4007 Deum
416 3947 591 4026 unicuique
608 3947 812 4008 redditurum
831 3968 902 4008 esse
919 3949 1100 4009 secundum
1118 3967 1221 4029 opera
1237 3947 1330 4027 ejus:

223 4048 385 4109 “Reddet
410 4041 585 4128 unicuique
616 4051 798 4111 secundum
822 4070 923 4130 opera
953 4049 1049 4130 ejus;
1087 4049 1330 4130 Unusquisque

229 4184 247 4188 ..
257 4181 708 4188 ——--.--—..—.-—-———
733 4183 775 4188 —-.
1007 4181 1299 4190 -.-,.-......-.-
1305 4181 1317 4185 -

262 4241 372 4292 ιΙίόν.
389 4243 473 4306 ΧΙΙΙ,
491 4257 529 4294 12.
548 4273 579 4280 —-
592 4249 602 4270 ²
615 4245 703 4310 Isou.
723 4246 777 4312 111,
792 4261 813 4298 2.
831 4276 865 4283 —
878 4243 888 4275 ³
902 4247 918 4299 l
931 4247 990 4299 Cur.
1008 4245 1069 4308 XV,
1085 4261 1127 4310 rr.

259 4323 339 4390 ‘seua
357 4323 468 4390 N1V‚2.
483 4355 516 4364 -
530 4329 538 4362 ³
553 4331 655 4397 Scorp,
669 4331 694 4383 6.
