2770 4652
320 177 376 226 DE
395 176 636 228 sncninlcio
655 175 806 223 MtsSAE.

24 357 153 438 amplius
169 377 235 420 non
252 359 385 431 existat,
398 359 509 438 sicque
526 357 619 438 pejor
630 366 718 418 esset
731 355 992 420 Christianorum
1009 373 1108 434 quam

22 459 201 538 Judaeorum
237 460 462 524 Gentiliumve
495 460 651 522 conditio.
684 459 802 539 Neque
836 458 944 520 dicere
978 465 1110 536 oportet

23 561 202 626 sacrificium
230 565 335 626 crucis
359 563 460 626 semel
485 563 643 636 oblatum,
666 573 803 643 propter
824 559 989 622 infinitum
1013 578 1108 620 suum

23 665 165 740 valorem,
189 666 288 747 plane
310 666 455 729 sufficere
468 687 476 743 ;
500 667 584 728 sicut
607 667 706 740 enim,
729 661 862 746 peracta
885 663 1111 743 redemptione

24 787 77 844 per
96 767 287 830 sacrificium
312 770 425 844 crucis,
445 769 645 830 conveniens
669 767 730 829 luit
753 775 961 828 sacramenta
985 765 1109 826 institui

24 869 130 948 quibus
147 866 269 932 studius
286 871 448 951 passionis
461 871 637 952 unicuique
650 869 902 951 applicarentur,
913 869 958 930 ita
974 868 1111 929 omnino

24 971 151 1035 decebat
174 983 209 1034 ut
234 992 378 1054 perenne
401 972 596 1035 sacrificium
621 974 855 1046 institueretur,
873 990 940 1052 quo
963 968 1109 1031 sacrificii

24 1074 117 1133 crucis
132 1071 269 1136 effeetus
286 1083 446 1154 perpetuo
462 1087 703 1137 renovarentur.

25 1189 34 1262 (
36 1187 69 1264 b)
83 1187 216 1270 lnsuper
232 1190 264 1251 in
280 1189 383 1250 Missa
399 1190 540 1270 reperire
556 1189 631 1251 licet
647 1209 763 1251 omnes
779 1186 986 1250 conditiones
1002 1187 1043 1248 ad
1062 1207 1111 1247 sa·

26 1285 169 1350 criticium
186 1290 317 1370 proprie
332 1286 459 1351 dictum
479 1288 662 1369 requisitas
678 1309 741 1350 sc:
764 1287 951 1350 oblationem
971 1286 1021 1348 rei
1038 1306 1111 1346 sen-

26 1389 125 1464 sibilis,
136 1391 215 1453 dum
234 1412 352 1473 corpus
368 1401 401 1453 et
417 1393 553 1472 sanguis
566 1391 687 1454 Christi
704 1390 766 1452 sub
782 1390 952 1471 speciebus
968 1391 1063 1471 panis
1079 1403 1113 1452 et

27 1491 83 1550 vini
100 1492 301 1570 offeruntur3
324 1493 582 1555 immutationem
598 1493 744 1566 uictima,
757 1513 868 1575 quum,
881 1495 912 1556 vi
928 1494 1112 1567 verborum,

26 1613 132 1674 corpus
153 1616 172 1657 a
193 1597 355 1676 sanguine
379 1608 558 1677 separetur,
572 1607 606 1658 et
629 1596 818 1659 humanitas
836 1595 956 1660 Christi
974 1597 1006 1659 in
1023 1607 1111 1659 statu

27 1693 176 1759 humiliori
203 1708 354 1778 ponatur,
378 1709 415 1760 ut
439 1697 522 1760 infra
548 1701 762 1779 ostendetur;
797 1699 985 1761 ministrnm
1009 1699 1112 1780 lagiti-

28 1817 113 1874 nnnu,
135 1820 237 1881 quum
262 1801 352 1862 solus
375 1803 529 1864 sacerdos
553 1801 739 1881 specialiter
760 1812 970 1864 consecratus
997 1802 1114 1864 offerre

27 1900 143 1978 saleat;
174 1903 372 1982 agnitionem
393 1902 539 1983 supremi
561 1903 627 1964 Dei
647 1903 793 1978 dominii,
816 1904 895 1984 quia
918 1923 975 1984 per
996 1905 1113 1967 immo-

28 2001 171 2066 lationem
189 2005 310 2068 Christi
328 2003 564 2086 perfectissime
582 2005 675 2067 Deus
691 2006 881 2085 agnoscitur
896 2016 932 2068 ut
950 2008 1065 2068 mortis
1081 2017 1113 2068 et

28 2104 92 2165 vitre
116 2106 289 2182 Dominus,
312 2108 364 2168 cui
388 2107 496 2168 omnis
519 2107 680 2169 honoret
704 2108 808 2187 gloria
830 2108 977 2171 debetur.
1023 2109 1114 2190 Ergo

29 2203 120 2268 llissa
133 2218 184 2270 est
200 2207 395 2270 sacrificium
413 2209 544 2290 proprie
559 2206 693 2272 dictum.

57 2341 106 2392 ror.
129 2337 217 2410 Objr'c.
233 2339 427 2396 Protestantes
437 2363 447 2395 .·
466 2341 514 2410 (Α)
529 2340 573 2396 Εκ
587 2341 615 2397 S.
634 2341 725 2398 Paulo
738 2341 822 2410 (Hel.
839 2341 913 2408 v11,
928 2359 942 2398 2
946 2347 1029 2412 3·25)‚
1037 2361 1114 2400 unus

29 2435 63 2476 ert
74 2433 184 2482 tantum
195 2427 341 2496 sacerdos,
354 2426 503 2496 Christus3
516 2427 598 2498 atqui
609 2426 659 2485 ubi
671 2439 715 2484 est
724 2445 800 2484 unus
809 2428 956 2496 sacerdos,
969 2428 1009 2486 ibi
1021 2446 1114 2486 unum

29 2520 62 2562 est
73 2511 256 2578 sucrificium,
269 2531 308 2569 sc.
323 2513 497 2569 sacrificium
511 2515 614 2570 crucis

56 2607 133 2678 Resp.
171 2610 332 2682 Distt'nguo
350 2611 510 2682 sumansu,-
532 2630 608 2670 unus
630 2611 768 2669 sacerdos
783 2612 967 2684 principalis,
987 2617 1115 2681 conceda,-

30 2706 91 2750 unus
115 2696 252 2754 sacerdos
276 2697 470 2763 secrtndarius,
497 2717 574 2769 nega.
615 2699 679 2755 Etsi
704 2700 783 2756 enim
811 2699 947 2758 Christus
973 2701 1009 2757 sit
1034 2703 1115 2760 solus

30 2795 168 2848 supremus
187 2783 335 2852 sacerdos
352 2793 462 2850 tarisen,
478 2802 571 2856 quum
591 2785 743 2843 visibiliter
762 2803 821 2842 non
842 2797 961 2844 maneat
980 2789 1009 2843 in
1029 2791 1113 2852 terrd,

30 2859 164 2926 instituere
183 2869 275 2925 voluit
295 2872 465 2928 sacerdotes
484 2873 684 2940 secundarios,
697 2873 749 2944 qui
763 2872 854 2944 ipsius
868 2873 992 2930 ministri
1006 2887 1111 2945 essent,

31 2949 80 3015 sius
90 2953 198 3023 vicarii,
211 2965 240 3012 et
259 2957 381 3014 nomine
402 2957 493 3029 ipsius
513 2959 689 3015 sacrificium
709 2960 803 3016 crucis
823 2977 965 3022 renovare
981 2973 1101 3032 possent
1108 2982 1115 3033 3

32 3032 73 3092 boe
85 3057 172 3097 sensu
187 3042 339 3114 Apostolis
356 3043 451 3102 dixit:
471 3045 568 3103 “Hoc
587 3046 674 3102 lacite
694 3046 723 3102 in
744 3063 840 3103 meam
859 3050 1114 3107 commemoratio-

32 3137 83 3180 nem
93 3125 125 3193 ’';
143 3145 205 3198 quo
218 3129 326 3200 pariter
338 3145 427 3186 sensu
441 3129 550 3187 Paulus
564 3131 684 3189 scribit:
706 3132 784 3188 “Sic
799 3149 853 3189 nos
867 3133 1013 3192 existimet
1026 3135 1116 3193 homo

33 3215 54 3260 ut
65 3211 209 3268 ministros
222 3212 331 3270 Christi
342 3215 357 3244 '’
370 3215 397 3285 (Ι
412 3215 480 3274 Cor.
499 3217 551 3287 IV,
572 3220 605 3286 ι).

54 3309 93 3374 (Β)
113 3309 253 3366 Instant:
273 3311 317 3368 Ex
337 3314 445 3371 eodem
465 3315 612 3386 Apostolo
631 3316 715 3373 (Heb.
732 3317 803 3384 VII,
818 3334 866 3386 ²75
886 3319 921 3388 X,
942 3337 981 3387 12,
997 3320 1116 3389 reluni-

32 3403 84 3447 tum
95 3396 180 3453 adest
193 3397 378 3468 sacrificium,
391 3400 453 3456 scil.
469 3401 644 3458 sacrificium
659 3403 766 3475 crucis;
780 3405 841 3462 imo
854 3405 877 3461 si
891 3405 972 3462 aliud
986 3406 1112 3476 daretur,

33 3477 116 3540 prioris
129 3483 312 3541 excellentia:
325 3485 524 3556 derogaretur.

12 3607 13 3614 ,
58 3565 128 3626 Dist.
141 3569 321 3629 antecedens:
340 3573 461 3631 unicum
476 3587 520 3632 est
533 3575 719 3647 sacrificium,
732 3577 829 3648 quoad
838 3579 1039 3648 substantiam,
1055 3598 1115 3636 con-

31 3651 77 3706 cedo
86 3678 94 3709 .·
106 3658 204 3728 quoad
217 3659 329 3714 mudum
340 3659 483 3730 offeranda,
497 3679 573 3731 nega.
608 3663 762 3734 Siquidem
773 3665 948 3722 sacrificium
963 3665 1063 3722 Missae
1073 3677 1116 3722 est

32 3739 244 3824 substantialiter
257 3747 384 3805 idemne
398 3748 574 3805 sacrificium
588 3751 692 3820 erucis,
709 3770 801 3822 quum
816 3753 922 3810 eadem
936 3751 972 3808 sit
985 3752 1113 3817 victima,

34 3821 93 3884 ulem
106 3831 277 3902 principalis
291 3833 428 3899 offerens,
444 3835 534 3892 iidem
555 3836 674 3906 fructus
692 3839 788 3896 diflert
801 3851 901 3896 tamen
913 3839 952 3894 ab
966 3857 1002 3896 eo
1016 3841 1115 3909 quoad

33 3913 135 3974 nodum
155 3918 306 3988 offerendi,
326 3938 419 3991 quum
439 3939 532 3978 unum
551 3933 674 3979 cruento
694 3925 793 3994 mod0,
816 3925 941 3981 alterum
962 3925 1116 3984 incruento

33 3997 157 4062 ‘tiletatun
199 4006 226 4062 S.
243 4007 351 4066 Paulus
365 4009 493 4066 excludit
508 4009 629 4080 quidem
644 4026 733 4066 omne
749 4011 925 4067 sacrificium
940 4010 1115 4069 substantia-

34 4077 106 4146 lttera
119 4091 265 4148 sacrificio
283 4094 379 4149 crucis
397 4095 580 4165 distinelum,
597 4097 756 4167 praesertim
777 4097 920 4154 sacrificia
939 4099 1004 4155 Vet.
1020 4099 1115 4169 Legis

34 4169 134 4234 minime
146 4195 216 4235 vero
230 4178 406 4236 sacrificium
422 4181 668 4247 Eucharisticum,
685 4184 722 4240 de
742 4202 803 4255 quo
822 4184 885 4256 ipse
905 4185 1036 4256 loquitur
1055 4204 1115 4242 non

34 4261 112 4332 tethel,
128 4276 158 4321 ut
172 4265 302 4321 diximus
315 4265 344 4322 in
360 4266 444 4324 thesi.
