2776 4644
464 178 518 227 DE
536 179 704 227 Gnarrn.
1116 176 1134 224 7

73 381 181 442 CAP.
203 383 237 444 9.
260 384 403 444 Contra
426 385 581 441 inanem
602 383 878 442 haereticorum
906 380 1099 438 tlduciam.

72 507 215 578 (tirannis
235 518 335 565 autem
357 511 553 567 necessarium
577 510 613 566 sit
633 507 760 578 credere,
784 525 881 579 neque
902 507 1018 576 remitti,
1039 523 1136 578 neque

40 595 158 650 remissa
171 613 303 666 unquam
318 596 406 653 luisse
421 607 550 668 peccata,
568 595 623 654 nisi
638 597 726 667 gratis
744 595 844 653 divina
857 593 1056 651 misericordiis
1072 611 1136 664 pro-

41 695 101 749 pter
114 681 286 739 Christum:
307 683 417 739 nemini
437 695 536 740 tamen
556 683 695 740 fiduciam
711 693 740 740 et
757 681 950 738 certitudinem
964 679 1137 736 remissionis

39 779 226 836 peccatorum
253 787 373 825 suorum
395 769 526 840 laetanti,
555 781 584 826 et
610 769 639 824 in
665 767 699 827 eil
724 767 786 825 soli
816 767 989 838 quiescenti,
1015 777 1137 837 peccata

39 855 154 925 dimitti,
168 857 211 912 vel
223 856 347 913 dimissa
360 875 424 914 esse
438 857 599 915 dicendum
613 867 667 922 est,
675 873 743 912 cum
754 856 834 927 apud
846 854 999 912 haereticos
1009 867 1037 912 et
1046 855 1136 911 schis-

40 942 161 998 maticos
181 943 275 1014 possit
294 961 370 1010 esse,
389 944 449 1001 imo
472 945 570 1001 nostrat
590 953 767 1014 tempestate
788 943 833 1011 sit,
855 951 885 999 et
907 941 1013 1014 niagnzi
1035 953 1136 998 contra

40 1027 203 1094 Ecclesiam
213 1029 400 1086 Catholicam
409 1032 602 1088 contentione
612 1030 790 1102 praedicetur
799 1048 874 1086 vana
886 1029 948 1086 haec
962 1041 991 1086 et
1003 1029 1041 1086 ab
1054 1029 1136 1084 omni

40 1114 147 1182 pietate
161 1127 274 1172 remota
289 1115 405 1174 fiducia.

73 1199 133 1256 Sed
146 1219 245 1272 neque
259 1203 333 1260 illud
346 1204 538 1261 asserendum
556 1215 599 1260 est
618 1213 755 1274 oportere
768 1220 827 1270 eos,
844 1201 894 1272 qui
909 1220 975 1259 vere
986 1201 1136 1271 iustificati

39 1299 115 1350 sunt,
130 1286 244 1358 absque
259 1288 316 1345 ulls
329 1289 452 1346 omnino
465 1289 652 1346 dubitatione
664 1287 746 1360 apud
764 1285 940 1358 semetipsos
954 1297 1090 1356 statuere,
1106 1303 1137 1344 se

40 1390 102 1428 esse
113 1373 299 1444 justificatos,
316 1375 526 1447 neminemque
545 1394 562 1432 a
582 1376 711 1448 peccatis
724 1372 836 1430 absolvi
855 1390 890 1430 ac
904 1372 1064 1444 justificari,
1082 1372 1137 1428 nisi

40 1475 115 1528 eum,
134 1461 185 1531 qui
201 1469 275 1517 cerlo
293 1463 396 1534 credat,
417 1483 444 1519 se
462 1463 622 1520 absolutum
642 1474 671 1521 et
682 1459 876 1535 justificatum
895 1479 957 1531 esse,
974 1471 1063 1531 atque
1082 1461 1138 1518 bac

38 1546 97 1600 sali
112 1547 172 1604 tide
185 1548 415 1618 absolutionem,
425 1561 454 1607 et
466 1551 707 1622 justificationem
720 1548 820 1620 perfici
833 1569 839 1604 :
853 1547 935 1618 quasi
948 1547 999 1618 qui
1009 1548 1066 1605 hoc
1077 1565 1137 1604 non

39 1632 145 1696 credit,
167 1633 206 1690 de
231 1635 286 1691 Ilei
308 1637 467 1707 promissis
493 1638 592 1707 deque
615 1637 717 1694 mortis
739 1645 768 1692 et
788 1633 1007 1692 resurretliouis
1027 1633 1136 1692 Christi

39 1719 168 1776 ethcaciil
186 1719 309 1778 dubitet.
348 1721 436 1790 Nam,
452 1724 527 1780 sicut
545 1741 634 1780 nenio
653 1724 718 1794 pius
737 1722 775 1779 de
795 1719 851 1778 Dei
869 1720 1078 1790 misericordiis,
1100 1720 1138 1778 de

38 1805 148 1864 Christi
162 1808 278 1876 merito,
291 1809 390 1880 deque
404 1810 660 1868 Sacramentorum
674 1807 805 1866 efficacia
818 1806 954 1866 dubitare
967 1806 1057 1866 debet
1071 1831 1077 1865 :
1096 1807 1139 1864 sic

39 1893 173 1964 quilibet,
189 1895 262 1952 dum
277 1897 418 1968 seipsum,
431 1916 575 1970 suamque
589 1897 737 1969 propriam
753 1893 951 1950 infirmitatem
966 1903 994 1950 et
1008 1893 1139 1966 indispo-

38 1980 177 2038 sitionem
200 1983 327 2054 respicit,
349 1985 387 2041 de
410 1985 462 2042 suti
478 1985 570 2056 gratie
590 1984 747 2042 formidare
765 1991 793 2039 et
813 1979 914 2038 timere
932 1989 1046 2051 potest:
1070 1997 1138 2038 cum

38 2068 137 2124 nullus
149 2069 219 2124 scire
231 2071 329 2126 valeat
338 2071 506 2128 certitudine
510 2070 594 2142 fidei,
604 2071 652 2127 cui
666 2087 726 2127 non
740 2077 838 2141 potest
847 2065 972 2140 ¹subesse
986 2067 1099 2138 salsum,
1112 2086 1140 2125 se

34 2155 166 2216 arariam
180 2155 243 2210 Dei
252 2175 307 2212 esse
319 2165 499 2214 correcturum.

39 2293 147 2353 Cae.
173 2296 230 2355 10.
259 2277 313 2354 De'
340 2303 550 2370 acceptatae
570 2298 861 2370 justificattonis
889 2300 1137 2359 incremento.

71 2418 122 2474 Sic
137 2435 208 2489 ergo
219 2419 378 2490 justificati,
395 2431 424 2478 et
436 2421 523 2477 amici
539 2421 594 2478 Dei
608 2439 643 2478 ac
656 2421 812 2478 domestici
827 2422 904 2492 raeti,
918 2433 1022 2480 euntes
1035 2424 1074 2482 de
1087 2424 1138 2480 rir-

35 2513 99 2560 tute
114 2503 144 2559 in
159 2505 307 2570 virtutem,
322 2517 507 2577 renovantur,
525 2517 555 2564 ut
570 2508 732 2578 Apostolus
747 2508 851 2579 inquit,
868 2508 906 2566 de
922 2510 971 2567 die
991 2509 1019 2566 in
1038 2510 1117 2568 diem
1132 2531 1138 2568 :

36 2587 93 2644 hoc
113 2601 167 2661 est,
187 2591 396 2649 mortificando
414 2593 547 2650 membra
563 2595 658 2650 camis
677 2611 745 2664 suae,
767 2604 796 2652 et
815 2593 986 2653 exhibendo
1006 2615 1040 2653 ea
1059 2614 1140 2654 arina

36 2677 158 2743 iustitiae
176 2677 207 2734 in
227 2679 501 2750 santiiticationem,
519 2698 571 2752 per
589 2681 825 2739 observationem
845 2681 1053 2740 mandatorum
1075 2684 1140 2748 Dei,

35 2779 62 2820 et
80 2765 234 2834 Ecclesiae,
246 2766 277 2822 in
290 2767 353 2837 ipsit
359 2766 479 2837 justitia
491 2775 623 2838 crescrrrrl,
637 2778 727 2838 atque
740 2769 1051 2840 niagn'sjustisicanlur·,
1065 2773 1141 2828 sicut

36 2855 183 2923 scriptum
204 2864 267 2910 est:
287 2854 372 2926 “Qui
391 2855 487 2924 justus
506 2867 556 2925 est,
573 2855 748 2925 justificetur
766 2854 864 2934 adhuc
875 2854 891 2879 ’¹
901 2865 917 2909 ¹.
959 2855 996 2914 Et
1016 2855 1140 2912 iterum:

39 2945 56 2968 ‘⁶
71 2941 120 2998 Ne
134 2943 259 2999 verearis
272 2959 368 3013 usque
379 2942 418 3000 ad
433 2952 557 2999 mortem
570 2942 722 3014 justificari
732 2942 746 2968 ’'
755 2941 771 2998 ².
806 2943 843 2998 Et
856 2959 954 2998 rursus
968 2963 974 2999 ε
989 2947 1004 2971 “
1014 2943 1137 3013 Videtis,

35 3027 183 3098 quoniam
197 3047 232 3085 ex
246 3028 387 3100 operibus
402 3029 579 3099 justificatur
598 3029 699 3096 homo,
715 3041 743 3086 et
764 3047 823 3086 non
842 3047 877 3086 ex
894 3029 954 3088 fide
971 3040 1086 3088 tantum
1097 3029 1138 3088 Μ.

38 3116 112 3172 Hoc
128 3133 197 3173 vero
212 3115 332 3186 justitiae
348 3117 564 3174 incrementum
582 3117 655 3188 petit
676 3115 783 3174 Sautta
804 3117 945 3186 Ecclesia,
969 3134 1037 3173 cum
1057 3128 1140 3175 orat:

68 3204 116 3260 Da
130 3204 227 3272 nobis,
242 3205 382 3276 Domine,
396 3204 474 3275 fidei,
488 3205 550 3277 spei
565 3216 594 3263 et
606 3205 734 3262 caritatis
747 3205 974 3275 augmentum”.

91 3344 200 3405 CAP.
225 3346 272 3404 11.
297 3347 351 3404 De
373 3327 642 3405 observatione
665 3346 945 3416 mandatorum,
967 3347 1093 3419 deque

234 3443 341 3500 illius
364 3443 596 3500 necessitate
617 3446 655 3499 et
676 3440 948 3514 possibilttate.

76 3567 176 3624 Nemo
191 3575 302 3631 autem,
320 3563 511 3636 quantumvis
527 3563 713 3635 justificatus,
733 3563 859 3620 liberum
876 3581 907 3621 se
926 3581 990 3622 esse
1005 3565 1041 3620 ab
1055 3565 1143 3622 obser·

39 3653 154 3710 vatione
167 3653 373 3708 mandatorum
387 3661 491 3724 putare
503 3651 595 3710 debet
609 3673 616 3718 ;
636 3669 725 3710 nemo
739 3652 893 3709 temeraria
907 3651 965 3722 illa,
981 3663 1009 3710 et
1022 3670 1039 3708 a
1055 3653 1143 3711 Patri·

41 3742 95 3797 bus
109 3740 166 3798 sub
180 3738 370 3797 anathemate
384 3737 533 3810 prohibita
545 3755 619 3795 voce
633 3739 682 3808 uti,
697 3737 901 3810 Dripraecepta
914 3739 1027 3795 homini
1033 3740 1142 3811 sirslifi·

40 3835 100 3884 rato
111 3827 152 3886 ad
165 3826 385 3884 observandum
399 3843 454 3882 esse
465 3825 660 3897 irrrpossibilia.
693 3823 770 3881 Nam
784 3826 866 3882 Deus
878 3825 1071 3898 impossibilia
1082 3844 1143 3883 non

39 3916 132 3986 jubet,
140 3914 196 3973 sed
207 3914 344 3986 iubendo
358 3923 459 3970 monet
473 3923 502 3970 et
516 3913 611 3970 iacere
624 3911 707 3984 quod
720 3911 825 3984 possiS,
835 3921 864 3969 et
874 3922 975 3984 petere
989 3913 1071 3984 quod
1083 3931 1143 3970 non

43 4003 145 4074 possis,
159 4013 188 4061 et
201 4002 322 4072 adjuvat
336 4011 367 4057 ut
382 4000 484 4072 possis.
523 4001 617 4070 Cujus
630 3998 771 4056 arandara
783 4000 882 4070 gravia
898 4019 958 4057 non
972 4010 1049 4070 sunt,
1063 4001 1143 4072 cujus

40 4095 144 4162 jugum
162 4107 253 4148 suave
268 4099 321 4160 est,
337 4099 367 4146 et
384 4104 461 4146 onus
480 4088 553 4145 leve.
594 4087 654 4158 Qui
668 4086 747 4145 enim
761 4097 830 4144 sunt
844 4085 895 4143 lilii
910 4087 975 4159 Dei,
991 4087 1143 4146 Christum

77 4287 82 4309 ¹
97 4281 198 4350 Aput„
215 4271 316 4342 xxtt,
330 4293 369 4332 tt.
383 4307 417 4316 -
430 4278 548 4346 ’Eccli.‚
563 4277 675 4344 XVlll,
689 4293 730 4332 22.
747 4310 780 4316 -
793 4269 803 4300 ³
809 4277 882 4347 Jac,
898 4277 935 4345 Il,
950 4291 992 4346 24.
