2794 4662
431 213 487 262 oa
507 212 796 278 uarnruouro
1096 208 1163 261 sca

58 394 93 456 T
89 396 227 477 aurnely
242 397 363 481 aliique
376 422 383 472 ;
406 397 506 461 hodie
517 417 595 462 vero
611 399 748 480 antiqua
764 397 939 473 sententia,
949 417 1024 480 quae
1039 406 1090 460 tot
1105 417 1164 460 sae·

51 499 144 562 culis
160 501 320 582 viguerat,
336 501 453 564 iterum
472 503 638 584 praevalet,
653 513 687 566 et
706 523 750 566 ex
767 501 927 565 Ecclesiae
943 502 1040 584 praxi
1055 500 1163 564 decla·

52 603 313 686 rationibusque
328 605 425 668 nobis
441 615 531 668 certa
547 626 619 670 esse
633 606 772 669 videtur.

96 751 151 816 24
199 740 295 798 neris
309 759 320 793 :
344 738 501 804 Ministri
519 742 736 806 sacramenti
759 741 979 806 Matrimonii
997 745 1083 805 sunt
1098 738 1164 819 ipsi

51 835 327 1001 {qpttgamthtteq
344 856 416 902 non
437 844 560 904 autem
582 839 761 904 Sacerdos
781 839 915 919 nuptiis
936 839 1162 904 benedicens.

104 1049 121 1138 (
161 1049 245 1140 )Ex
256 1055 402 1136 antiquis
413 1054 610 1117 Ritualibus.
658 1055 706 1120 Ut
723 1051 809 1120 redte
825 1055 912 1116 enim
930 1053 1164 1117 animadvertit

51 1157 217 1221 Martene
228 1171 250 1234 ¹,
265 1159 314 1221 vir
330 1160 360 1220 in
379 1159 523 1239 antiquis
540 1158 656 1222 ritibus
673 1159 798 1240 optime
814 1169 970 1232 versatus,
987 1158 1032 1220 ita
1053 1157 1159 1218 matri·

53 1261 211 1323 monium
228 1261 307 1324 olim
324 1261 573 1324 celebrabatur:
596 1261 708 1343 sporisi
726 1263 926 1324 sistebantur
941 1259 1104 1324 sacerdoti
1121 1261 1162 1322 ad

54 1374 178 1445 portas
201 1365 370 1440 ecclesiae;
393 1365 522 1440 deinde,
538 1365 624 1427 datis
647 1365 709 1426 sibi
734 1375 850 1427 mutuo
873 1365 1010 1439 dextris,
1028 1374 1162 1445 praesta·

52 1469 143 1530 bant
171 1488 379 1543 consensum,
406 1471 421 1499 ‘⁴
436 1468 466 1530 in
499 1486 566 1548 quo
596 1475 701 1529 totam
732 1467 929 1530 sacramenti
961 1467 1162 1534 matrimonii

52 1573 240 1634 essentiam
259 1571 462 1653 reponebant
479 1572 614 1654 antiqui.
664 1571 818 1634 inaudita
841 1572 965 1654 quippe
984 1570 1073 1652 apud
1090 1569 1163 1633 illos

52 1683 156 1738 erant
167 1674 222 1736 illa
232 1675 331 1737 verba
342 1674 475 1756 parochi
489 1673 557 1755 Ego
569 1695 624 1735 vos
638 1675 800 1755 conjungo,
815 1675 846 1736 in
864 1674 985 1755 quibus
998 1673 1098 1754 aliqui
1115 1693 1159 1733 ex

53 1776 300 1840 recentioribus
316 1776 523 1839 scholasticis
541 1776 680 1838 sormam
705 1776 803 1857 hujus
827 1777 1023 1838 sacramenti
1041 1775 1162 1837 consti·

53 1879 200 1956 tuunt”,
224 1900 298 1961 quae
325 1889 435 1942 tamen
464 1879 694 1942 desiderantur
721 1880 752 1940 in
781 1879 945 1960 plerisque
975 1878 1163 1942 Ritualibus

52 1983 215 2064 antiquis
260 1983 416 2063 Jamvero
443 1983 468 2044 si
497 1983 641 2044 essentia
667 1981 864 2043 sacramenti
896 1981 1098 2044 matrimonii
1130 1981 1161 2042 in

52 2086 133 2148 solo
160 2105 322 2148 consensu
349 2084 539 2166 conjugum,
564 2103 629 2146 non
657 2085 689 2146 in
715 2081 948 2146 benedictione
973 2083 1163 2156 sacerdotis,

53 2188 223 2264 consistit,
239 2189 299 2270 ipsi
317 2187 550 2251 contrahentes
567 2188 622 2268 qui
639 2206 836 2250 consensum
854 2185 1003 2268 praebent
1025 2187 1085 2249 sibi
1106 2187 1162 2248 ad-

55 2293 252 2356 ministrant
268 2301 521 2355 sacramentum.

104 2404 174 2494 (B)
214 2409 417 2471 Aulion'tale
449 2407 669 2488 theologorma.
721 2407 859 2468 Veteres
894 2405 1090 2470 Scholastici
1130 2406 1161 2466 id

51 2521 174 2593 aperte
197 2511 426 2588 declararunt;
457 2512 503 2573 ita
531 2510 567 2574 S.
596 2510 735 2572 Thomas
760 2510 918 2572 scribit2:
946 2510 1163 2574 “Consensus

52 2635 240 2696 expressus
264 2635 322 2697 per
344 2614 444 2678 verba
467 2614 509 2677 de
532 2615 697 2696 prasenti,
715 2614 799 2676 inter
823 2633 980 2695 personas
997 2613 1163 2695 legitimas

53 2717 102 2780 ad
119 2717 394 2795 contrahendum,
405 2718 652 2780 matrimonium
671 2717 758 2792 iacit,
768 2717 846 2798 quia
862 2717 932 2779 hac
949 2718 1017 2780 duo
1032 2726 1109 2779 sunt
1121 2719 1163 2778 de

52 2819 198 2884 assentiri
212 2820 408 2883 sacramenti
415 2844 430 2896 ,·
454 2821 517 2883 alia
533 2832 644 2885 autem
661 2821 773 2882 omnia
789 2830 867 2882 sunt
888 2819 929 2882 dc
952 2821 1163 2882 solemnitate

53 2925 260 2987 sacramenti
277 2925 354 3006 quia
371 2925 411 2986 ad
429 2923 492 2986 hoc
509 2923 710 2986 adhibentur
726 2932 762 2985 ut
780 2924 1027 2986 matrimonium
1045 2944 1162 2987 conve·

54 3028 206 3091 nientius
223 3026 313 3090 liat’'.
362 3026 490 3089 Ibidem
508 3025 565 3107 (ad
583 3029 617 3108 2)
637 3025 752 3089 addit:
775 3027 851 3090 “Et
875 3028 950 3090 ideo
974 3028 1163 3091 Sacerdotis

54 3127 251 3194 benedictio
272 3151 337 3192 non
363 3130 535 3211 requiritur
558 3131 590 3192 in
615 3129 836 3200 matrimonio,
853 3129 945 3209 quasi
963 3128 1005 3190 de
1021 3128 1163 3190 essentia

54 3233 259 3296 sacramenti
273 3234 297 3297 '’.
342 3233 498 3314 Jamvero
513 3243 603 3296 certo
620 3233 846 3313 requireretur,
858 3232 883 3294 si
899 3231 1061 3296 Sacerdos
1077 3241 1163 3294 esset

54 3338 212 3402 minister
238 3338 448 3403 matrimonii.
496 3337 589 3400 idem
613 3337 804 3402 ,docuerunt
837 3336 871 3398 S.
901 3335 1162 3412 Bonavmruras,

54 3443 183 3523 aliique
199 3441 345 3522 theologi
367 3461 470 3523 usque
494 3442 535 3503 ad
556 3461 627 3503 saec.
647 3439 742 3503 XVI.
786 3441 942 3522 Jamvero
960 3437 1163 3519 impossibile

55 3555 111 3610 est
128 3543 285 3607 erravisse
303 3543 486 3608 Ecclesiam
509 3544 685 3607 docentem
704 3543 736 3605 in
753 3563 787 3605 re
804 3551 872 3604 tam
890 3541 981 3624 gravi
998 3540 1163 3622 perplura

55 3647 190 3711 saecula.
244 3647 341 3729 Ergo.

107 3758 172 3848 (C)
200 3762 347 3826 Ecclesia
361 3764 465 3846 praxi
484 3773 515 3827 et
536 3761 810 3826 declarationibus.
856 3761 906 3843 (a)
936 3760 965 3822 T
963 3759 1161 3822 rr'deutinum

57 3865 240 3930 declaravit
264 3877 338 3928 rota
363 3877 395 3930 ct
415 3888 492 3930 vera
514 3867 615 3931 luisse
639 3865 850 3930 matrimonia
868 3864 1084 3938 clandestina,
1101 3862 1118 3923 i.
1135 3884 1160 3925 e.

58 3971 187 4050 absque
212 3970 387 4051 praesentia
411 3970 600 4036 Sacerdotis
625 3967 805 4045 contracta,
826 3967 986 4050 quamdiu
1012 3965 1162 4029 Ecclesia

96 4181 104 4206 ¹
120 4167 165 4222 De
177 4165 310 4238 Antiquis
323 4168 401 4222 Eccl.
419 4168 475 4223 Rit.
491 4185 518 4238 p.
537 4169 575 4235 11,
589 4183 612 4222 c.
629 4183 653 4235 9,
670 4183 694 4221 a
713 4181 733 4221 1.

95 4253 215 4323 ”Surak
230 4271 257 4324 ‹r-
273 4267 315 4322 45,
329 4272 354 4309 a·
371 4270 396 4324 s·

95 4333 107 4367 ⁸
122 4342 154 4394 ln
171 4341 209 4396 lV
224 4341 300 4396 Sent.
314 4340 379 4396 dist.
396 4341 438 4409 28,
451 4358 476 4411 q.
494 4354 516 4410 5.
