2780 4646
420 183 476 232 DE
495 183 808 234 sacnhtassntls.
1097 179 1159 230 149

69 364 174 442 gratia,
195 385 296 445 quarn
320 365 472 429 Christus
496 366 591 428 nobis
614 366 805 448 promeruit,
824 365 856 425 in
881 364 1007 425 animas
1030 370 1160 423 nostras

69 463 243 530 effunditur.
291 468 428 532 Exinde
446 489 553 532 nexus
570 489 644 531 cum
663 467 863 550 praecedenti
880 464 1040 529 Tractatu
1058 483 1159 545 appa·

68 579 131 631 ret:
152 571 181 632 in
199 571 256 633 ilio
272 572 436 653 siquidem
454 572 496 634 de
511 574 617 653 gratia
633 573 896 654 disputavimus;
918 571 951 633 in
967 571 1030 632 hoc
1046 579 1158 631 autem

67 673 108 733 de
130 676 242 737 mediis
270 677 391 756 quibus
417 677 525 757 gratia
551 677 763 757 dispensatur
789 677 996 739 disseremus.
1045 672 1159 734 Media

66 779 223 860 praecipua
242 787 321 842 sunt
342 780 445 842 oratio
466 791 500 844 et
517 789 720 842 sacramenta
739 802 746 842 :
767 781 809 842 de
830 778 928 861 priori
949 776 1027 839 alibi
1043 776 1155 857 dispu-

66 888 155 954 tatur,
177 880 218 942 de
245 881 481 962 posterioribus
511 883 564 944 hic
594 901 759 963 agemus:
783 883 926 963 primum
957 880 1091 961 quidem
1124 879 1154 940 in

65 981 165 1046 Tract.
178 984 215 1047 de
228 985 453 1048 Sacrameatis
465 987 499 1048 in
507 1007 621 1068 genere
635 1005 845 1067 exponemus
857 1005 896 1046 ea
909 1005 983 1064 quae
1000 982 1155 1045 omnibus

63 1099 136 1150 sunt
159 1091 371 1170 communia3
401 1089 522 1153 deinde
546 1090 588 1152 de
609 1089 747 1172 quolibet
769 1091 978 1152 Sacramenta
1001 1087 1035 1148 ia
1058 1085 1157 1167 specie

63 1210 164 1254 sermo
179 1192 244 1255 het.

101 1308 129 1360 2.
179 1297 315 1360 Utilitas
339 1297 525 1360 desumitur
550 1295 608 1378 (A)
635 1297 690 1359 Ex
709 1296 870 1378 aeguitate
888 1295 998 1376 altsteti
1008 1319 1020 1358 .·
1045 1313 1156 1356 sacra-

63 1408 167 1460 menta
190 1400 280 1461 enim
307 1409 407 1462 sunt:
432 1399 480 1480 (a)
508 1400 695 1464 Dominicae
725 1400 966 1463 Incarnationis
994 1396 1155 1478 reliquia·

60 1521 135 1564 vasa
150 1506 294 1584 pretiosa
310 1505 343 1566 in
360 1505 480 1584 quibus
497 1505 619 1569 Christi
642 1504 776 1585 sanguis
798 1513 831 1566 et
851 1503 968 1565 merita
983 1501 1154 1563 continen-

61 1613 110 1666 tus
122 1628 129 1680 ;
147 1607 198 1688 (b)
210 1608 368 1670 sauciatae
381 1609 501 1670 animae
515 1608 764 1680 medicamenta·
783 1607 829 1689 (c)
843 1628 947 1670 causa
960 1607 1155 1668 instrumen-
1246 1595 1250 1602 ’

61 1708 289 1788 mergentia,
312 1731 370 1773 seu
394 1710 502 1773 fontes
530 1731 625 1791 aquae
648 1712 742 1786 vivae,
769 1720 802 1772 et
828 1712 870 1773 de
894 1709 956 1790 illis
983 1707 1154 1791 praedicari

61 1820 166 1888 potest
182 1813 272 1892 quod
290 1813 400 1874 lsaias
417 1813 498 1876 dicit
510 1826 541 1876 ¹:
565 1819 581 1844 “
597 1813 767 1875 Haurietis
786 1833 890 1893 aquas
913 1813 946 1874 in
966 1811 1097 1894 gaudio,
1112 1809 1154 1871 de

60 1909 199 1976 tontibus
226 1914 458 1991 Salvatoris'';
488 1915 652 1997 siquidem
677 1916 709 1977 in
740 1915 956 1978 sacramentis
986 1913 1154 1976 haurimus

61 2013 127 2078 illas
142 2020 257 2098 gratiae
274 2039 388 2100 aquas,
403 2039 477 2101 quae
502 2039 545 2080 ex
569 2029 685 2100 aperto
701 2017 823 2082 Christi
844 2017 945 2079 latere
969 2017 1001 2077 in
1025 2015 1152 2077 univer·

59 2135 123 2180 sam
142 2121 326 2183 Ecclesiam
347 2119 557 2184 effluxerunt.
603 2121 748 2183 Multum
771 2120 871 2200 igitur
894 2119 1029 2181 interest
1045 2126 1081 2178 ut
1098 2115 1153 2177 illa

61 2223 198 2298 pretiosa
221 2225 338 2304 gratiae
362 2225 472 2287 media
495 2243 744 2306 cognoscamus
793 2219 859 2307 (B)
878 2222 933 2284 Ex
954 2220 1024 2302 ipset
1046 2239 1153 2281 sacra-

61 2337 231 2388 necatarum
256 2328 458 2390 necessitate:
480 2347 559 2390 sane
583 2327 706 2402 fideles,
722 2336 755 2388 et
776 2347 795 2387 a
817 2323 942 2387 fortiori
965 2321 1152 2383 sacerdotes

60 2424 168 2490 instrui
188 2428 313 2492 debent
335 2431 377 2492 de
399 2431 516 2493 mediis
540 2430 582 2491 ad
606 2429 748 2491 salutem
771 2425 962 2490 necessariis
978 2433 1035 2485 aut
1051 2423 1151 2485 etiarn

58 2528 148 2590 vaide
171 2531 328 2608 utilibus;
355 2533 447 2612 atqui
474 2541 682 2594 sacramenta
709 2530 772 2592 alia
799 2539 876 2593 sunt
903 2525 1085 2590 necessaria
1109 2525 1151 2588 ad

59 2631 201 2709 saturem,
212 2633 276 2694 alia
293 2644 406 2695 autem
419 2634 516 2696 valde
528 2633 621 2696 utilia
630 2658 637 2713 ;
649 2653 741 2707 xnam,
754 2643 790 2694 ut
803 2631 849 2694 ait
867 2631 955 2694 Tria.
966 2631 1056 2712 (sess.
1070 2629 1151 2696 VII,

61 2731 215 2816 Prooem.),
231 2755 290 2817 per
305 2755 344 2798 ea
361 2741 463 2798 “vera
476 2735 606 2816 justitia
623 2737 673 2799 vel
691 2737 806 2818 incipit
831 2735 881 2816 (ut
901 2735 932 2796 in
957 2733 1147 2814 Baptismo)
1212 2717 1216 2726 ¹

59 2836 102 2897 vel
125 2849 236 2920 coepta
259 2851 399 2920 augetur
425 2840 476 2920 (ut
503 2841 535 2902 in
564 2841 824 2905 confirmatione
848 2849 882 2901 et
904 2839 976 2901 aliis
1002 2838 1150 2899 vivorum

60 2942 288 3024 sacramentis),
314 2943 364 3004 vel
397 2943 523 3005 amissa
554 2955 724 3026 reparatur
753 2945 804 3025 (ut
836 2945 867 3004 in
901 2939 1151 3020 Poenitentia)'’.

59 3040 110 3122 (C)
125 3045 179 3106 Ex
199 3045 364 3107 erroribus
385 3046 613 3124 confittandis:
636 3048 785 3109 moderni
808 3046 972 3126 siquidem
992 3044 1150 3106 Rationa-

60 3144 133 3209 listoe
156 3160 270 3211 nostra
291 3159 499 3212 sacramenta
520 3150 666 3227 irrident,
683 3161 839 3232 tanquam
862 3147 1120 3234 superstitionis
1138 3187 1150 3197 -

61 3253 160 3312 tentia
168 3273 175 3328 ;
197 3252 419 3315 Protestantes
434 3263 546 3316 autem
561 3253 708 3336 plerique
720 3255 787 3318 duo
799 3265 930 3318 tantum
943 3261 1151 3316 sacramenta

61 3353 241 3428 admittunt,
257 3365 291 3417 et
307 3356 440 3438 insuper
461 3357 545 3419 circa
565 3377 678 3420 eorum
704 3359 840 3422 modum
861 3357 1021 3438 operandi
1043 3353 1149 3416 multi-

61 3453 178 3531 pliciter
192 3468 304 3521 errant
318 3479 325 3534 ;
348 3459 479 3521 iliorum
504 3480 628 3523 errores
649 3463 821 3525 confutare
837 3462 962 3542 absque
979 3468 1150 3544 momento

63 3569 117 3615 non
133 3559 203 3620 erit.

96 3673 121 3736 3
166 3658 307 3722 Divisio.
354 3659 535 3724 Dicemus:
564 3675 595 3723 1⁰
611 3665 654 3725 de
670 3663 789 3726 nataret
806 3673 839 3725 et
855 3661 1023 3725 ext'stente'ei
1042 3681 1147 3723 sacra-

63 3770 260 3837 mentorum;
291 3775 326 3823 2⁰
348 3763 391 3824 de
413 3763 586 3826 elementis
609 3765 728 3846 quibus
751 3767 1005 3839 constituuntur,
1027 3785 1084 3827 seu
1108 3766 1149 3827 de

62 3863 188 3925 materiei
211 3874 245 3926 et
260 3863 404 3943 sormd,2
427 3879 462 3944 3⁰
477 3866 520 3927 de
537 3867 696 3947 efflltt'bus
718 3889 803 3949 quos
826 3869 1033 3950 producunt;
1055 3881 1092 3946 40
1108 3870 1149 3930 de

63 3977 164 4028 eorum
180 3966 278 4028 causet
293 3968 362 4030 sive
378 3969 573 4031 instituente
585 3970 653 4032 sive
666 3971 874 4034 ministrante
887 3994 894 4049 ;
920 3972 1004 4051 5⁰de
1014 3973 1149 4052 sabjecta

64 4069 140 4140 quod
156 4069 275 4130 eadem
293 4071 437 4151 recipere
453 4081 573 4152 potest.

95 4267 245 4344 ¹1sa,xt1,
262 4290 316 4346 2·3.
