2808 4664
353 149 406 199 DE
427 151 509 200 DEO
528 153 896 204 REMUNERATORE.
1106 151 1171 204 723

73 331 343 396 communionem
355 334 370 360 ’'
385 334 585 418 profitemur.
630 337 706 419 Jam
723 358 800 401 vero
816 338 938 421 triplex
951 346 1001 401 est
1015 336 1174 414 Ecclesia,

72 433 224 498 militans
238 435 271 498 in
288 442 383 513 terra,
391 439 522 520 patiens
537 441 568 501 in
587 441 787 523 purgatorio,
799 442 1008 523 triumphans
1023 442 1054 503 in
1071 441 1173 505 coelo:

71 556 148 617 quae
176 548 254 602 sunt
276 541 384 622 poties
407 550 473 604 tres
499 552 609 625 partes
635 545 732 606 unius
755 543 971 627 ejusdemque
998 544 1174 622 Ecclesiae;

72 640 227 705 Christus
245 645 333 707 enim
355 654 406 708 est
424 655 525 728 caput
540 648 699 725 omnium,
715 649 784 712 sive
805 648 837 709 in
859 649 961 724 coelis,
976 649 1045 711 sive
1061 649 1093 711 in
1111 657 1173 712 ter·

72 744 115 805 ris
131 745 201 807 sint
213 757 234 809 ¹.

71 847 123 929 (a)
156 846 285 912 Omnes
315 849 428 914 fideles
455 852 613 916 Ecclesiae
644 854 819 918 rrrriitontis
845 855 929 918 inter
955 875 990 918 se
1017 855 1175 920 uniuntur

71 952 192 1016 eadem
220 951 292 1030 fide,
318 953 434 1018 iisdem
461 959 690 1033 sacramentis,
716 960 834 1022 eodem
861 960 1029 1038 sacrificiu,
1057 961 1173 1023 iisdem

70 1057 299 1138 spiritualibus
321 1058 425 1135 bonis,
451 1070 485 1122 et
511 1081 583 1124 sese
610 1072 727 1126 mutuo
753 1064 910 1144 adjuvare
936 1073 1077 1146 possunt
1103 1074 1173 1126 tum

70 1160 280 1237 orationibus,
295 1171 365 1226 tum
390 1165 524 1240 inmitis,
540 1174 574 1228 et
593 1167 875 1246 sotissofiionibns.
922 1168 1020 1242 Nam,
1036 1179 1072 1230 ut
1088 1165 1175 1231 redte

71 1266 310 1330 animadvertit
325 1267 362 1331 S.
381 1267 519 1332 Thomas
534 1271 629 1353 (Sup.
642 1292 671 1353 q.
685 1286 736 1349 71,
749 1291 775 1334 a.
794 1271 833 1352 1),
844 1271 944 1334 etiam
962 1273 1073 1352 quoad
1090 1272 1174 1333 salu·

71 1381 141 1432 tem
168 1372 335 1452 perviam
359 1373 522 1449 orationis,
538 1394 623 1456 opus
646 1374 742 1437 unius
763 1373 866 1448 alteri,
883 1375 963 1436 dum
988 1386 1039 1438 est
1060 1375 1092 1436 in
1115 1375 1175 1446 via,

71 1475 185 1537 valere
201 1483 320 1555 potest,
331 1475 415 1539 sicut
431 1477 520 1558 quod
538 1497 622 1540 unus
638 1477 740 1540 homo
756 1478 908 1559 impetret
925 1477 1017 1540 alteri
1035 1478 1173 1558 primam

71 1578 238 1658 gratiam;
261 1579 371 1660 quoad
396 1581 502 1644 multa
523 1580 639 1645 salutis
666 1582 785 1657 media,
801 1583 867 1643 non
891 1581 997 1644 solum
1016 1582 1174 1663 perviam

70 1681 244 1756 orationis,
260 1682 434 1746 sedetiam
452 1704 510 1765 per
525 1686 613 1747 viam
631 1685 742 1748 meriti
754 1686 792 1747 de
807 1705 952 1766 congruo.
989 1686 1088 1767 Quod
1106 1686 1177 1767 qui-

70 1783 151 1844 dem
176 1783 353 1864 dupliciter
372 1785 557 1868 contingit:
579 1786 630 1848 vel
654 1796 789 1867 propter
808 1787 1124 1850 communicationem
1142 1809 1176 1850 m

71 1885 182 1947 radice
196 1886 304 1968 operis,
319 1907 394 1968 quae
417 1896 467 1950 est
487 1886 606 1947 caritas
628 1885 659 1946 in
681 1885 835 1966 operibus
852 1887 1035 1961 meritoriis,
1049 1897 1083 1950 et
1099 1887 1174 1948 ideo

71 2008 192 2052 omnes
208 1989 264 2070 qui
280 1990 341 2051 sibi
359 1990 498 2053 invicem
516 1989 653 2050 caritate
669 1987 919 2064 connedluntur,
935 1989 1068 2071 aliquod
1086 2009 1176 2052 emo·

71 2091 261 2154 iumentum
289 2113 331 2154 ex
360 2094 483 2156 mutuis
510 2092 666 2173 operibus
696 2103 887 2174 reportant;
913 2094 978 2155 alio
1006 2095 1106 2157 modo
1133 2114 1176 2156 ex

70 2195 251 2258 intentione
256 2196 419 2275 sacz'entzlr,
435 2197 491 2276 qui
511 2197 620 2277 aliqua
642 2215 743 2277 opera
759 2197 946 2277 specialiter
961 2198 1002 2259 ad
1020 2196 1083 2259 hoc
1100 2196 1178 2258 facit

71 2308 111 2361 ut
137 2297 260 2361 talibus
283 2300 417 2380 prosint.
466 2299 591 2362 Notum
616 2310 667 2362 cst
691 2301 779 2362 enim
810 2301 918 2362 Deum
944 2301 1005 2364 toti
1030 2320 1177 2363 commu-

71 2403 184 2478 nitati,
209 2413 344 2485 propter
368 2404 464 2466 unius
490 2405 615 2480 merita,
640 2424 729 2486 saepe
753 2403 947 2465 benedicere
958 2415 978 2465 ².
1025 2404 1177 2467 Tandem

71 2507 184 2586 justus
200 2506 307 2570 viator
322 2516 433 2589 potest
455 2508 488 2569 in
513 2507 652 2570 alterum
670 2507 794 2588 justum
814 2507 973 2568 viatorem
990 2527 1067 2569 suas
1083 2507 1177 2568 satis·

72 2609 239 2674 fastiones
255 2611 439 2687 transferre,
455 2621 491 2674 ut
507 2612 728 2674 communiter
750 2611 886 2674 tradunt
910 2605 1055 2690 theologi
1070 2633 1077 2687 ;
1101 2631 1177 2672 nam

72 2712 261 2778 satisfactio
280 2726 330 2779 est
348 2715 449 2779 veluti
465 2715 570 2778 debiti
587 2715 718 2790 solutio,
734 2735 808 2796 quae
832 2712 900 2776 fieri
922 2723 1032 2794 potest
1051 2713 1094 2776 ab
1115 2715 1179 2776 alio

71 2839 178 2900 quam
196 2819 239 2881 ab
254 2820 327 2900 ipso
342 2819 501 2882 debitore.

71 2921 127 3003 (b)
153 2921 237 2985 Cum
260 2922 372 2985 Bootis
394 2934 506 2987 autem
535 2923 566 2984 in
596 2923 688 2998 coe10,
710 2942 765 2984 scu
791 2940 866 2982 cum
893 2918 1040 2982 Ecclesia
1061 2921 1177 2982 tm'um-

67 3026 195 3108 plorante
211 3027 506 3100 communicamus,
521 3034 685 3107 quatenus
707 3044 764 3086 eos
786 3042 982 3085 veneramur
997 3030 1031 3084 et
1048 3022 1178 3086 invoca-

73 3149 162 3204 mus,
177 3129 265 3210 iique
286 3129 430 3193 vicissim
454 3131 621 3193 orationes
645 3149 705 3210 pro
728 3128 823 3190 nobis
844 3127 996 3202 offerunt,
1012 3136 1044 3188 et
1061 3148 1079 3188 a
1097 3128 1179 3202 De0,

71 3250 136 3312 per
153 3227 330 3306 Christum,
347 3230 442 3293 nobis
458 3229 642 3312 spiritualia
657 3226 818 3293 beneficia
833 3229 995 3306 obtinent,
1011 3240 1047 3292 ut
1064 3229 1177 3310 proba-

72 3345 150 3398 tum
166 3341 216 3395 est
232 3333 287 3396 ubi
304 3334 345 3396 de
370 3333 469 3398 Verbo
484 3333 612 3395 Incarn.
628 3333 641 3413 l
645 3349 721 3412 300·
725 3333 811 3412 396).

71 3437 126 3518 (c)
145 3435 230 3500 Cum
247 3436 398 3500 Ecclesia
409 3436 556 3517 potiente
578 3436 871 3511 communicamus,
888 3445 1051 3516 quatenus
1067 3455 1179 3496 earum

72 3558 196 3622 poenas
212 3538 375 3622 suffragiis
395 3540 597 3614 alleviamus,
613 3549 649 3602 ut
672 3538 772 3602 modo
795 3539 1042 3601 declaravimus.
1092 3538 1180 3600 Hinc

72 3641 167 3707 redte
190 3643 236 3706 ait
261 3643 296 3706 S.
318 3643 458 3707 Thomas
479 3644 573 3726 (Sup.
598 3663 628 3724 q.
652 3658 702 3722 71,
725 3662 752 3705 a.
775 3643 828 3723 2):
851 3648 866 3674 “
878 3643 1015 3717 Caritas,
1031 3661 1106 3721 quae
1129 3652 1179 3705 est
1200 3639 1202 3647 ⁸

71 3745 246 3810 vinculum
264 3746 422 3810 Ecclesia¹
443 3747 591 3810 membra
610 3746 736 3821 uniens,
753 3766 818 3808 non
841 3747 946 3808 solum
967 3747 1008 3808 ad
1032 3745 1124 3807 vivos
1145 3765 1179 3806 se

71 3850 242 3926 extendit,
256 3851 314 3913 sed
339 3852 439 3914 etiam
463 3852 506 3915 ad
532 3859 688 3927 mortuos,
704 3851 760 3931 qui
786 3851 817 3911 in
842 3851 978 3912 caritate
1005 3849 1178 3914 decedunt.

73 3953 208 4019 Caritas
224 3953 322 4029 enim,
338 3973 412 4034 quae
429 3963 479 4017 est
494 3954 563 4016 vita
579 3955 708 4028 animae,
725 3955 810 4017 sicut
832 3955 943 4015 anima
959 3962 1009 4016 est
1024 3953 1094 4016 vita
1110 3973 1178 4018 cor-

73 4058 176 4142 poris,
193 4077 258 4121 non
277 4057 429 4121 finitura:
450 4059 569 4121 caritas
586 4077 756 4138 nunquam
773 4057 899 4119 excidit
911 4057 934 4118 ''.

113 4212 239 4281 1Ephes.
259 4213 280 4276 l,
294 4225 383 4278 21—23.
401 4211 752 4278 -²Gen.v111,2osq.;
772 4209 932 4276 xV111,2,·
947 4226 986 4278 sq.

112 4292 156 4348 8Ι
166 4295 227 4350 Cor.
243 4295 328 4363 Xlll,
342 4297 366 4349 8.
867 4331 869 4338 ,
