2794 4662
225 174 290 224 688
592 175 648 224 DE
668 175 961 227 MATmMomo.

223 356 338 430 vitiati,
354 375 447 418 suam
466 355 672 436 voluptatem
690 357 903 437 potiusquam
927 355 1028 438 prolis
1048 356 1176 418 bonum
1195 366 1321 419 natura·

224 457 297 520 liter
313 467 486 539 quaerunt3
510 459 577 532 sed,
595 459 711 538 gratiae
735 459 984 522 sacramentalis
1004 481 1078 542 ope,
1096 470 1229 523 mentes
1252 481 1323 522 suas

223 561 320 624 altius
337 563 475 642 erigunt,
491 573 525 624 et
546 581 621 624 cnm
645 563 701 644 pio
718 561 825 624 Tobia
842 564 951 627 dicere
966 565 1078 628 valent
1098 589 1105 628 :
1130 565 1206 628 “Et
1231 585 1323 638 nunc,

225 661 435 736 Domine,'tu
459 662 522 724 scis
545 663 623 744 quia
646 682 712 727 non
739 663 879 726 luxuriae
902 671 1002 728 causa
1025 668 1157 749 accipio
1180 688 1323 730 sororem

224 786 331 830 meam
349 766 534 847 conjugem,
548 767 605 828 sed
623 766 693 828 sola
711 768 916 848 posteritatis
932 767 1119 846 dileetione,
1137 772 1171 833 in
1188 776 1254 852 qua
1272 771 1323 833 be-

223 871 393 933 nedicatur
411 889 530 932 nomen
555 878 649 932 tuum
669 870 700 931 in
719 869 842 932 saecula
858 871 1054 936 seculorum
1069 874 1084 900 '’
1099 886 1119 936 ¹.
1169 873 1241 936 Nec
1266 875 1322 935 mi-

223 992 284 1034 nor
296 973 469 1054 requiritur
481 971 588 1052 gratia
605 971 647 1034 ad
666 970 749 1034 filios
766 969 883 1034 sancte
894 973 1084 1037 educandos
1096 985 1109 1050 ;’
1127 994 1217 1050 nam,
1231 985 1266 1037 ut
1279 977 1320 1038 ait

223 1075 288 1136 Leo
303 1073 340 1135 X
344 1074 401 1152 ln
418 1073 616 1154 (Arcanum)
633 1097 645 1137 .·
668 1080 684 1104 ‘⁸
700 1074 736 1136 ln
764 1072 872 1134 liberis
896 1076 1028 1138 tuendis
1045 1087 1147 1158 atque
1165 1080 1206 1140 ad
1226 1080 1320 1140 virtu·

222 1185 289 1240 tem
314 1177 525 1259 potissimum
551 1175 770 1238 informandis
786 1195 903 1239 omnes
927 1190 1103 1260 parentum
1121 1201 1219 1243 curas
1236 1183 1320 1260 cogi-

223 1281 431 1360 tationesque
454 1278 611 1360 evigilare
635 1298 769 1340 necesse
791 1289 867 1341 est:
892 1281 1022 1356 Patres,
1039 1283 1170 1345 educam
1193 1284 1267 1346 illos
1289 1287 1320 1344 r'rr

221 1382 392 1464 disciplina
407 1393 437 1446 et
451 1383 641 1465 correptione
657 1381 796 1444 Domini
804 1394 825 1446 ².
872 1384 927 1445 Ex
952 1405 1019 1466 quo
1043 1387 1248 1470 intelligitur,
1264 1408 1319 1449 nec

223 1508 329 1569 pauca
345 1508 416 1549 esse
433 1487 613 1568 conjugum
630 1485 746 1560 officia,
764 1505 867 1567 neque
885 1485 991 1562 levia;
1014 1509 1053 1550 ea
1076 1500 1191 1552 tamen
1210 1491 1318 1569 conju-

222 1590 318 1672 gibus
331 1591 435 1664 bonis,
446 1589 482 1652 ob
494 1589 649 1652 vr‘rt‘urenr
661 1609 731 1670 qnce
741 1600 941 1652 sacramento
945 1593 1133 1672 percipitur,
1142 1612 1210 1656 non
1223 1597 1319 1656 modo

223 1693 406 1755 tolerabilia
423 1691 514 1765 fiunt,
529 1713 639 1754 uerum
655 1693 754 1754 etiam
761 1691 911 1772 Jircundn
923 1693 946 1753 ”.

265 1809 314 1879 77.
361 1809 396 1858 2⁰
412 1796 473 1858 Ad
484 1806 608 1858 castum
625 1815 766 1857 ornarem
775 1795 958 1876 fovendum
971 1819 985 1870 ;
1009 1798 1175 1878 siquidem
1198 1800 1317 1880 saepius

223 1901 355 1980 nuptias
372 1900 540 1981 perturbat
557 1897 737 1979 conjugum
754 1897 929 1978 discordia,
941 1901 1077 1980 quando
1093 1903 1318 1984 unusquisque

223 2004 370 2085 proprias
382 2003 528 2084 sequitur
541 2002 772 2065 inclinationes
787 2024 793 2064 :
817 2003 874 2076 vir,
886 2011 1052 2083 potestate
1068 2009 1128 2066 sua
1141 2005 1317 2078 abutendo,

223 2127 360 2169 uxorem
379 2127 444 2168 non
462 2117 499 2168 ut
515 2105 717 2187 adjutorium
736 2105 842 2168 simile
855 2105 916 2167 sibi
934 2107 1075 2187 respicit,
1088 2108 1145 2169 sed
1163 2109 1272 2188 potius
1285 2118 1317 2170 ut
1383 2135 1384 2140 ¹

223 2210 380 2274 famulam
406 2230 505 2292 quam
531 2209 617 2271 male
640 2207 844 2291 pertradtat;
880 2229 963 2271 uxor
986 2209 1057 2271 vice
1080 2213 1139 2272 sua
1166 2211 1316 2272 maritum
1383 2237 1384 2254 r

222 2315 414 2390 contemnit,
430 2314 527 2394 eique
550 2312 669 2394 subjici
694 2322 844 2389 recusat;
882 2312 960 2374 inde
983 2313 1242 2377 innumerabiles
1264 2333 1316 2374 na·

223 2428 358 2482 scuntur
374 2419 466 2491 rixae,
482 2437 557 2498 quae
575 2415 708 2478 familiae
726 2435 842 2497 pacem
859 2423 1022 2489 evertunt,
1038 2415 1208 2498 vitamque
1226 2417 1316 2477 misc-

223 2521 358 2584 rabilem
376 2520 506 2600 utrique
522 2519 655 2599 conjugi
673 2519 823 2582 reddunt
872 2518 960 2581 Huic
976 2527 1088 2580 autem
1107 2520 1197 2581 malo
1210 2539 1316 2582 occur·
1382 2566 1383 2585 r

223 2625 264 2686 rit
292 2621 495 2685 Matrimonii
524 2622 835 2698 sacramentum,vi
863 2620 957 2702 cujus
984 2621 1033 2683 vir
1056 2640 1198 2684 uxorem
1227 2641 1316 2683 suam

222 2726 331 2806 diligit
353 2726 437 2788 sicut
462 2725 612 2788 Christus
637 2725 835 2799 Ecclesiam,
850 2735 884 2787 et
908 2743 995 2786 uxor
1017 2724 1088 2786 viro
1112 2724 1250 2787 subdita
1271 2736 1316 2786 est

223 2831 308 2892 sicut
324 2827 475 2890 Ecclesia
492 2826 633 2902 Christo,
650 2828 816 2906 amboque
832 2826 972 2888 alacrius
995 2836 1129 2889 mutuas
1148 2826 1316 2889 infirmita·
1381 2849 1382 2864 ¹

224 2941 273 2994 tes
289 2930 456 3012 perierunt
472 2939 506 2992 et
522 2929 584 2991 sibi
602 2938 718 2992 mutuo
733 2930 944 2990 condonant:
968 2927 1063 2990 “Eos
1079 2929 1207 2991 scilicet
1224 2929 1317 3010 ipsos

223 3035 269 3095 ait
281 3033 343 3095 Leo
356 3033 393 3094 X
393 3031 454 3094 III
462 3033 494 3114 (l.
509 3033 585 3112 cit),
598 3052 731 3094 necesse
747 3043 797 3094 est
814 3033 860 3093 sic
876 3052 948 3094 esse
965 3032 1078 3094 animo
1093 3052 1228 3114 semper
1244 3031 1316 3094 aile-

223 3137 304 3212 &os
320 3147 356 3200 ut
379 3156 526 3199 amorem
549 3137 744 3211 maximum,
761 3145 969 3198 constantem
995 3133 1104 3210 fidem,
1121 3135 1226 3197 solers
1243 3135 1316 3196 assi-

223 3241 393 3322 duumque
409 3241 598 3321 praesidium
613 3241 706 3303 alteri
723 3241 862 3303 alterum
880 3241 1000 3302 debere
1016 3239 1213 3321 intelligant
1263 3240 1291 3300 tf
1295 3241 1317 3299 ir
1379 3255 1380 3278 ³

223 3354 274 3408 est
298 3345 430 3409 familiae
455 3345 615 3425 princeps
632 3354 664 3406 et
688 3355 788 3425 caput
812 3344 977 3420 mulieris,
1005 3363 1080 3424 quae
1104 3351 1228 3419 tamen,
1244 3344 1316 3424 quia

224 3469 300 3512 caro
323 3458 373 3510 est
396 3449 438 3510 de
461 3467 558 3510 carne
583 3447 668 3508 illius
691 3455 725 3508 et
748 3467 785 3509 os
808 3448 850 3508 de
874 3447 1002 3509 ossibus
1025 3445 1105 3526 ejus,
1126 3447 1317 3526 subjiciatur

225 3562 403 3633 pateatque
419 3551 498 3624 viro,
516 3549 547 3610 in
574 3569 698 3610 morem
724 3567 790 3610 non
814 3550 953 3625 ancillae,
969 3550 1026 3610 scd
1050 3550 1171 3626 sociae;
1200 3559 1238 3610 ut
1260 3551 1316 3610 sci-

225 3657 299 3720 licet
315 3653 512 3715 obedientiae
530 3653 686 3733 praestitae
711 3671 770 3718 nec
795 3651 960 3720 honestas,
978 3642 1037 3712 nec
1059 3653 1204 3732 dignitas
1228 3652 1317 3714 absit.

227 3757 263 3819 ln
277 3776 317 3818 eo
329 3765 440 3818 autem
458 3755 513 3835 qui
530 3765 659 3836 praeest,
670 3763 704 3816 et
720 3755 752 3815 in
771 3755 832 3816 hac
845 3775 919 3835 quae
933 3766 1033 3836 paret,
1047 3775 1122 3817 cum
1141 3757 1317 3836 imaginem
1377 3783 1378 3812 r

225 3871 361 3941 uterque
378 3858 519 3920 reserant
536 3858 619 3921 alter
633 3858 764 3932 Christi,
777 3857 881 3919 altera
898 3857 1062 3930 Ecclesiae,
1074 3857 1189 3919 divina
1202 3859 1317 3919 caritas

225 3972 296 4024 esto
327 3969 486 4043 perpetuo
515 3961 719 4022 moderatrix
749 3959 882 4021 officii”.
939 3961 1039 4021 Porro
1071 3961 1318 4021 sacramentalis

225 4065 330 4144 gratia
347 4064 417 4125 haec
434 4063 546 4124 omnia
562 4075 717 4143 operatur
734 4065 765 4125 in
785 4065 822 4124 iis
839 4064 894 4143 qui
912 4073 989 4124 sunt
1007 4059 1094 4124 recte
1106 4063 1271 4143 dispositi.

401 4193 471 4198 -—.
490 4195 503 4199 -
524 4195 637 4201 .,-.
659 4195 1308 4206 ——-—--—-——--——-————-·-

425 4267 442 4323 ·,
455 4281 478 4330 ι).
495 4297 526 4302 -
537 4265 546 4292 ·²
556 4267 658 4334 anne.
672 4269 720 4332 rr,
735 4285 759 4332 4.
