2780 4646
366 155 422 204 nr:
439 155 600 204 onnrrn
622 154 816 206 neruum.
853 119 857 127 ¹
1105 153 1147 210 19

49 328 287 396 justificationem
298 353 304 398 ;
332 331 424 403 gratia
434 333 515 390 enim
528 331 662 400 actualis,
671 341 701 390 et
713 349 731 389 a
744 331 856 390 fortiori
869 331 960 389 virtus
973 330 1043 390 fidei
1057 330 1146 388 sacul-

50 425 120 474 tates
139 419 286 476 naturales
306 417 347 476 ita
366 419 461 477 elevat
481 427 513 477 ut
531 418 616 476 adius
635 419 874 490 supernaturales
892 419 1000 477 elicere
1019 419 1143 490 possint.

51 502 126 573 Ergo
144 505 232 562 etiam
255 515 402 576 peccator,
418 507 511 576 gratia
526 506 581 563 Dei
600 516 776 577 praeventus,
792 504 920 577 propriae
939 505 1146 564 resurredlioni

49 592 196 660 cooperari
212 601 320 662 potest.

81 676 128 744 (Β)
144 675 188 732 Ex
197 676 348 748 Scriptura
361 676 453 734 homo
467 694 520 749 per
528 675 653 748 gratiam
662 694 729 735 vere
742 675 882 734 trahitur:
904 677 1035 735 “Nemo
1048 686 1146 750 potest

49 761 144 819 venire
156 763 196 820 ad
209 779 268 828 me,
279 762 336 819 nisi
351 763 438 820 Pater
450 762 501 835 qui
512 762 592 821 misit
606 780 653 821 me
664 763 911 834 traxeriteum''¹;
930 780 1019 834 porro
1030 764 1081 836 qui
1091 773 1146 821 tra·

49 845 123 903 hitur
135 865 197 906 non
211 858 256 906 est
269 847 344 906 liber
361 869 368 908 r
388 866 467 920 ergo.
1115 877 1118 880 ·

80 933 166 1004 Resp.
207 935 313 992 Homo
326 934 450 992 trahitur
468 935 591 1006 quidem
611 951 664 1008 per
683 935 818 1006 gratiam,
833 945 980 1006 quatenus
1000 946 1146 1006 movetur;

49 1019 97 1076 sed
110 1037 171 1077 non
186 1037 223 1078 eo
236 1037 325 1078 sensu
339 1019 422 1093 quod
436 1021 462 1078 ei
472 1020 632 1079 necessitas
643 1020 773 1090 insertur,
785 1038 853 1077 narn
864 1020 1008 1079 versiculo
1021 1039 1146 1094 sequen-

49 1103 66 1159 ti
76 1132 85 1153 2
97 1105 162 1177 ipse
172 1105 309 1164 Christus
322 1106 425 1164 addit:
449 1105 586 1165 “Omnis
599 1105 650 1178 qui
663 1106 777 1165 audivit
790 1107 910 1176 aPatre,
925 1108 1005 1164 venir
1014 1107 1053 1167 ad
1063 1125 1112 1166 me
1122 1109 1147 1179 ”,

50 1188 133 1260 igitur
145 1193 187 1250 ita
200 1192 344 1250 trahimur
358 1210 411 1264 per
423 1193 547 1264 gratiam
562 1203 594 1250 ut
607 1192 696 1250 simul
709 1194 748 1251 ad
759 1193 857 1250 Deum
872 1192 965 1251 libere
978 1192 1143 1252 veniamus.

50 1275 160 1335 Revera
180 1277 268 1335 trahit
288 1279 385 1346 timor,
399 1278 488 1337 trahit
502 1278 610 1349 laetitia,
627 1279 715 1338 trahit
728 1279 919 1349 desiderium,
933 1279 1054 1338 trahunt
1067 1280 1146 1338 dele-

48 1361 200 1432 curiones,
213 1362 286 1436 quin
300 1373 400 1422 tamen
414 1365 622 1422 necessitatem
637 1364 724 1424 nobis
739 1365 873 1424 inserant.

79 1449 125 1516 (C)
137 1449 286 1506 Instant:
305 1449 332 1507 S.
348 1450 455 1508 Paulus
474 1451 533 1507 ait:
553 1454 569 1480 ‘¹
582 1451 664 1508 Deus
722 1461 861 1522 operatur
879 1451 982 1508 omnia
1001 1451 1031 1508 in
1052 1452 1146 1508 omni-

48 1533 132 1592 hus...
146 1545 290 1607 operatur
304 1535 334 1592 in
347 1535 433 1593 vobis
446 1547 476 1596 et
489 1536 564 1594 velle
575 1545 605 1594 et
619 1537 760 1608 perlicere
770 1538 801 1576 ”³
814 1559 821 1604 ;
847 1537 930 1610 atqui
944 1536 968 1593 si
981 1537 1063 1595 Deus
1076 1554 1145 1610 ope·

47 1633 120 1678 ratur
138 1621 252 1692 omnia,
269 1622 358 1680 etiam
373 1621 529 1680 volitiones
549 1633 672 1692 nostras,
690 1623 788 1681 nullus
808 1635 940 1681 remanet
959 1623 1042 1682 locus
1061 1622 1145 1681 liber·

47 1707 109 1770 tati:
128 1725 212 1778 ergo.

79 1793 164 1864 Resp.
207 1793 291 1851 Deus
304 1804 442 1866 operatur
455 1794 564 1860 onmia,
576 1811 613 1852 eo
627 1812 716 1853 sensu
729 1795 812 1866 quod
825 1795 965 1853 omnibus
978 1794 1147 1854 adlionibus

51 1881 153 1936 nostris
175 1887 350 1952 cooperatur,
368 1899 428 1938 non
448 1891 549 1939 autem
569 1900 607 1939 eo
625 1899 713 1939 sensu
726 1881 810 1953 quod
823 1883 903 1940 solus
922 1899 973 1939 eas
991 1892 1146 1954 operatum

50 1984 113 2024 narn
127 1968 157 2027 S.
178 1966 288 2024 Paulus
307 1968 415 2026 eodem
436 1968 503 2026 loco
522 1968 584 2025 ait:
618 1969 722 2028 “Cum
741 1979 822 2026 metu
837 1978 866 2027 et
879 1980 1007 2027 tremore
1020 1979 1145 2028 vestram

49 2053 171 2112 salutem
185 2053 405 2124 operamim'’'⁴,·
423 2053 510 2126 igitur
520 2055 588 2113 dure
601 2065 669 2112 sunt
682 2073 779 2113 causae
793 2056 917 2114 salutem
932 2065 1063 2118 nostram
1076 2075 1146 2130 ope-

50 2151 151 2209 rantes,
164 2140 249 2198 Deus
262 2149 292 2197 et
301 2140 437 2198 voluntas
447 2152 555 2211 nostra,
570 2153 599 2200 et
610 2152 735 2214 utraque
743 2159 833 2200 causa
843 2142 934 2201 libere
943 2142 1146 2216 simulcoope·

50 2236 129 2282 ratur.
174 2226 323 2284 Notarnus
345 2227 466 2299 insuper
485 2229 613 2300 priorem
633 2237 746 2286 textum
766 2228 805 2286 ad
824 2247 886 2287 rem
907 2247 967 2286 non
987 2229 1145 2301 pertinere,

50 2327 136 2381 quum
152 2312 195 2370 ibi
208 2321 313 2378 agatur
325 2312 364 2370 de
376 2312 477 2384 gratiis
490 2314 579 2385 gratis
592 2313 675 2372 datis.

87 2421 135 2484 99.
193 2416 229 2482 30
248 2401 463 2466 Corollarr'um
480 2429 491 2466 .·
526 2405 617 2466 Hinc
638 2405 729 2466 homo
749 2414 855 2484 polest
873 2416 905 2468 et
921 2405 1011 2468 debet
1027 2407 1149 2487 gratioe

50 2503 213 2583 cooperari.
261 2505 313 2566 De
330 2503 395 2567 fide
410 2516 461 2569 est
476 2527 520 2568 ex
543 2506 573 2567 Τ
570 2506 685 2570 rident.
704 2531 715 2570 .·
748 2506 811 2570 “Si
834 2508 908 2588 quis
930 2509 1053 2572 dixerit
1076 2510 1147 2572 sola

52 2603 109 2668 fide
126 2607 268 2688 impium
282 2606 456 2687 justificari
511 2617 545 2669 et
562 2607 653 2671 nulla
665 2629 710 2671 ex
724 2618 818 2690 parte
829 2629 964 2672 necesse
981 2631 1053 2674 esse
1070 2632 1145 2676 eurn

51 2730 113 2773 suae
129 2711 315 2775 voluntatis
330 2721 423 2775 motu
440 2713 617 2794 praeparari
635 2721 735 2795 atque
752 2713 895 2794 disponi,
910 2713 950 2776 Α.
963 2713 1038 2777 S.’'⁵

91 2815 221 2876 Revera
234 2834 277 2876 ex
291 2813 464 2902 Scrtpturd
480 2826 594 2897 aperte
611 2817 778 2898 colligitur
790 2816 960 2878 hominem
978 2837 1054 2880 curn
1073 2818 1147 2881 Deo
1225 2865 1229 2872 .

52 2916 216 2998 cooperari
234 2917 276 2977 ad
294 2935 409 2979 ornnes
432 2915 526 2980 adius
543 2918 701 2982 salutares
712 2941 719 2996 ;
752 2940 829 2982 nam
849 2920 898 3000 (a)
914 2922 957 2982 de
978 2921 1051 2984 Deo
1068 2922 1147 2984 dici-

53 3027 117 3084 tur:
142 3025 158 3053 “
171 3018 312 3082 Inclinat
324 3019 424 3081 corda
437 3029 549 3081 nostra
563 3022 605 3083 ad
619 3032 707 3095 seut
717 3022 926 3085 ambulemus
940 3023 972 3085 in
987 3025 1147 3086 universis

53 3121 107 3183 viis
122 3121 196 3203 ejus
210 3120 250 3164 ”⁶
259 3143 266 3196 ;
298 3130 331 3182 et
358 3131 469 3183 tamen
494 3123 536 3184 de
560 3122 704 3185 hominis
728 3125 964 3206 cooperatione
987 3126 1146 3189 additur:

53 3223 239 3286 “Inclinavi
262 3242 318 3284 cot
341 3242 452 3286 meum
476 3222 518 3285 ad
543 3222 712 3306 faciendas
734 3226 987 3306 justificationes
1015 3237 1089 3289 tuas
1114 3229 1146 3290 in

53 3339 205 3393 aternum
220 3329 235 3354 ¹'
247 3339 282 3404 ⁷3
310 3327 361 3410 (b)
379 3329 471 3391 Deus
488 3331 594 3410 aperit
611 3330 745 3410 quidem
764 3329 851 3392 labia
868 3339 981 3392 nostra
997 3331 1038 3392 ad
1052 3350 1147 3394 oran·

53 3430 146 3494 dum:
171 3437 186 3462 “
200 3430 353 3504 Domine,
367 3429 456 3492 labia
473 3451 547 3492 mea
564 3432 692 3512 aperies
703 3432 736 3473 '¹1
754 3453 760 3508 ;
784 3432 841 3493 sed
861 3451 921 3492 nos
938 3431 1056 3494 eadem
1070 3452 1147 3513 ape·

56 3533 148 3595 rimus
167 3557 175 3596 :
199 3531 276 3596 “Os
290 3551 400 3595 meum
418 3535 532 3614 aperui
548 3544 581 3597 et
599 3534 723 3596 attraxi
740 3535 893 3615 spiritum
905 3535 966 3611 '¹9;
995 3535 1041 3613 (c)
1055 3534 1147 3598 Deus

56 3655 109 3697 nos
121 3639 163 3700 ad
178 3656 214 3698 se
225 3637 387 3698 convertit
403 3659 410 3702 ;
434 3635 624 3699 “Converte
637 3636 796 3698 nosDeus
809 3636 962 3698 salutaris
975 3638 1147 3710 noster”¹⁰‚

56 3739 106 3800 sed
124 3739 347 3818 nosmetipsos
365 3737 487 3818 pariter
503 3739 543 3800 ad
564 3738 673 3799 Deum
691 3741 914 3801 convertimus
933 3763 940 3801 z
964 3739 1147 3822 “Cogitavi

87 3963 282 4032 ¹J0a.Vl,44.
299 3961 839 4029 -2J0a.V1‚45.-³rc0r.xr1‚6;
857 3960 964 4030 Philip.
982 3962 1020 4026 ΙΙ,
1038 3975 1076 4028 13.

87 4045 208 4121 *Plilzp
228 4051 265 4116 ll,
282 4066 323 4104 12.
336 4079 370 4087 -
381 4048 392 4078 ⁶
402 4051 478 4104 Sess.
495 4045 548 4112 Vl,
564 4065 626 4102 can.
643 4061 667 4112 9.
681 4076 715 4084 —
727 4047 799 4100 ιςΙΙΙ
807 4048 873 4117 Reg.
885 4049 925 4101 Vl
932 4051 970 4114 ΙΙ,
986 4050 1026 4117 58.

88 4134 888 4202 ⁷Ps.cXV111,112.-⁸Ps.L‚17.-⁰Ps.CXV111‚
910 4147 968 4201 131.

89 4220 161 4274 ¹⁰I's.
178 4219 341 4286 LXXXIV,
348 4231 372 4290 5.
