2770 4652
264 161 319 210 DE
339 159 632 210 POENITENTIAE
651 158 949 212 SACRAMENTO.
1090 156 1153 208 ⁴91

44 337 86 400 ad
106 339 386 403 communionem
406 341 697 404 Sacramentorum
723 361 781 423 per
800 339 939 424 januam
963 336 1154 401 reconcilia·

44 442 151 503 tionis
169 444 390 508 admitterent
402 446 426 508 ”.

83 591 138 642 20.
193 580 290 637 leen‘s
314 581 384 639 lle:
416 579 588 644 Potestas
613 579 817 644 remittendi
843 582 1002 658 peccata,
1030 573 1152 638 Eccle-

43 672 108 737 siae
135 691 330 764 concessa,
353 681 439 740 actu
463 694 547 741 vere
566 676 727 756 iudiciali
753 680 945 740 exercetur
955 683 974 738 ¹.
1025 673 1074 730 De
1088 671 1151 747 fide

43 783 103 847 est,
122 784 248 855 utpote
271 774 446 839 delinitum
472 797 491 838 a
513 777 543 838 T
540 777 655 838 rident.
676 777 767 858 (sess.
786 773 882 848 XIV,
899 791 968 834 can.
985 767 1024 855 9)
1045 794 1051 832 :
1084 769 1166 834 “Si

43 873 119 952 quis
145 874 275 936 dixerit
299 873 544 938 absolutionem
568 873 842 940 sacramentalem
867 870 1049 934 sacerdotis
1084 888 1151 932 non

43 995 117 1037 esse
131 975 250 1040 aetum
260 977 461 1058 judicialem,
472 981 529 1042 sed
541 982 667 1043 nudum
682 977 900 1041 ministerium
915 973 1152 1056 pronuntiandi

42 1089 75 1140 et
100 1079 302 1144 declarandi
336 1083 472 1145 remissa
506 1105 578 1148 esse
611 1093 748 1165 peccata
780 1077 1012 1142 confitenti...
1030 1077 1070 1138 A.
1089 1075 1121 1140 S.
1136 1076 1151 1102 ”

45 1181 208 1243 Potestas
222 1180 398 1260 judiciaria
418 1183 461 1246 de
477 1188 543 1265 qua
556 1183 609 1245 hic
626 1184 744 1265 agitur,
761 1204 827 1246 non
844 1192 894 1245 est
911 1184 1037 1245 nudum
1056 1180 1152 1242 mini·

43 1283 199 1358 sterium,
209 1303 276 1364 quo
289 1285 424 1366 aliquod
442 1282 609 1346 confertur
626 1281 832 1358 beneficium,
843 1282 900 1344 sed
917 1301 995 1343 vera
1011 1277 1153 1343 audtori-

44 1393 95 1445 tas
112 1387 320 1448 sententiam
334 1387 459 1449 serendi
476 1386 508 1448 in
525 1384 686 1462 subditos,
699 1385 796 1448 simul
813 1404 889 1447 curn
903 1381 976 1463 jure
992 1393 1026 1446 et
1042 1380 1152 1444 officio

44 1503 186 1546 causam
205 1486 295 1566 prius
312 1485 504 1548 instruendi.

86 1611 136 1662 21.
195 1610 226 1658 10
244 1597 359 1680 Script.
405 1595 464 1678 (Α)
483 1599 635 1659 Potestas
652 1595 812 1659 Ecclesiae
836 1598 967 1674 tradita,
984 1608 1035 1661 est
1058 1603 1151 1678 pote·

47 1699 308 1779 stasjudicialis,
322 1721 378 1763 seu
395 1701 584 1762 sententiam
601 1699 636 1760 in
651 1697 793 1761 subditos
798 1701 939 1778 ferendi.
985 1701 1041 1762 Ex
1055 1709 1151 1763 textu

47 1800 78 1864 S.
95 1802 242 1882 Joannis
266 1823 366 1885 supra
389 1803 500 1877 allato,
526 1802 677 1865 Ecclesia
704 1813 906 1883 potestatem
932 1804 1060 1885 accepit
1085 1823 1151 1866 non

48 1903 156 1967 solum
176 1907 367 1970 remittendi
384 1907 443 1969 sed
460 1908 561 1970 etiam
587 1907 750 1970 retinendi
776 1920 912 1988 peccata
923 1933 930 1988 ;
965 1909 1058 1989 atqui
1076 1907 1152 1971 talis

48 2018 201 2086 potestas
218 2015 336 2074 natura
349 2013 410 2072 sua
425 2019 476 2074 est
491 2029 567 2073 vere
580 2010 756 2091 judicialis
767 2019 803 2074 ut
819 2031 862 2074 ex
880 2020 1042 2075 contextu
1060 2011 1152 2074 colli-

48 2109 152 2187 gitur;
190 2110 239 2192 (a)
256 2122 403 2194 potestas
426 2113 524 2188 enirn,
540 2133 615 2194 quae
634 2112 807 2192 Apostolis
832 2113 980 2189 traditur,
1004 2123 1054 2176 est
1079 2114 1150 2194 ipsa

49 2222 199 2290 potestas
215 2235 316 2296 quarn
334 2217 484 2280 Christus
501 2239 525 2288 a
539 2219 636 2280 Patre
658 2219 787 2299 accepit
805 2243 811 2281 :
844 2219 966 2284 “Sicut
983 2219 1072 2281 misit
1098 2238 1151 2281 me

52 2314 156 2393 Pater,
168 2327 203 2379 et
215 2337 279 2398 ego
289 2319 388 2382 mitto
401 2319 529 2400 vos..‘’;
553 2321 645 2402 atqui
659 2330 808 2402 potestas
822 2320 944 2384 Christi
957 2323 1000 2384 ad
1014 2332 1152 2404 peccata

50 2420 251 2482 remittenda
265 2420 433 2500 judicialis
444 2433 503 2497 est,
511 2443 616 2503 quum
631 2424 674 2487 sit
677 2423 786 2503 Jieder
795 2424 943 2487 vivorum
958 2434 992 2486 et
1003 2434 1151 2488 mortuo-

52 2540 137 2598 rum;
173 2523 225 2604 (b)
248 2526 338 2605 quod
364 2527 471 2607 magis
495 2535 627 2589 constat
651 2547 693 2589 ex
716 2526 844 2608 analysi
869 2527 967 2608 hujus
1000 2527 1150 2591 lormulae

50 2642 185 2700 qnorum
210 2627 419 2703 retinueritis,
445 2637 568 2692 relenta
590 2639 688 2702 sunm
723 2630 779 2710 qui
813 2638 1015 2711 potestatem
1049 2631 1150 2694 habet

52 2738 187 2802 peccata
203 2729 377 2805 retinendi,
395 2741 515 2812 potest,
532 2732 733 2812 denegando
749 2731 1005 2809 absolutionem,
1021 2733 1149 2797 efficere

52 2835 86 2887 ut
97 2842 254 2908 peccator
266 2833 362 2894 venia
375 2845 495 2909 careat,
508 2836 615 2897 donec
631 2834 843 2897 conditiones
860 2835 901 2897 ad
920 2836 1148 2899 remissionem

51 2934 178 3008 peccati
203 2937 415 3018 praescriptae,
440 2938 587 3020 impletae
605 2937 733 3013 luerint,
752 2938 892 3018 ideoque
908 2957 1026 3019 cogere
1043 2939 1148 3020 poeni-

51 3039 173 3098 tentem
191 3047 227 3099 ut
244 3039 352 3101 eidem
370 3041 527 3120 potestati
546 3061 581 3102 se
597 3039 768 3120 subjiciat;
792 3040 881 3120 quod
899 3042 987 3103 enirn
1006 3043 1147 3104 retinue-

53 3135 97 3211 rit,
113 3139 155 3202 ab
172 3142 245 3222 ipso
264 3143 338 3204 Deo
355 3153 521 3206 retentum
546 3152 604 3206 est.
653 3142 724 3204 Nec
740 3162 843 3222 penes
860 3144 1080 3224 poenitentem
1097 3155 1148 3210 est

52 3236 132 3304 hanc
155 3247 376 3309 retentionem
402 3247 582 3310 illusoriam
611 3246 757 3320 reddere,
773 3245 846 3308 aliis
870 3245 988 3307 mediis
1014 3246 1145 3308 veniam

52 3341 246 3426 obtinendo;
280 3368 356 3411 narn
375 3350 468 3412 Deus
485 3350 554 3431 ipse
571 3358 707 3431 peccata
732 3348 851 3410 retinet
875 3350 1059 3428 usquedum
1077 3369 1146 3429 poe-

54 3445 154 3510 nitens
170 3471 254 3532 opus
272 3453 333 3533 ipsi
351 3453 545 3534 impositum
571 3452 752 3534 perfecerit.
799 3451 889 3531 Ergo
906 3451 961 3531 qui
979 3459 1146 3531 potestate

54 3544 235 3628 hujusmodi
260 3556 391 3636 gaudet,
414 3577 490 3618 vere
509 3556 617 3636 judex
641 3564 692 3616 est
715 3564 748 3616 et
769 3554 823 3634 jus
850 3553 951 3615 habet
974 3553 1145 3634 obligandi

55 3656 264 3727 poenitentem
282 3669 318 3720 ut
334 3659 396 3721 sibi
413 3660 557 3732 obediat,
574 3677 758 3740 poenasque
780 3655 1016 3719 satisladtorias
1040 3657 1146 3720 aliave

56 3757 254 3823 rationabilia
269 3781 370 3823 onera
386 3763 511 3824 subeat.
557 3761 606 3842 (c)
620 3761 675 3824 Ex
691 3756 789 3823 didlis
802 3779 900 3840 supra
916 3755 963 3843 (n.
979 3759 1038 3839 17),
1052 3769 1085 3822 et
1101 3780 1146 3822 ex
1167 3787 1169 3796 ¹

57 3856 242 3926 audloritate
260 3865 395 3926 Patrum
413 3865 457 3946 (n.
474 3865 535 3946 19),
547 3864 687 3926 facultas
709 3847 899 3926 remittendi
911 3875 1046 3945 peccata
1064 3865 1144 3926 nihil

57 3956 135 4024 aliud
151 3975 201 4028 est
217 3967 280 4028 nisi
297 3988 373 4048 pars
388 3969 543 4048 quaedam
553 3967 726 4047 potestatis
740 3967 891 4042 clavium,
908 3968 939 4028 in
957 3967 1051 4048 cujus
1073 3988 1144 4030 arn-

59 4061 208 4138 plitudine
234 4072 434 4149 continetur,
450 4073 657 4153 proindeque
679 4071 750 4151 ejus
777 4081 930 4134 naturam
951 4073 1145 4154 participat;

90 4253 246 4329 'Palmieri,
258 4262 296 4315 th.
311 4277 400 4327 10-11;
420 4265 542 4329 Hurter,
554 4282 580 4318 n.
593 4277 655 4333 533;
673 4267 780 4335 Egger,
794 4283 820 4320 n.
833 4267 895 4336 5463
916 4269 1051 4334 Cambier,
1063 4285 1088 4337 p.
1100 4281 1142 4335 52.
