2780 4646
366 165 423 213 ors
441 151 600 213 ona-rra
621 160 822 248 ncruarr.
1105 153 1147 204 er

49 341 129 397 Grai.
143 349 173 396 er
189 341 234 398 lib.
251 342 338 400 arbit.
354 341 437 412 XVI,
454 344 515 414 3a);
535 343 576 410 (b)
594 339 770 397 auctoritate
790 335 940 405 Ecclesiae,
957 351 1024 406 quae
1045 332 1144 389 Deum

45 440 104 484 orat
120 431 136 456 “
145 438 179 486 ut
192 438 306 486 nostras
319 428 409 486 etiam
422 427 548 486 rebelles
560 428 600 486 ad
613 445 645 485 se
658 425 819 498 compellat
832 423 999 481 voluntates
1008 420 1023 444 ''
1033 429 1040 452 ¹
1052 443 1059 488 ;
1070 419 1144 489 jam·

46 532 109 570 vero
124 516 207 573 Deus
220 534 281 572 non
296 526 394 588 potest
407 515 588 588 compellere
601 525 716 572 nostras
729 512 906 580 voluntates,
923 508 977 565 nisi
996 507 1089 579 gratia
1108 505 1145 562 sit

46 601 71 656 in
84 619 115 658 se
128 601 231 658 efficax
244 623 251 662 :
271 620 351 673 ergo.

78 702 131 740 112.
171 690 220 758 (C)
233 689 361 746 Ratione
370 711 381 745 .·
394 691 434 758 (ι)
448 688 512 745 Nisi
526 688 700 745 admittatur
712 686 805 758 gratia
815 683 854 742 ab
864 683 1024 740 intrinseco
1034 679 1145 746 efficax,

46 775 202 832 dicendum
218 787 262 831 est
281 793 347 832 csse
364 774 488 846 aliquod
506 792 568 845 ens,
587 774 699 832 scilicet
718 787 898 829 consensum
917 767 1076 825 voluntatis
1093 783 1144 821 no-

46 873 115 924 stra,
137 861 221 931 quod
239 879 300 918 non
318 860 490 919 immediate
507 878 525 917 a
544 861 610 918 Deo
629 870 784 927 causetur;
806 855 887 927 atqui
908 853 981 913 illud
1000 861 1145 924 repugnat

46 963 189 1016 supremae
212 947 270 1004 Dei
292 947 479 1004 causalitati:
505 964 643 1018 suprema
668 945 748 1003 enim
774 943 909 1002 omnium
934 957 1023 998 causa
1044 937 1145 995 omnia

46 1033 118 1088 entia
131 1032 224 1090 debet
238 1033 422 1106 producere3
441 1052 521 1105 erge.

45 1121 81 1184 (b)
95 1120 189 1188 Deus,
202 1132 307 1192 utpote
322 1121 434 1193 primus
447 1131 554 1186 motor,
569 1137 675 1176 ornnes
688 1135 792 1175 causas
805 1131 924 1172 movere
936 1113 1028 1171 debet
1041 1112 1101 1168 sive
1115 1112 1144 1166 in

47 1206 145 1264 ordine
159 1207 285 1264 naturali
300 1208 361 1265 sive
375 1209 404 1264 in
418 1207 524 1265 ordine
537 1205 752 1278 supernaturali
765 1227 772 1270 ;
790 1202 872 1274 atqui
892 1201 1073 1258 voluntatem
1094 1216 1144 1254 no-

47 1303 129 1348 stram
157 1293 186 1350 in
213 1293 320 1352 ordine
345 1293 558 1366 supernaturali
586 1309 705 1350 movere
737 1290 840 1362 nequit
865 1289 919 1345 nisi
946 1285 1145 1357 pergratiam

47 1398 77 1434 ex
101 1396 133 1436 se
157 1392 187 1437 et
212 1380 252 1436 ab
277 1380 435 1438 intrinseco
459 1379 629 1446 efficacem
651 1377 744 1450 gratia
768 1376 858 1443 enim,
882 1391 950 1446 qua.
971 1383 1015 1429 est
1036 1371 1145 1428 solum-

48 1465 133 1524 modo
159 1466 263 1523 efficax
289 1485 324 1524 ex
348 1484 496 1524 consensu
523 1477 633 1536 nostro,
661 1482 722 1522 non
747 1472 847 1520 movet
872 1478 939 1518 vere
963 1459 1146 1516 voluntatem

48 1564 182 1624 nostram,
199 1553 253 1610 sed
273 1554 373 1626 potius
392 1564 528 1611 movetur
545 1564 574 1611 et
593 1553 759 1625 applicatur
776 1550 815 1608 ad
833 1549 933 1606 aetum
949 1564 1002 1618 per
1014 1545 1146 1602 volunta-

49 1647 240 1711 tem3erg01.

87 1743 153 1807 113
206 1729 396 1794 Conclusio:
417 1731 584 1810 Utrinque
602 1731 700 1810 igitur
716 1729 860 1790 rationes
873 1746 939 1788 non
951 1724 1146 1806 spernendae

50 1832 76 1892 ln
93 1835 241 1897 medium
266 1832 486 1915 proferuntur,
503 1833 657 1912 utrinque
678 1831 840 1911 angustiae
862 1839 895 1890 et
918 1827 1146 1904 difficultates;

51 1933 185 2016 ideoque
207 1937 435 2016 unusquisque
460 1936 492 1996 in
516 1955 577 1997 suo
593 1941 690 1996 'sensu
707 1933 864 2004 abundet,
880 1929 1065 1992 dummodo
1081 1948 1146 1990 ser·

50 2047 136 2098 retur
148 2040 278 2101 caritas.
320 2037 391 2100 Nec
408 2039 527 2099 mirum
545 2046 595 2098 est
610 2036 741 2098 difficile
754 2035 935 2096 admodum
948 2052 1020 2094 esse
1029 2032 1146 2112 gratiae

51 2139 225 2204 efficaciam
243 2161 318 2204 cum
336 2140 488 2203 libertate
505 2141 688 2215 conciliare,
700 2159 801 2222 quum
816 2149 884 2200 tam
902 2157 1008 2220 pauca
1024 2155 1143 2216 cogno

51 2263 175 2308 scamus
199 2246 286 2308 circa
309 2246 479 2326 utriusque
502 2245 660 2326 operandi
685 2243 832 2305 modum.
876 2240 1008 2322 Judicio
1024 2248 1148 2314 nostre,

52 2347 152 2410 dicere
168 2347 301 2424 sufficit,
319 2368 394 2411 cum
414 2347 577 2428 Angelico
598 2345 752 2420 Doetore,
771 2344 881 2407 Deum
904 2345 936 2405 in
958 2343 1147 2406 voluntates

53 2463 173 2513 nostras
184 2451 363 2513 efficaciter
373 2471 479 2531 agere,
490 2451 568 2532 quin
582 2460 693 2511 tamen
708 2448 846 2511 liberum
858 2448 953 2511 tollat
966 2447 1147 2520 arbitrium,

53 2555 142 2615 modo
166 2553 310 2615 mirabili
335 2553 431 2614 nobis
456 2553 649 2633 incognito:
676 2557 691 2582 ‘⁴
706 2553 798 2614 Deus
826 2553 858 2613 in
882 2551 1055 2613 voluntate
1078 2550 1148 2630 agit

54 2673 103 2731 per
129 2657 269 2718 modum
296 2655 511 2730 necessitatis,
535 2655 612 2734 quia
640 2653 846 2716 voluntatem
875 2674 940 2716 non
967 2653 1065 2734 cogit,
1089 2652 1146 2713 sed

55 2768 156 2821 movet
179 2777 254 2820 eam
280 2778 345 2820 non
371 2756 551 2820 auferendo
574 2757 603 2818 ei
629 2757 775 2829 modum,
791 2757 848 2838 qui
872 2757 903 2818 in
929 2756 1080 2817 libertate
1104 2757 1146 2816 ad

55 2862 237 2924 utrumlibet
254 2862 377 2924 existit.
425 2861 470 2923 Et
483 2862 568 2936 ideo,
579 2861 731 2941 quamvis
748 2859 869 2922 divinae
886 2859 1049 2921 voluntati
1068 2857 1146 2918 nihil

56 2965 185 3040 resistat,
209 2974 322 3026 tamen
352 2963 508 3026 voluntas
537 2973 570 3026 et
599 2963 756 3044 qualibet
780 2963 844 3024 alia
872 2981 931 3038 reS,
954 2961 1149 3042 exsequitur

54 3067 191 3130 divinam
203 3069 412 3130 voluntatem
426 3067 608 3129 secundum
624 3067 759 3128 modum
774 3085 870 3127 suurn
879 3087 887 3142 ;
904 3065 981 3146 quia
993 3075 1025 3126 et
1039 3066 1147 3146 ipsum

56 3172 182 3232 modum
207 3171 321 3232 divina
347 3139 501 3232 volunt‘as
526 3170 623 3230 rebus
646 3169 747 3242 dedit,
772 3177 807 3230 ut
831 3169 877 3230 sic
901 3167 971 3248 ejus
996 3168 1148 3230 voluntas

56 3270 238 3352 impleretur
250 3273 273 3334 '’.
322 3272 375 3334 De
392 3273 496 3334 Verit.
513 3293 543 3352 q.
564 3271 607 3347 II,
625 3293 651 3333 a.
670 3289 697 3350 3,
713 3272 754 3332 ad
774 3287 800 3348 3.

95 3374 199 3437 Nemo
221 3385 333 3436 tamen
357 3384 483 3436 asserat
506 3372 691 3437 doctrinam
716 3374 892 3437 Societatis
909 3373 1150 3455 pelagianismo

86 3553 92 3573 ¹
106 3551 217 3605 Domin.
237 3551 284 3604 IV.
301 3559 365 3619 post
380 3551 492 3604 Pentec.

86 3631 186 3690 ²Aliud
200 3647 337 3705 praeterea
350 3646 475 3704 systema
488 3646 696 3706 propugnatum
709 3635 761 3689 luit
774 3653 790 3688 a
804 3635 946 3688 nonnullis
960 3633 1107 3703 theologis,
1122 3645 1150 3688 ut

63 3716 202 3786 l'snmbert,
217 3723 244 3774 T
241 3722 367 3792 oremale,
380 3723 408 3775 S.
421 3722 509 3791 Alpa.
522 3721 653 3790 Lignorr',
662 3722 742 3790 juxta
755 3738 826 3791 quos
839 3721 941 3788 duplex
955 3721 1038 3774 datur
1050 3718 1149 3788 gratia,

59 3805 103 3858 alia
115 3824 175 3877 quae
188 3809 287 3863 efficax
300 3819 343 3862 est
357 3825 391 3861 ex
404 3807 557 3862 voluntatis
571 3824 721 3870 consensu,
732 3819 760 3861 et
771 3809 853 3860 datur
865 3807 902 3860 ad
916 3807 1041 3861 faciliora
1055 3824 1149 3876 opera,

61 3895 199 3953 prasertim
212 3894 368 3949 orationem
381 3913 388 3957 ;
406 3895 472 3958 alia,
488 3911 551 3963 quae
564 3894 661 3948 efficax
675 3905 717 3947 est
730 3911 764 3947 ex
778 3911 808 3947 se
820 3904 848 3947 et
862 3893 1002 3947 confertur
1015 3893 1051 3948 ad
1066 3911 1151 3963 opera

60 3973 218 4048 difficiliora3
234 3980 363 4050 jamvero
376 3981 461 4035 homo
480 3977 528 4050 qui
547 3979 632 4048 priori
649 3982 723 4034 bene
738 3980 824 4034 utitur
841 3980 1003 4048 impetrabit
1017 3981 1149 4049 posterio-

60 4076 116 4116 rem.
155 4067 226 4120 Illud
240 4077 366 4136 systema
383 4084 439 4121 non
456 4067 532 4121 omni
546 4067 659 4136 quidem
674 4067 872 4136 probabilitate
886 4079 971 4132 caret,
985 4068 1036 4121 sed
1050 4067 1150 4121 iisdem

60 4146 254 4205 difficultatibus
265 4153 374 4206 laborat
385 4167 418 4206 ac
429 4162 577 4222 utrumque
591 4164 715 4221 systema
725 4153 785 4221 jam
798 4153 964 4222 expositum,
975 4153 1150 4223 proindeque

61 4239 172 4300 apaucis
185 4248 296 4293 tantum
309 4240 471 4294 advocatur.
