2752 4648
246 185 302 236 DE
321 185 610 238 SACRAMENTO
628 185 945 238 EUCIIARISTIAE.
1077 187 1144 238 375

57 363 147 426 ficare
161 365 245 440 velit,
263 365 352 428 aliud
367 366 566 429 vocabulum
590 366 712 429 addere
734 366 857 430 debeat
879 376 913 429 ct
936 367 1046 429 dicere
1068 387 1096 427 v.
1114 385 1143 447 g,

55 487 166 546 panem
179 467 415 546 hordeaceum;
431 470 521 551 quod
537 488 618 530 sane
633 467 809 531 confirmat
824 467 961 531 traditio
976 487 1014 530 ac
1031 468 1144 548 praxis

54 573 193 636 omnium
215 555 488 651 Ecclesiamm¹;
510 569 561 652 (b)
584 572 739 634 eumdem
764 572 963 653 praescripsit
986 571 1145 644 adhiberi,

54 696 122 738 cum
135 677 220 740 dixit
233 698 240 740 :
253 677 354 740 “Hoc
366 677 463 740 lacite
474 676 506 738 in
519 694 628 737 meam
640 675 990 739 commemorationem
1004 675 1027 737 '’.
1045 674 1143 755 Ergo.

95 781 148 860 (B)
178 781 208 843 T
206 781 276 844 rad.
301 801 344 844 ex
373 778 549 842 Florentin.
568 803 578 837 .·
609 783 625 810 “
639 779 788 840 TertIum
819 787 870 840 est
900 785 1143 841 sacramentum

55 881 273 958 Eucharistiae,
289 883 382 964 cujus
400 881 537 944 materia
560 889 610 942 est
627 879 729 960 panis
751 879 902 954 triticeus,
919 890 952 943 et
972 880 1085 943 vinum
1103 880 1146 941 de

53 985 146 1048 vite”.
193 988 334 1068 Insuper
348 985 489 1047 Mis-sale
510 985 701 1046 Romanum
726 984 797 1046 haec
820 983 943 1047 habet:
967 984 1032 1048 “Si
1050 984 1144 1067 panis

52 1091 168 1152 nonsit
185 1091 340 1163 triticeus,
357 1109 422 1151 non
439 1085 612 1149 conficitur
626 1095 870 1149 sacramentum
881 1087 905 1148 ’'.

92 1195 135 1273 85
181 1193 315 1274 Regula
323 1191 495 1273 practica:
512 1189 577 1271 (A)
592 1189 699 1270 Juxta
722 1206 933 1251 communem
951 1191 1143 1252 aestimatio-

53 1311 121 1355 nem
137 1295 354 1375 prudentium,
367 1293 514 1374 quinque
526 1291 735 1354 conditiones
749 1291 958 1370 requiruntur
969 1295 1010 1355 ad
1024 1293 1143 1354 validi·

53 1405 140 1458 tatem
156 1397 421 1470 consecrationis
437 1416 480 1457 ex
498 1405 591 1476 parte
608 1395 712 1477 panis,
728 1413 770 1456 sc.
788 1403 825 1456 ut
840 1395 903 1458 sit:
927 1394 978 1476 (a)
993 1415 1067 1457 vere
1084 1395 1143 1457 tri-

53 1499 147 1573 licens,
171 1502 189 1564 i.
213 1521 239 1563 e.
263 1521 281 1562 e
303 1501 415 1582 granis
439 1499 539 1562 tritici
563 1498 681 1562 saltem
706 1497 930 1578 principaliter
953 1496 1143 1576 conledtus3

53 1603 133 1665 unde
155 1603 181 1664 si
205 1604 301 1685 panis
324 1600 540 1666 conficeretur
562 1621 606 1663 ex
630 1600 835 1682 graminibus
857 1610 891 1664 et
912 1601 1143 1682 leguminibus,

53 1704 216 1767 autetiam
233 1704 306 1768 aliis
326 1704 516 1778 cerealibus,
532 1713 569 1766 ut
591 1703 726 1778 horde0,
742 1707 856 1779 avena,
873 1705 964 1766 milio
984 1715 1040 1768 aut
1063 1706 1143 1769 mai·

54 1806 106 1879 zio,
116 1809 319 1871 consecratio
335 1808 480 1871 invalida
496 1817 583 1871 esset
597 1829 604 1882 ;
627 1809 654 1868 si
671 1828 715 1869 ex
729 1808 848 1888 spelta2
860 1817 917 1871 aut
931 1807 1035 1882 secali,
1046 1808 1144 1872 valde

54 1908 154 1985 dubia,
166 1910 267 1991 juxta
284 1912 416 1976 multos.
463 1913 549 1974 Item
567 1911 748 1992 permixtio
764 1911 879 1973 alienae
898 1911 1093 1974 substantiae
1110 1913 1142 1974 in

7 2015 8 2024 ’
54 2016 231 2089 quantitate
248 2013 397 2089 notabili,
415 2015 587 2077 materiam
613 2013 722 2076 reddit
744 2013 932 2076 invalidam.
978 2012 1029 2094 (b)
1045 2014 1143 2094 Aqnd

55 2117 193 2179 natumli
212 2117 365 2180 sabatius
374 2141 389 2191 ,·
416 2117 493 2180 hinc
516 2117 544 2179 si
567 2117 662 2198 panis
686 2126 772 2179 esset
795 2114 951 2180 subauus
978 2138 1022 2179 ex
1051 2115 1143 2190 ladte,

7 2205 8 2296 l
55 2218 128 2290 olco,
143 2221 264 2303 butyro
287 2232 358 2296 etc,
382 2223 521 2285 materia
547 2232 635 2284 esset
658 2221 825 2297 invalida;
852 2241 939 2302 aqua
966 2219 1145 2283 artificialis
1215 2275 1216 2280 ,

55 2323 152 2386 reddit
169 2325 341 2388 materiam
358 2325 494 2388 dubiam
512 2346 519 2402 ;
542 2325 591 2406 (c)
608 2325 681 2406 {gne
695 2325 815 2396 collum·
838 2345 875 2386 ac
900 2325 1038 2405 proinde
1055 2325 1143 2388 inva-

8 2459 9 2510 ἶ
57 2419 113 2484 lida
128 2435 214 2488 esset
230 2447 339 2489 massa
362 2427 477 2490 Iarinae
500 2427 611 2500 cruda,
627 2437 685 2489 aut
708 2447 766 2508 per
788 2426 931 2489 calorem
955 2427 1033 2488 solis
1050 2428 1144 2490 indu-

8 2519 9 2530 ’
57 2535 125 2600 rata,
141 2528 191 2589 v'el
216 2527 300 2590 lrixa
324 2539 384 2592 etc.
430 2529 482 2610 (d)
506 2551 567 2592 non
590 2539 759 2609 corruptus
779 2529 1044 2606 substantialiter,
1066 2530 1145 2612 quia

56 2629 304 2704 tuncdesinerct
319 2651 391 2694 esse
407 2633 502 2714 panis
516 2656 524 2712 ;
540 2631 587 2712 (e)
597 2631 742 2694 sensibus
753 2632 893 2714 pervius,
906 2652 1000 2695 secus
1017 2632 1143 2696 nullum

57 2730 175 2795 adesset
191 2734 324 2813 sIgnum
341 2734 505 2796 sensibile.

95 2830 157 2920 (B)
178 2836 317 2918 Insuper
338 2837 380 2899 ad
403 2837 573 2900 liccr'tatem
594 2839 767 2919 requiritur
783 2848 819 2903 ut
836 2839 930 2919 panis
950 2839 1000 2913 sit,
1017 2838 1067 2918 (a)
1084 2859 1145 2900 non

59 2937 192 3000 mucidus
207 2939 281 3020 (not
297 2941 447 3021 mouldy)
460 2962 467 3016 ;
490 2940 566 3003 hinc
583 2941 755 3022 particulae
768 2941 892 3004 debent
905 2961 976 3002 esse
988 2952 1146 3015 recentes,

58 3036 93 3098 ab
106 3061 170 3103 uno
186 3061 300 3104 mense
324 3043 366 3105 ad
391 3061 559 3105 summurn
583 3040 785 3120 confetiae33
809 3042 859 3124 (b)
875 3043 1072 3120 orbicularis,
1088 3064 1145 3106 seu

86 3241 93 3272 ¹
107 3245 238 3298 Nonnulli
252 3243 326 3298 idern
342 3245 459 3314 probare
472 3247 568 3300 volunt
587 3264 620 3300 ex
639 3264 673 3300 eo
691 3247 766 3316 quod
780 3247 861 3316 panis
874 3265 995 3316 azymus,
1011 3266 1028 3301 a
1040 3250 1146 3317 Judzcis

59 3330 195 3398 adhibitus,
212 3331 293 3386 suerit
307 3331 450 3386 triticeus:
469 3332 524 3386 boc
537 3345 632 3388 tamen
646 3345 754 3387 certum
766 3351 823 3387 non
836 3345 879 3389 est
892 3334 996 3402 (Pesclz,
1011 3353 1038 3390 n.
1054 3337 1125 3405 758).

87 3417 234 3471 'Nonnulli
249 3429 344 3473 tamen
359 3419 534 3474 contendunt
547 3421 664 3489 speltam
678 3420 825 3474 materiam
839 3421 961 3474 validam
975 3439 1045 3487 esse,
1058 3435 1085 3476 et
1099 3440 1147 3491 per

59 3500 126 3564 plura
144 3505 247 3558 saecula
266 3505 294 3558 in
313 3505 409 3558 multis
428 3505 496 3558 locis
516 3507 608 3577 reipsa
627 3505 784 3560 adhibitam
804 3507 908 3571 luisse3
933 3507 1008 3576 quod
1027 3507 1111 3561 etiam
1130 3527 1148 3563 a

60 3583 149 3644 fortiori
170 3592 206 3646 de
226 3591 342 3660 siligine
364 3591 494 3658 (hiberno
516 3591 620 3656 tritico)
642 3589 698 3643 dici
721 3601 813 3659 potest
834 3589 888 3656 (Cl.
908 3591 1058 3656 Ballern'nr',
1078 3607 1148 3660 opus

60 3678 160 3745 morale,
173 3679 209 3732 de
223 3679 343 3731 Euchar.
357 3695 381 3732 c.
398 3693 429 3742 1.,
442 3677 543 3742 26-28).
586 3678 702 3742 Revera,
716 3677 795 3745 juxta
808 3675 921 3743 peritos,
935 3676 1024 3744 spelta
1037 3688 1080 3730 est
1093 3695 1149 3732 una

60 3775 86 3815 ex
98 3767 240 3834 speciebus
253 3767 348 3832 tritici,
361 3784 395 3821 ex
408 3767 465 3836 qud
478 3765 508 3819 fit
521 3765 627 3818 usualis
641 3765 722 3834 panis
738 3765 860 3833 optimus
875 3782 880 3816 :
901 3764 918 3789 “
932 3764 1069 3816 Triticum
1082 3767 1149 3817 sati-

60 3863 118 3903 vum
129 3867 170 3909 est
183 3855 250 3908 illud
264 3853 340 3924 quod
354 3853 539 3907 communiter
549 3852 657 3918 seritur,
668 3851 840 3920 cujus,juxta
852 3849 987 3911 Haeclcel
998 3860 1053 3903 tres
1063 3867 1148 3918 agno·

13 3949 14 3990 l
62 3949 162 3994 scuntur
183 3941 333 4011 praeclpuae
353 3940 510 4006 varietates,
529 3939 626 4008 spelta,
649 3939 787 3990 dr‘coccum
806 3943 833 3988 et
852 3941 938 3987 tenax
947 3936 960 3962 ”
980 3936 1146 4006 (Encyclop.

63 4019 166 4093 Britan,
178 4029 264 4083 verbo
277 4027 390 4093 wlreat).
432 4027 516 4080 Unde
535 4027 635 4081 merito
654 4025 692 4077 ait
712 4023 798 4076 Pescla
818 4021 856 4088 (n.
874 4019 958 4090 759):
978 4022 1087 4090 “Quod
1106 4033 1150 4076 est

62 4123 127 4167 certe
139 4116 266 4182 triticum,
284 4115 349 4169 licet
362 4116 482 4168 sortasse
495 4123 609 4168 vocetur
626 4113 723 4182 spelta,
736 4111 828 4180 silzjgo,
841 4109 885 4161 vel
899 4109 955 4162 allo
968 4110 1090 4174 nomine,
1106 4121 1150 4164 est

63 4201 166 4255 materia
178 4203 320 4258 sufficiens
329 4203 352 4254 ”.

91 4286 139 4341 ³5.
155 4291 209 4345 Ru.
233 4290 419 4360 congregabo
438 4289 562 4355 (Decret.
588 4287 619 4340 16
639 4287 709 4340 Dec.
735 4285 810 4354 1826,
833 4285 999 4348 Gardellini,
1020 4301 1045 4337 n.
1067 4282 1148 4351 4623)
