2770 4652
362 206 416 255 DE
436 206 675 258 SACRIFICIO
692 209 845 258 MISSAE.
1084 203 1151 256 439

1027 322 1152 331 ——

61 390 140 462 dunt,
154 391 294 468 mystica
311 389 366 452 illa
382 388 540 453 mactatio
557 393 655 472 plane
672 391 799 462 sufficit,
814 395 882 454 imo
898 392 1085 473 expressior
1100 401 1151 452 est

62 512 153 572 quam
169 493 312 572 simplex
331 481 461 574 liquoris
478 493 604 570 effusio,
621 515 704 575 quae,
718 495 819 576 juxta
834 515 961 570 omneS,
977 495 1018 556 ad
1036 514 1149 555 verum

60 593 248 656 sacrificium
265 595 394 658 sufficit.

61 693 106 776 (b)
118 696 228 758 Aliam
246 697 504 778 explicationem
519 700 656 761 tradunt
667 699 760 779 Lago
776 708 809 761 et
825 699 1011 762 Franzelin.
1044 700 1151 780 Juxta

60 799 141 879 ipsos
156 799 329 880 siquidem,
347 821 404 881 per
421 801 521 863 verba
537 804 793 864 consecrationis
817 803 1007 865 humanitas
1028 803 1149 867 Christi

59 904 184 980 ponitur
201 904 233 963 in
254 913 343 964 statu
368 903 598 985 imperfectiori
622 917 655 967 et
679 905 868 982 decliviori;
891 907 1055 986 siquidem
1079 908 1151 988 ejus

58 1025 170 1086 corpus
185 1015 219 1068 et
235 1007 370 1086 sanguis
392 1006 559 1070 reducitur
577 1010 618 1070 ad
642 1017 766 1070 statum
790 1008 854 1069 cibi
872 1018 905 1070 et
922 1018 1030 1088 potus,
1046 1010 1093 1071 ita
1114 1019 1150 1072 ut

57 1108 179 1169 comedi
196 1109 311 1188 possit,
327 1117 360 1170 et
377 1109 409 1170 in
427 1109 484 1172 tali
503 1111 603 1172 modo
619 1110 787 1172 existendi
811 1111 1023 1172 constituitur
1039 1124 1074 1173 ut
1092 1132 1149 1172 na-

58 1210 199 1272 turaliter
224 1213 292 1274 suis
316 1213 467 1274 sensibus
491 1215 538 1274 uti
563 1224 717 1294 nequeat,
740 1213 877 1294 ejusque
900 1215 1149 1276 sacramentalis

56 1315 230 1376 existentia
246 1335 266 1376 a
281 1315 453 1395 speciebus
472 1315 706 1379 Eucharisticis
722 1317 869 1397 pendeat
881 1325 914 1378 et
927 1335 1002 1378 cum
1017 1316 1080 1377 illis
1092 1317 1148 1379 de·

56 1416 158 1492 sinat;
181 1437 249 1479 uno
272 1418 372 1478 verbo
396 1418 547 1481 Christus
570 1420 602 1481 in
621 1419 829 1481 Eucharistia
845 1429 896 1482 est
913 1420 945 1480 in
962 1428 1050 1482 statu
1067 1440 1149 1499 quo-

55 1519 128 1580 dam
143 1519 381 1594 exinanitionis,
398 1522 453 1600 qui
475 1521 594 1584 sufficit
617 1523 658 1584 ad
683 1542 797 1584 verum
820 1533 852 1584 et
875 1523 1005 1602 proprie
1021 1520 1146 1585 dietum

54 1624 283 1698 sacrificium1;
306 1625 382 1687 talis
401 1627 489 1686 enim
506 1627 645 1687 mutatio
663 1625 769 1706 major
785 1635 834 1688 est
851 1645 951 1706 quam
968 1644 1007 1686 ea
1024 1646 1098 1706 quae
1116 1628 1147 1687 in

54 1727 217 1790 nonnullis
234 1727 401 1790 sacrificiis
419 1728 527 1803 fiebat,
543 1750 570 1790 v.
588 1749 617 1808 g.
635 1728 666 1789 in
686 1729 905 1790 libationibus.

58 1817 60 1821 ⁸
96 1831 246 1910 Utraque
261 1831 443 1912 explicatio
457 1832 552 1893 nobis
565 1832 696 1893 videtur
708 1832 892 1892 necessaria
909 1831 950 1892 ad
968 1833 1146 1894 essentiam

52 1935 195 1998 sacrificii
227 1936 477 2012 illustrandam;
510 1954 587 1996 nam
611 1933 807 1996 sacrificium
834 1933 946 1995 Missae
973 1945 1023 1996 est
1050 1936 1146 1996 simul

53 2040 222 2102 relativum
246 2051 279 2102 et
302 2041 504 2108 absolutum:
532 2038 681 2119 jamvero
707 2038 794 2117 prior
819 2037 987 2116 expositio
1013 2037 1149 2099 feliciter

53 2145 194 2206 ostendit
220 2143 357 2205 Missam
382 2163 453 2204 esse
476 2141 671 2203 sacrificium
697 2140 879 2212 relativum,
898 2159 1000 2219 quum
1024 2141 1147 2221 specic-

53 2265 119 2308 rum
143 2247 353 2328 separatione
369 2246 478 2308 vivide
495 2251 749 2326 repraesentctur
766 2261 853 2303 mors
870 2242 1013 2318 Christi;
1038 2255 1147 2325 poste·

1 2383 2 2386 =
53 2350 112 2410 rior
127 2360 240 2412 autem
257 2349 464 2412 demonstrat
480 2347 566 2410 hanc
580 2368 645 2408 non
659 2365 730 2406 esse
744 2345 868 2406 nudam
883 2347 1147 2426 repraesentatio-

52 2472 133 2527 nem,
148 2453 207 2514 sed
232 2453 353 2514 realem
379 2453 557 2535 importare
574 2452 793 2514 mutationem
812 2453 843 2515 in
862 2473 998 2534 corpore
1015 2453 1146 2522 Christi,

52 2555 95 2616 ita
110 2565 145 2618 ut
161 2555 359 2617 sacrificium
378 2557 491 2618 Missae
508 2576 574 2617 non
596 2557 639 2618 sit
662 2577 750 2618 mere
767 2556 951 2632 relativum,
968 2559 1026 2620 sed
1043 2559 1144 2620 etiam

51 2658 246 2722 absolutum.

93 2759 158 2840 164.
195 2775 231 2824 20
243 2761 394 2824 Essentia
408 2761 564 2843 sacrificii
578 2761 694 2824 Missae
708 2762 856 2824 consistit
870 2763 904 2823 in
920 2765 1150 2825 consecratione
1253 2835 1257 2844 ¹

50 2867 216 2947 utriusque
236 2867 354 2945 spect'ei,
376 2867 423 2927 ita
444 2875 482 2927 nt
502 2865 681 2927 cotnmumo
702 2865 876 2927 sacerdotis
897 2865 1083 2927 celebrantis
1103 2868 1150 2927 sit

49 2969 146 3030 solum
157 2980 241 3049 pars
256 2969 422 3047 integrans
435 2968 596 3050 sacrificii.
643 2969 697 3030 Ita
705 2965 913 3048 probabilius.
953 2965 1011 3048 (A)
1027 2968 1148 3030 Proba-

50 3082 100 3133 tur
114 3072 256 3134 dircite:
280 3072 342 3133 Illa
366 3069 453 3134 adtio
476 3071 648 3132 constituit
671 3071 849 3132 essentiam
866 3069 1014 3134 sacrificii
1034 3071 1146 3132 Missae

50 3195 119 3254 quae
137 3175 174 3237 iit
191 3177 223 3236 in
242 3179 381 3256 persona
399 3175 530 3249 Christi,
547 3195 646 3255 quam
671 3175 741 3254 ipse
762 3173 1013 3254 adhibuitque
1031 3185 1081 3236 est
1098 3195 1145 3236 re-

50 3279 282 3356 praesentativa
299 3279 471 3359 passionis,
488 3289 522 3340 et
538 3277 749 3339 immutativa
764 3273 927 3350 vietimae;
952 3277 1043 3357 atqui
1068 3298 1147 3338 con-

50 3384 186 3444 secratio
217 3393 250 3445 et
281 3383 414 3462 quidem
447 3382 517 3442 sola
548 3381 607 3441 has
638 3389 781 3462 quatuor
810 3379 1017 3441 conditiones
1049 3380 1144 3440 simul

50 3485 234 3568 adimplet:
270 3487 316 3564 (a)
344 3484 381 3546 fit
408 3485 542 3545 nomine
570 3483 702 3558 Christi,
728 3503 802 3545 cum
835 3483 867 3543 in
899 3484 1147 3544 consecratione

50 3587 212 3666 ipsissima
236 3585 307 3666 ejus
330 3586 431 3647 verba
454 3586 684 3658 adhibeantur,
700 3593 733 3646 et
756 3585 910 3646 sacerdos
926 3603 1002 3645 vere
1024 3585 1147 3648 Christi

50 3709 222 3768 personam
240 3699 354 3769 gerat;
377 3687 428 3768 (b)
445 3688 597 3750 eamdem
616 3687 780 3750 aetionem
800 3687 950 3750 Christus
968 3687 1037 3766 ipse
1054 3688 1145 3749 adhi-

49 3820 187 3827 —-..--.
210 3819 268 3825 --.
287 3819 344 3825 -μ-
363 3819 509 3824 ‚nq——a

80 3883 87 3905 ¹
110 3884 186 3936 Hinc
207 3883 360 3950 Gregorius
378 3882 459 3950 Nyss.
481 3881 527 3948 (de
549 3879 706 3935 Resurreel.
729 3880 804 3948 apud
824 3879 953 3932 Franael.
974 3896 1000 3948 p.
1023 3879 1087 3947 375)
1107 3879 1148 3932 ait

51 3970 188 4024 Christum
209 3969 236 4022 in
256 3969 355 4023 ultima
373 3970 463 4022 Coend
482 3969 605 4037 seipsum
625 3969 652 4022 iu
673 3967 840 4021 sacrificium
859 3966 1016 4020 obtulisse:
1035 3969 1052 3992 “
1065 3968 1145 4020 Tunc

49 4072 110 4124 ergo
124 4066 220 4126 aperte
233 4055 356 4109 ostendit
374 4055 446 4123 Agrii
467 4054 634 4108 sacrificium
650 4055 707 4123 jam
726 4070 788 4106 esse
808 4051 979 4122 perfeetum
999 4054 1145 4106 nonenim

49 4155 119 4198 esset
140 4160 242 4212 corpus
263 4141 390 4195 sacrificii
412 4153 441 4195 ut
463 4143 656 4195 comederetur
676 4139 817 4206 idoneum,
840 4140 862 4192 si
885 4139 1040 4193 animatum
1061 4153 1144 4194 esset.

50 4229 168 4296 Quando
180 4245 248 4297 ergo
261 4245 362 4298 corpus
375 4227 516 4282 edendnm
529 4239 557 4282 et
571 4227 736 4294 sanguinem
749 4226 905 4280 bibendum
915 4227 1060 4295 discipulis
1070 4227 1145 4280 exhi-

50 4315 112 4382 buit,
121 4317 182 4386 jam
195 4315 330 4370 ineffabili
343 4331 371 4370 et
384 4313 578 4384 inaspectabili
592 4313 700 4368 ratione
713 4330 814 4382 corpus
828 4324 886 4366 erat
900 4313 1075 4366 immolatum
1086 4315 1133 4365 ¹³...
