2758 4652
250 179 307 229 DE
326 179 620 230 POENlTENTlAE
638 181 939 232 SACRAMENTO.
1079 183 1146 235 529

1012 301 1147 309 ———-

51 369 85 408 ex
102 370 163 424 quo
181 354 337 414 manifeste
350 356 498 428 colligitur
510 375 575 416 eant
590 376 654 416 esse
668 377 727 416 non
741 359 850 418 divinae
869 360 921 418 sed
940 359 1147 418 ecclesiasticae

52 441 250 500 institutionis.
311 443 397 515 Resp.
438 445 589 516 Imprimis
601 463 638 503 ex
656 445 712 504 haic
727 445 848 504 historie
860 456 976 504 constat
988 446 1146 504 confessio·

52 544 118 582 nem
131 539 212 585 certo
231 529 262 584 in
281 547 334 586 usu
354 531 561 603 fuissequarto
580 532 697 602 saeculo,
714 532 775 590 imo
794 543 824 590 et
842 532 936 603 tertio,
953 551 1045 604 quum
1066 534 1146 591 idem

51 613 183 671 Socrates
192 615 546 687 referatpoenitentiarum
556 617 759 690 presbyterum
769 620 830 690 jam
839 619 949 676 saeculo
959 620 1147 691 praecedente

51 699 215 758 institutum
234 701 323 760 fuisse
334 723 342 773 ;
363 703 417 761 sed
437 703 583 762 immerito
602 704 709 763 exinde
727 706 874 776 colligitur
887 723 972 764 usum
987 706 1147 764 confessio·

51 785 94 842 nis
105 784 282 857 abrogatum
296 789 385 847 fuisse
399 810 406 860 ;
425 790 456 848 id
469 791 549 848 enim
563 791 659 848 solum
676 792 852 863 abrogatum
866 803 909 850 est
922 793 1005 864 quod
1024 793 1147 850 scanda-

51 873 109 930 lum
129 874 304 946 praebuerat,
320 876 457 935 videlicet
477 877 596 949 publica
615 878 813 937 manifestatio
825 879 1011 938 occultorum
1024 880 1147 938 delicto·

50 977 132 1026 rum,
152 962 234 1032 quod
247 961 369 1034 quidem
383 974 523 1022 contextu
537 965 735 1035 confirmatur,
752 983 820 1023 nant
836 965 1004 1038 Episcopus
1017 967 1148 1025 decrevit

50 1055 81 1103 ut
94 1049 299 1120 unusquisque
313 1066 366 1121 pro
378 1051 498 1108 arbitrio
518 1061 546 1108 et
565 1069 620 1123 pro
637 1051 729 1108 animi
746 1053 790 1110 sui
807 1053 990 1110 conscientie
1002 1054 1041 1111 ad
1054 1071 1146 1111 sacra·

50 1143 217 1191 mentorum
236 1137 479 1194 communionem
498 1138 663 1204 accederet,
685 1139 702 1194 i.
720 1156 745 1196 e.
768 1157 829 1196 non
847 1139 975 1212 amplius
993 1151 1148 1211 cogeretur

48 1222 87 1278 ad
101 1222 306 1292 poenitentiam
320 1224 470 1296 publicam
484 1238 553 1283 ante
566 1245 655 1284 sacrae
670 1226 863 1286 Eucharistiae
876 1227 1085 1298 receptionem.

50 1308 88 1375 (c)
104 1308 222 1366 Docent
236 1311 369 1368 nonnulli
385 1313 493 1381 Patres,
508 1323 613 1384 praeter
625 1313 853 1381 confessionem,
866 1315 959 1372 multa
972 1331 1036 1371 esse
1049 1314 1149 1372 media

49 1394 159 1466 quibus
173 1407 294 1468 peccata
307 1398 415 1456 remitti
430 1400 554 1471 possint,
565 1409 597 1457 ut
610 1400 838 1472 eleemosynam,
852 1399 1023 1470 injuriarum
1036 1401 1148 1460 condo·

49 1483 203 1541 nationem
216 1495 286 1552 etc.;
305 1503 376 1556 ergo
388 1487 537 1546 confessio
550 1504 611 1544 non
624 1497 668 1546 est
682 1487 854 1546 necessaria.
913 1487 998 1558 Resp.
1037 1487 1148 1546 Verum

49 1580 95 1627 est
110 1571 169 1648 alia
182 1588 246 1628 esse
259 1572 357 1630 media
370 1571 480 1644 quibus
493 1573 670 1631 delictorum
684 1573 801 1632 veniam
820 1585 991 1646 peccatores
1004 1577 1147 1646 consequi

50 1658 149 1715 valent
169 1657 287 1715 necdiate
308 1671 338 1717 et
359 1659 503 1726 indirelie,
525 1670 672 1732 quatenus
691 1671 856 1734 praeparant
874 1660 914 1718 ad
932 1671 1148 1720 sacramentum

51 1745 252 1815 Paenitentia,
270 1746 316 1804 vel
334 1747 399 1817 ejus
417 1747 569 1819 complent
588 1747 740 1816 ellectum,
759 1765 864 1820 poenas
883 1748 1060 1820 temporales
1079 1748 1149 1806 reia·

49 1833 170 1900 xando;
189 1833 242 1891 sed
258 1852 293 1892 ex
309 1833 367 1892 hoc
385 1834 507 1894 minime
523 1835 656 1906 sequitur
668 1846 884 1892 sacramentum
902 1837 999 1907 ipsum
1013 1854 1073 1893 non
1086 1853 1150 1896 esse

50 1920 259 1990 necessarium,
268 1931 297 1978 et
311 1939 403 1992 quum
413 1921 483 1978 alibi
498 1923 607 1980 diserte
615 1922 761 1980 affirment
770 1922 918 1994 ejusmodi
931 1924 1148 1989 necessitatem,

49 2007 92 2064 nil
105 2007 214 2066 exinde
227 2019 330 2066 contra
343 2009 450 2066 thesim
464 2019 595 2066 nostram
608 2009 721 2080 opponi
737 2017 842 2082 potest.

93 2107 144 2174 72.
193 2099 529 2181 (C)Rati0neconven.
576 2099 1150 2165 Positlrdivinaconfessionisinsti·

49 2203 192 2278 tutione,
207 2203 278 2284 ejus
294 2204 526 2266 convenientia
541 2203 673 2266 ostendi
690 2213 801 2284 potest
816 2226 822 2266 :

48 2307 103 2384 (a)
116 2305 173 2367 Ex
178 2315 276 2385 parte
287 2305 355 2368 Dei
367 2331 378 2366 :
400 2317 575 2387 peccatum
588 2305 752 2386 siquidem
769 2305 908 2368 includit
920 2303 1031 2368 actum
1042 2317 1150 2386 super-

48 2408 113 2470 br'oe
126 2417 161 2470 et
176 2407 395 2474 inobedientiae
408 2411 464 2490 qui
481 2409 623 2492 reparari
640 2408 759 2486 debct;
785 2409 877 2488 atqui
895 2409 1019 2471 meliori
1037 2410 1151 2489 nequit

49 2513 196 2592 reparari
225 2514 326 2574 modo
348 2533 448 2593 quam
473 2533 531 2594 per
553 2523 764 2594 peccatorum
788 2513 950 2574 sinceram
973 2512 1151 2576 confessio-

48 2635 152 2693 nem;
178 2615 234 2696 qui
258 2616 345 2677 enim
370 2616 503 2678 dixerat
525 2616 643 2678 saltem
667 2615 904 2697 aequivalenter
918 2636 981 2677 non
1001 2617 1151 2692 serviam,

47 2737 111 2798 per
134 2716 376 2780 confessionem
402 2719 476 2780 Deo
498 2739 531 2780 se
552 2719 661 2782 subdit
682 2719 796 2780 dicens
813 2718 949 2798 peccavi,
973 2727 1007 2780 et
1030 2716 1151 2782 delicta

46 2841 112 2882 sua
134 2822 321 2902 recogitans
337 2822 369 2884 in
386 2822 608 2886 amaritudine
623 2823 743 2884 animae
759 2841 836 2895 suae,
853 2822 1070 2902 ministroque
1087 2823 1150 2885 Dei

46 2923 195 2986 candide
211 2945 249 2986 ac
263 2925 434 2988 humiliter
447 2926 607 3007 aperiens,
623 2924 812 3006 superbiam
837 2923 973 2985 edomat
986 2933 1026 2996 et
1047 2923 1151 2986 offen·

45 3047 123 3088 sam
151 3027 225 3088 Deo
248 3029 426 3110 irrogatam
450 3029 483 3090 in
507 3037 669 3108 quantum
696 3025 765 3088 fieri
792 3034 904 3106 potest
930 3037 1151 3107 compensat:

45 3131 218 3210 siquidem
229 3133 532 3196 “corcontritumet
545 3130 943 3206 humiliatum,Deus,non
957 3129 1151 3211 despicies''.

45 3234 102 3314 (b)
119 3233 176 3296 Ex
188 3245 285 3315 parte
304 3236 446 3298 dominis
461 3260 473 3299 .·
500 3235 673 3299 Confessio
688 3245 800 3314 pacem
816 3244 850 3296 et
864 3234 1066 3298 securitatem
1082 3236 1151 3298 ani·
1214 3309 1215 3312 Ἴ

46 3339 115 3400 mis
132 3338 280 3419 praebet;
302 3357 405 3400 unum
422 3359 440 3400 e
456 3339 632 3421 praecipuis
648 3339 743 3400 bonis
759 3338 879 3418 quibus
896 3337 958 3399 frui
975 3357 1151 3418 possumus

44 3449 101 3502 est
119 3439 268 3520 prolecto
284 3461 353 3522 pax
369 3443 511 3518 animae;
538 3442 629 3521 atqui
652 3451 806 3522 peccator
821 3441 879 3503 vix
900 3461 1017 3522 pacem
1034 3442 1151 3502 animi·

44 3564 117 3624 que
138 3545 349 3606 securitatem
372 3545 517 3607 invenire
538 3553 659 3625 potest,
675 3545 736 3606 nisi
760 3545 791 3606 in
814 3543 1021 3606 confessione
1044 3564 1151 3605 sacra-

45 3647 191 3710 mentali
205 3669 212 3724 ;
235 3649 387 3728 quamvis
402 3649 490 3710 enim
505 3647 652 3709 dolorem
666 3649 708 3710 de
720 3647 864 3728 peccatis
877 3647 1051 3726 concipere
1068 3647 1151 3708 nita-

44 3763 114 3827 tur,
137 3762 172 3814 ct
195 3772 255 3834 pro
277 3753 325 3813 eis
348 3751 546 3826 satisfacere,
567 3751 672 3812 nescit
694 3759 806 3812 tamen
832 3758 941 3811 utrum
966 3768 1077 3810 amore
1100 3749 1151 3810 vel

43 3859 131 3920 odio
146 3858 269 3937 dignus
284 3858 336 3931 sit,
352 3876 429 3918 nam
454 3877 543 3918 nemo
554 3855 663 3936 siedex
684 3854 718 3915 in
734 3852 873 3935 proprie
894 3851 1007 3923 causet·
1034 3873 1078 3914 ex
1094 3853 1151 3914 ad·

41 3981 157 4035 vers0,
172 3962 199 4022 si
216 3961 328 4022 omnia
343 3960 457 4042 gravia
473 3968 610 4042 peccata
628 3959 692 4020 Dei
713 3958 865 4020 ministro
887 3955 1003 4018 humili
1024 3955 1152 4017 confes·

42 4065 145 4126 sione
167 4064 292 4143 pandit,
309 4063 362 4124 hic
378 4064 420 4124 de
435 4063 482 4124 cis
501 4062 650 4142 judicare
673 4069 793 4140 potest,
808 4079 937 4121 necnon
954 4060 996 4121 de
1012 4060 1151 4140 disposi-

42 4167 198 4229 tionibus
214 4167 408 4248 poenitentis
421 4175 454 4228 et
466 4167 508 4227 de
520 4164 677 4245 aequitate
689 4161 924 4226 satisfactionis
937 4163 1007 4243 jam
1025 4163 1152 4243 praesti-

42 4285 90 4334 tae
110 4269 163 4334 vel
180 4271 388 4352 praestandae,
403 4270 516 4350 sicque
531 4277 733 4330 evanescunt
748 4267 848 4332 animi
865 4287 1006 4350 angores
1022 4277 1056 4330 et
1072 4286 1150 4329 con-

108 4408 236 4453 srsorsrs
249 4405 294 4450 lll.
309 4431 336 4438 —
348 4419 374 4460 34
