2780 4646
239 133 281 182 72
567 143 584 183 .“
636 145 648 184 ’.
696 133 911 188 enpust·

238 331 448 376 communem
466 315 666 378 sententiam
679 329 699 391 ¹,
717 317 764 379 sic
781 319 953 398 procedit:
977 317 1027 400 (a)
1044 339 1087 381 ex
1105 317 1217 394 dietis,
1231 318 1341 382 inlide-

238 413 284 490 les
301 426 440 497 possunt
455 418 596 498 propriis
608 419 893 484 viribus'saciliora
901 421 987 502 legis
1001 422 1161 487 naturalis
1173 433 1341 504 praecepta

238 537 391 595 servare;
413 520 440 581 si
466 520 512 582 ita
535 519 668 594 saciant,
686 521 787 598 Deus,
810 543 877 584 non
902 524 1036 604 quidem
1060 544 1104 586 ex
1125 524 1269 605 justitia,
1287 525 1339 584 sed

238 639 282 681 ex
299 621 531 696 misericordia,
545 623 624 704 ipsis
636 623 730 686 dabit
740 626 906 688 'auxilium
915 627 1112 706 gratuitum,
1126 647 1184 690 seu
1197 629 1339 708 gratiam

237 724 514 803 supernaturalem
537 727 647 806 quoad
667 727 810 802 modum,
834 738 871 790 ut
898 729 1028 810 possint
1050 727 1238 792 difficiliora
1264 728 1340 810 legis

239 825 398 888 naturalis
422 837 590 914 praecepta
614 829 805 910 adimplere.
851 830 901 911 (b)
927 830 962 894 Si
987 840 1098 893 autem
1123 851 1182 912 per
1204 827 1339 912 aliquod

238 927 386 990 notabile
413 938 546 1010 tempus
572 930 681 1011 legem
710 932 894 995 naturalem
924 931 1139 1014 adimpleant,
1168 934 1274 1008 Deus,
1300 952 1339 994 ex

239 1035 329 1092 mera
346 1030 543 1095 liberalitate
565 1035 622 1096 sed
646 1041 760 1096 tamen'
779 1043 878 1110 certo,
896 1035 976 1117 ipsis
992 1034 1140 1116 gratiam
1147 1035 1236 1116 fidei
1252 1034 1340 1098 dabit

238 1133 307 1195 sive
323 1154 381 1215 per
397 1135 560 1198 internam
574 1135 861 1211 illuminationem,
874 1138 944 1199 sive
955 1157 1014 1220 per
1025 1138 1169 1218 aliquem
1182 1137 1338 1218 praedica·

238 1245 353 1310 torem,
365 1237 411 1300 ita
424 1248 459 1300 ut
472 1253 671 1320 cognoscere
688 1243 817 1320 possint
827 1247 949 1305 'omnes
966 1243 1121 1304 veritates
1139 1241 1338 1304 necessarias

239 1341 435 1403 necessitate
452 1343 553 1406 medii
570 1342 612 1405 ad
630 1343 772 1406 salutern
784 1357 806 1406 ².
847 1343 947 1426 Quod
960 1345 1070 1426 colligi
1088 1354 1200 1426 potest
1216 1365 1263 1406 ex
1282 1344 1335 1424 Ep.

240 1441 356 1523 Encyl.
372 1443 434 1505 Pii
447 1444 505 1506 IX
525 1461 563 1509 to
580 1445 666 1527 Aug.
690 1449 789 1523 1863:
813 1447 969 1509 “Notum
990 1447 1086 1508 nobis
1109 1447 1274 1528 nobisque
1293 1456 1337 1508 est

239 1563 296 1605 eos
319 1546 374 1624 qui
399 1547 578 1610 invincibili
603 1549 689 1612 circa
710 1547 954 1612 sanctissimam
975 1559 1122 1611 nostram
1146 1549 1335 1631 religionem
1373 1577 1374 1638 ]

274 1788 283 1818 ¹
296 1786 430 1840 Nonnulli
441 1787 564 1856 theologi
574 1789 729 1843 docuerunt
742 1789 835 1842 Deum
846 1788 931 1842 modo
945 1789 1035 1842 solum
1045 1787 1169 1856 generali
1184 1787 1335 1841 infidelium

240 1873 323 1930 s'aluti
337 1875 492 1944 providere,
505 1887 643 1944 quatenus
663 1875 794 1930 omnibus
814 1877 922 1944 paravit
941 1875 1034 1930 media
1053 1876 1155 1945 quibus
1174 1892 1240 1929 vera
1260 1875 1331 1936 fides,

240 1961 358 2015 aliorum
371 1962 516 2015 hominum
529 1963 693 2030 ministerio,
708 1964 762 2016 illis
775 1961 922 2031 praedicari
935 1963 1039 2031 possit;
1054 1961 1092 2015 ita
1104 1972 1200 2016 tamen
1213 1972 1243 2016 ut
1256 1961 1279 2016 si
1291 1965 1336 2028 per

239 2049 364 2102 nandans
374 2049 520 2118 contingat
528 2067 624 2104 veram
633 2051 718 2104 fidem
727 2049 898 2120 quibusdam
908 2065 965 2102 non
975 2048 1130 2118 praedicari,
1141 2045 1209 2102 nihil
1221 2048 1333 2118 amplius

239 2135 326 2190 iaciat
336 2145 365 2189 ut
374 2135 475 2188 salvari
486 2135 605 2203 possint.
640 2137 711 2204 Qua:
722 2147 817 2189 tamen
828 2135 924 2204 opinio
935 2133 1161 2188 communissime
1169 2135 1332 2204 reprobatur.

241 2223 307 2290 quia
320 2239 375 2276 non
390 2223 458 2276 satis
471 2233 662 2277 consentanea
675 2222 785 2276 videtur
802 2239 865 2276 esse
883 2239 946 2275 curn
964 2221 1071 2275 sincera
1087 2222 1230 2274 voluntate
1242 2233 1332 2272 omnes

241 2309 378 2362 salvandi.
392 2341 425 2347 —
437 2311 541 2362 Praeter
556 2307 685 2363 austores
696 2311 756 2379 jam
770 2309 880 2374 citatos,
890 2308 956 2363 vide
970 2309 1128 2372 Buccerom',
1140 2301 1330 2360 Commentarii

241 2397 276 2449 de
289 2395 400 2448 Auxilio
413 2395 560 2449 sufficienti
575 2395 736 2449 infidelibus
750 2395 826 2462 dato,
842 2395 886 2450 ed.
904 2395 979 2465 1890,
993 2411 1020 2462 p.
1036 2405 1094 2463 4·5;
1107 2393 1148 2445 Ἐ.
1164 2390 1331 2456 ΒιιὸΙαπσΙΨ,

243 2483 287 2535 De
306 2481 455 2548 Axiomate
473 2483 569 2534 Extra
589 2483 742 2536 Ecclesiam
760 2481 842 2534 nulla
860 2483 946 2548 salus,
963 2481 1037 2548 1895,
1057 2497 1083 2548 p.
1103 2493 1151 2548 123
1170 2480 1329 2550 sq.;1‘lmer¹

242 2569 451 2622 Ecclesiastr'cal
461 2570 584 2631 limiam,
602 2572 671 2624 Dec.
690 2572 765 2640 1895,
779 2587 804 2638 p.
819 2570 880 2634 426.

276 2660 286 2682 ²
301 2655 372 2708 Haec
386 2665 449 2708 sunt
464 2655 494 2708 S.
509 2655 536 2708 T
533 2656 621 2709 dama
634 2658 719 2710 verba
734 2677 739 2712 :
760 2657 776 2683 “
786 2658 815 2712 Si
830 2656 931 2726 aliquis
945 2655 972 2706 in
987 2653 1071 2720 sylvis
1085 2651 1213 2718 nutritus,
1227 2649 1331 2706 ductum

242 2741 358 2796 rationis
371 2742 504 2795 naturalis
519 2755 681 2812 sequeretur
698 2744 724 2797 in
745 2743 871 2813 appetitu
887 2741 952 2796 boni
972 2751 999 2794 et
1016 2739 1080 2808 luga
1099 2739 1174 2805 mali,
1188 2737 1330 2794 certissime

242 2840 285 2884 est
302 2830 464 2894 tenendum,
477 2829 553 2898 quod
569 2831 647 2883 Deus
661 2832 685 2885 ei
700 2832 742 2884 vel
758 2848 807 2900 per
821 2830 959 2882 internam
976 2826 1186 2894 inspirationem
1208 2825 1331 2879 revelaret

243 2917 410 2982 necessaria,
430 2917 473 2970 vel
492 2917 529 2970 ad
548 2935 613 2971 eum
635 2920 850 2986 praedicatorem
873 2915 1003 2982 dirigeret
1015 2914 1034 2966 ²².
1075 2913 1119 2965 De
1139 2911 1226 2966 Verit.
1247 2929 1274 2981 q.
1298 2923 1328 2970 tt.

242 3023 267 3060 a.
288 3020 326 3070 11,
340 3005 376 3058 ad
394 3019 414 3056 1.
456 3005 538 3072 Quod
557 3006 623 3058 alibi
643 3007 729 3060 etiam
745 3006 828 3058 docet
850 3021 864 3056 2
884 3003 948 3056 dist.
969 3001 1012 3063 28,
1031 3016 1057 3068 q.
1074 3001 1166 3064 unica,
1185 3016 1209 3052 a.
1224 3013 1248 3063 4,
1268 2997 1329 3060 ada

244 3092 321 3146 Alias
334 3090 516 3145 auctoritates
530 3092 631 3146 citatas
646 3091 774 3145 invenies
787 3091 863 3159 apud
879 3087 1039 3149 Buccerom',
1053 3101 1096 3152 op.
1111 3084 1155 3137 cit.
1172 3101 1198 3152 p.
1213 3099 1295 3136 11·12.
1305 3107 1331 3116 ν

246 3177 379 3230 Nonnulli
394 3177 523 3244 putarunt
538 3177 574 3229 ad
589 3177 708 3229 salutem
722 3192 778 3228 non
793 3173 894 3242 requiri
909 3172 1000 3242 ipsum
1014 3170 1108 3225 atium
1122 3170 1196 3235 fidei,
1207 3172 1256 3224 sed
1270 3165 1330 3223 sulli-

243 3279 307 3317 cere
325 3262 474 3332 positivam
497 3274 524 3317 et
547 3263 719 3316 habitualem
740 3259 955 3330 dispositionem
978 3261 1016 3313 ad
1036 3260 1167 3312 veritates
1188 3257 1330 3312 credendas

243 3367 313 3420 quas
329 3350 408 3402 Deus
422 3349 514 3402 forsan
529 3350 690 3404 revelaverit
705 3360 732 3402 et
746 3349 783 3401 ad
797 3341 936 3401 servanda
957 3357 1098 3415 praecepta
1111 3361 1174 3414 quae
1187 3345 1330 3413 promulga-

244 3437 328 3498 verit;
349 3434 387 3488 ita
401 3436 528 3505 Happel,
544 3435 571 3489 S.
588 3437 690 3504 lustin,
707 3436 793 3499 Paris,
811 3433 887 3497 1869,
903 3451 928 3501 p.
944 3448 1068 3502 324·33¹·
1109 3433 1179 3500 Qnae
1193 3427 1330 3499 opinions

244 3523 385 3576 conciliari
406 3533 498 3591 potest
519 3540 582 3576 cum
603 3523 635 3576 iis
655 3539 719 3591 quae
737 3523 822 3574 habet
845 3518 1009 3574 Vaticanum
1030 3521 1108 3584 (sess.
1126 3519 1176 3584 ΙΙΙ,
1190 3535 1251 3586 cap.
1268 3519 1292 3584 3)
1303 3513 1330 3566 de

245 3609 413 3663 necessitate
434 3609 508 3674 fidei,
532 3619 561 3662 ut
583 3608 658 3663 recle
681 3609 880 3664 animadvertit
901 3609 1074 3676 Dablancty,
1097 3623 1141 3674 op.
1163 3606 1217 3672 cit,
1236 3622 1261 3674 p.
1284 3603 1327 3656 128.

246 3694 302 3746 Sed
322 3693 376 3748 dici
398 3705 497 3763 potest,
519 3697 571 3748 hac
591 3695 727 3750 existente
746 3694 942 3763 dispositione.
965 3692 1058 3747 at‘lum
1078 3693 1140 3744 fidei
1157 3692 1217 3759 jam
1235 3691 1329 3744 facilem

245 3779 381 3844 evader·e;
401 3799 466 3834 nam
482 3781 619 3850 imprimis
633 3782 712 3835 multi
727 3783 895 3847 Acatholici,
909 3793 938 3835 ut
955 3784 1152 3844 Protestante5‚
1171 3779 1269 3846 Judaei‚
1283 3778 1329 3830 llll·

247 3867 391 3921 lnimetani
405 3865 508 3937 aliique
522 3867 608 3922 etiarn
623 3869 724 3937 pagani
739 3869 863 3938 aliquam
877 3869 1075 3922 revelationem
1094 3866 1253 3932 admittunt,
1270 3865 1329 3917 ideo·

247 3971 299 4024 que
314 3953 427 4006 credere
442 3963 558 4022 possunt
573 3954 627 4007 fide
642 3955 846 4023 supernaturali
864 3957 880 3980 “
890 3955 955 4024 quia
969 3956 1045 4008 Deus
1056 3963 1098 4004 cst
1108 3961 1135 4005 et
1145 3951 1330 4021 inquirentibus

248 4057 277 4091 sc·
293 4051 483 4092 remunerator
497 4039 554 4092 sit'’
567 4059 573 4102 ;
588 4051 722 4107 praeterea
737 4041 754 4093 ii
769 4041 928 4110 omnesqui
944 4039 1072 4108 Supremi
1086 4037 1217 4091 Numinis
1229 4039 1330 4092 existen·
1373 4071 1374 4074 =

249 4139 317 4180 tram
337 4137 503 4192 agnoscunt.
523 4144 620 4180 vocem
643 4129 694 4181 Dei
716 4129 832 4181 interius
851 4128 949 4180 audire
971 4135 1098 4195 possunt,
1117 4125 1198 4193 eique
1218 4123 1329 4176 obedire:

250 4213 324 4284 misul
341 4229 406 4264 scine
421 4213 539 4265 sufficiet
553 4213 589 4264 ad
602 4213 697 4266 atium
711 4213 774 4267 fidei
790 4213 966 4268 eliciendum.
