<?xml version="1.0" encoding="UTF-8"?>
<!DOCTYPE html PUBLIC "-//W3C//DTD XHTML 1.0 Transitional//EN"
    "http://www.w3.org/TR/xhtml1/DTD/xhtml1-transitional.dtd">
<html xmlns="http://www.w3.org/1999/xhtml" xml:lang="en" lang="en">
 <head>
  <title>
</title>
<meta http-equiv="Content-Type" content="text/html;charset=utf-8" />
  <meta name='ocr-system' content='tesseract 3.04.00' />
  <meta name='ocr-capabilities' content='ocr_page ocr_carea ocr_par ocr_line ocrx_word'/>
</head>
<body>
  <div class='ocr_page' id='page_1' title='image "./synopsistheolog01tanqgoog_0208.png"; bbox 0 0 2770 4646; ppageno 0'>
   <div class='ocr_carea' id='block_1_1' title="bbox 200 186 1125 260">
    <p class='ocr_par' dir='ltr' id='par_1_1' title="bbox 200 186 1125 260">
     <span class='ocr_line' id='line_1_1' title="bbox 200 186 1125 260; baseline 0.004 -24"><span class='ocrx_word' id='word_1_1' title='bbox 200 187 258 237; x_wconf 82' lang='lat' dir='ltr'>DE</span> <span class='ocrx_word' id='word_1_2' title='bbox 275 186 664 239; x_wconf 74' lang='lat' dir='ltr'><strong>SACRAMENTORUM</strong></span> <span class='ocrx_word' id='word_1_3' title='bbox 684 189 953 260; x_wconf 64' lang='lat' dir='ltr'>Eeesscrrssus.</span> <span class='ocrx_word' id='word_1_4' title='bbox 1065 190 1125 241; x_wconf 77' lang='lat'>103</span> 
     </span>
    </p>
   </div>
   <div class='ocr_carea' id='block_1_2' title="bbox 21 303 83 312">
    <p class='ocr_par' dir='ltr' id='par_1_2' title="bbox 21 303 83 312">
     <span class='ocr_line' id='line_1_2' title="bbox 21 303 83 312; baseline 0 0"><span class='ocrx_word' id='word_1_5' title='bbox 21 303 83 312; x_wconf 78' lang='grc' dir='ltr'>ι--</span> 
     </span>
    </p>
   </div>
   <div class='ocr_carea' id='block_1_3' title="bbox 18 363 1133 1590">
    <p class='ocr_par' dir='ltr' id='par_1_3' title="bbox 18 363 1129 864">
     <span class='ocr_line' id='line_1_3' title="bbox 18 363 1127 452; baseline 0.005 -27"><span class='ocrx_word' id='word_1_6' title='bbox 18 363 227 444; x_wconf 86' lang='lat' dir='ltr'>positionem</span> <span class='ocrx_word' id='word_1_7' title='bbox 244 367 361 449; x_wconf 84' lang='lat' dir='ltr'><strong>exigit,</strong></span> <span class='ocrx_word' id='word_1_8' title='bbox 376 387 436 430; x_wconf 89' lang='lat' dir='ltr'>nec</span> <span class='ocrx_word' id='word_1_9' title='bbox 453 367 590 450; x_wconf 87' lang='lat' dir='ltr'>proinde</span> <span class='ocrx_word' id='word_1_10' title='bbox 607 377 742 450; x_wconf 89' lang='lat' dir='ltr'>propter</span> <span class='ocrx_word' id='word_1_11' title='bbox 757 369 969 431; x_wconf 90' lang='lat' dir='ltr'>intensiorem</span> <span class='ocrx_word' id='word_1_12' title='bbox 986 369 1127 452; x_wconf 90' lang='lat' dir='ltr'>disposi-</span> 
     </span>
     <span class='ocr_line' id='line_1_4' title="bbox 20 468 1128 555; baseline 0.004 -25"><span class='ocrx_word' id='word_1_13' title='bbox 20 471 154 532; x_wconf 84' lang='lat' dir='ltr'>tionem</span> <span class='ocrx_word' id='word_1_14' title='bbox 172 468 310 552; x_wconf 74' lang='lat' dir='ltr'>subjetti</span> <span class='ocrx_word' id='word_1_15' title='bbox 327 473 439 555; x_wconf 86' lang='lat' dir='ltr'>augeri</span> <span class='ocrx_word' id='word_1_16' title='bbox 461 481 572 553; x_wconf 88' lang='lat' dir='ltr'>potest</span> <span class='ocrx_word' id='word_1_17' title='bbox 588 494 595 550; x_wconf 91' lang='lat'>;</span> <span class='ocrx_word' id='word_1_18' title='bbox 619 491 685 534; x_wconf 94' lang='lat' dir='ltr'>non</span> <span class='ocrx_word' id='word_1_19' title='bbox 709 473 902 548; x_wconf 90' lang='lat' dir='ltr'>secundum,</span> <span class='ocrx_word' id='word_1_20' title='bbox 917 473 995 553; x_wconf 91' lang='lat' dir='ltr'>quia</span> <span class='ocrx_word' id='word_1_21' title='bbox 1015 472 1128 534; x_wconf 91' lang='lat' dir='ltr'>chara·</span> 
     </span>
     <span class='ocr_line' id='line_1_5' title="bbox 21 569 1129 657; baseline 0.004 -24"><span class='ocrx_word' id='word_1_22' title='bbox 21 569 96 634; x_wconf 73' lang='lat' dir='ltr'>tter</span> <span class='ocrx_word' id='word_1_23' title='bbox 110 573 211 635; x_wconf 89' lang='lat' dir='ltr'>semel</span> <span class='ocrx_word' id='word_1_24' title='bbox 228 583 356 637; x_wconf 90' lang='lat' dir='ltr'>tantum</span> <span class='ocrx_word' id='word_1_25' title='bbox 374 575 593 657; x_wconf 87' lang='lat' dir='ltr'>imprimitur;</span> <span class='ocrx_word' id='word_1_26' title='bbox 617 595 683 638; x_wconf 90' lang='lat' dir='ltr'>non</span> <span class='ocrx_word' id='word_1_27' title='bbox 702 575 844 650; x_wconf 88' lang='lat' dir='ltr'>tertium,</span> <span class='ocrx_word' id='word_1_28' title='bbox 860 576 947 656; x_wconf 91' lang='lat' dir='ltr'>quia,</span> <span class='ocrx_word' id='word_1_29' title='bbox 962 595 1006 637; x_wconf 91' lang='lat' dir='ltr'>ex</span> <span class='ocrx_word' id='word_1_30' title='bbox 1021 573 1129 652; x_wconf 72' lang='lat' dir='ltr'>dietis,</span> 
     </span>
     <span class='ocr_line' id='line_1_6' title="bbox 24 679 1129 756; baseline 0.004 -20"><span class='ocrx_word' id='word_1_31' title='bbox 24 687 246 752; x_wconf 89' lang='lat' dir='ltr'>sacramenta,</span> <span class='ocrx_word' id='word_1_32' title='bbox 262 679 347 742; x_wconf 92' lang='lat' dir='ltr'>sicut</span> <span class='ocrx_word' id='word_1_33' title='bbox 361 699 471 742; x_wconf 73' lang='lat' dir='ltr'>causae</span> <span class='ocrx_word' id='word_1_34' title='bbox 487 679 663 756; x_wconf 67' lang='lat' dir='ltr'>naturales</span> <span class='ocrx_word' id='word_1_35' title='bbox 679 680 711 740; x_wconf 91' lang='lat' dir='ltr'>in</span> <span class='ocrx_word' id='word_1_36' title='bbox 736 679 853 742; x_wconf 91' lang='lat' dir='ltr'>iisdem</span> <span class='ocrx_word' id='word_1_37' title='bbox 873 680 1129 742; x_wconf 85' lang='lat' dir='ltr'>circumstantiis</span> 
     </span>
     <span class='ocr_line' id='line_1_7' title="bbox 24 779 677 864; baseline 0.006 -24"><span class='ocrx_word' id='word_1_38' title='bbox 24 781 165 842; x_wconf 88' lang='lat' dir='ltr'>eosdem</span> <span class='ocrx_word' id='word_1_39' title='bbox 182 779 320 844; x_wconf 64' lang='lat' dir='ltr'>eli&#39;etlus</span> <span class='ocrx_word' id='word_1_40' title='bbox 336 785 531 864; x_wconf 89' lang='lat' dir='ltr'>producunt.</span> <span class='ocrx_word' id='word_1_41' title='bbox 579 783 677 863; x_wconf 85' lang='lat' dir='ltr'>Ergo</span> 
     </span>
    </p>

    <p class='ocr_par' dir='ltr' id='par_1_4' title="bbox 28 881 1133 1590">
     <span class='ocr_line' id='line_1_8' title="bbox 71 881 1130 968; baseline 0.005 -26"><span class='ocrx_word' id='word_1_42' title='bbox 71 881 265 946; x_wconf 87' lang='lat' dir='ltr'>Difficultas</span> <span class='ocrx_word' id='word_1_43' title='bbox 287 894 399 947; x_wconf 91' lang='lat' dir='ltr'>tamen</span> <span class='ocrx_word' id='word_1_44' title='bbox 423 886 540 948; x_wconf 87' lang='lat' dir='ltr'>adesse</span> <span class='ocrx_word' id='word_1_45' title='bbox 562 885 693 948; x_wconf 86' lang='lat' dir='ltr'>videtur</span> <span class='ocrx_word' id='word_1_46' title='bbox 716 905 776 968; x_wconf 89' lang='lat' dir='ltr'>pro</span> <span class='ocrx_word' id='word_1_47' title='bbox 799 885 926 950; x_wconf 85' lang='lat' dir='ltr'>Ordine</span> <span class='ocrx_word' id='word_1_48' title='bbox 948 885 1005 966; x_wconf 90' lang='lat' dir='ltr'>qui</span> <span class='ocrx_word' id='word_1_49' title='bbox 1028 884 1130 950; x_wconf 89' lang='lat' dir='ltr'>veluti</span> 
     </span>
     <span class='ocr_line' id='line_1_9' title="bbox 28 988 1132 1068; baseline 0.005 -23"><span class='ocrx_word' id='word_1_50' title='bbox 28 1003 87 1064; x_wconf 89' lang='lat' dir='ltr'>per</span> <span class='ocrx_word' id='word_1_51' title='bbox 109 996 220 1066; x_wconf 85' lang='lat' dir='ltr'>partes</span> <span class='ocrx_word' id='word_1_52' title='bbox 243 989 443 1068; x_wconf 89' lang='lat' dir='ltr'>suscipitur;</span> <span class='ocrx_word' id='word_1_53' title='bbox 466 988 537 1050; x_wconf 84' lang='lat' dir='ltr'>haec</span> <span class='ocrx_word' id='word_1_54' title='bbox 560 999 671 1051; x_wconf 87' lang='lat' dir='ltr'>autern</span> <span class='ocrx_word' id='word_1_55' title='bbox 694 989 868 1064; x_wconf 87' lang='lat' dir='ltr'>evanescit,</span> <span class='ocrx_word' id='word_1_56' title='bbox 889 989 915 1050; x_wconf 92' lang='lat' dir='ltr'>si</span> <span class='ocrx_word' id='word_1_57' title='bbox 940 991 1132 1052; x_wconf 86' lang='lat' dir='ltr'>attendatur</span> 
     </span>
     <span class='ocr_line' id='line_1_10' title="bbox 30 1089 1130 1170; baseline 0.007 -24"><span class='ocrx_word' id='word_1_58' title='bbox 30 1106 166 1150; x_wconf 91' lang='lat' dir='ltr'>sensum</span> <span class='ocrx_word' id='word_1_59' title='bbox 183 1089 287 1151; x_wconf 91' lang='lat' dir='ltr'>thesis</span> <span class='ocrx_word' id='word_1_60' title='bbox 302 1110 374 1152; x_wconf 91' lang='lat' dir='ltr'>esse</span> <span class='ocrx_word' id='word_1_61' title='bbox 390 1091 479 1170; x_wconf 91' lang='lat' dir='ltr'>quod</span> <span class='ocrx_word' id='word_1_62' title='bbox 496 1090 666 1156; x_wconf 72' lang='lat' dir='ltr'>charafter</span> <span class='ocrx_word' id='word_1_63' title='bbox 681 1093 723 1154; x_wconf 92' lang='lat' dir='ltr'>sit</span> <span class='ocrx_word' id='word_1_64' title='bbox 741 1091 946 1155; x_wconf 92' lang='lat' dir='ltr'>indivisibilis</span> <span class='ocrx_word' id='word_1_65' title='bbox 964 1093 995 1153; x_wconf 91' lang='lat' dir='ltr'>in</span> <span class='ocrx_word' id='word_1_66' title='bbox 1012 1092 1130 1154; x_wconf 90' lang='lat' dir='ltr'>eodem</span> 
     </span>
     <span class='ocr_line' id='line_1_11' title="bbox 31 1194 1131 1280; baseline 0.003 -27"><span class='ocrx_word' id='word_1_67' title='bbox 31 1194 157 1268; x_wconf 86' lang='lat' dir='ltr'>ordine,</span> <span class='ocrx_word' id='word_1_68' title='bbox 173 1198 230 1258; x_wconf 89' lang='lat' dir='ltr'>sed</span> <span class='ocrx_word' id='word_1_69' title='bbox 247 1217 306 1280; x_wconf 90' lang='lat' dir='ltr'>per</span> <span class='ocrx_word' id='word_1_70' title='bbox 323 1199 499 1279; x_wconf 91' lang='lat' dir='ltr'>superioris</span> <span class='ocrx_word' id='word_1_71' title='bbox 523 1195 646 1259; x_wconf 90' lang='lat' dir='ltr'>ordinis</span> <span class='ocrx_word' id='word_1_72' title='bbox 667 1195 911 1276; x_wconf 86' lang='lat' dir='ltr'>susceptionem</span> <span class='ocrx_word' id='word_1_73' title='bbox 928 1195 1039 1276; x_wconf 83' lang='lat' dir='ltr'>augeri</span> <span class='ocrx_word' id='word_1_74' title='bbox 1057 1215 1131 1276; x_wconf 90' lang='lat' dir='ltr'>pos·</span> 
     </span>
     <span class='ocr_line' id='line_1_12' title="bbox 32 1297 1132 1380; baseline 0.003 -22"><span class='ocrx_word' id='word_1_75' title='bbox 32 1297 82 1373; x_wconf 90' lang='lat' dir='ltr'>sit,</span> <span class='ocrx_word' id='word_1_76' title='bbox 98 1320 127 1361; x_wconf 92' lang='lat' dir='ltr'>v.</span> <span class='ocrx_word' id='word_1_77' title='bbox 144 1319 175 1380; x_wconf 88' lang='lat' dir='ltr'>g.</span> <span class='ocrx_word' id='word_1_78' title='bbox 190 1298 360 1364; x_wconf 73' lang='lat' dir='ltr'>charafter</span> <span class='ocrx_word' id='word_1_79' title='bbox 383 1301 414 1363; x_wconf 91' lang='lat' dir='ltr'>in</span> <span class='ocrx_word' id='word_1_80' title='bbox 433 1301 623 1364; x_wconf 90' lang='lat' dir='ltr'>Diaconatu</span> <span class='ocrx_word' id='word_1_81' title='bbox 647 1308 797 1379; x_wconf 90' lang='lat' dir='ltr'>receptus</span> <span class='ocrx_word' id='word_1_82' title='bbox 818 1307 869 1360; x_wconf 92' lang='lat' dir='ltr'>est</span> <span class='ocrx_word' id='word_1_83' title='bbox 892 1297 1027 1379; x_wconf 90' lang='lat' dir='ltr'>quidem</span> <span class='ocrx_word' id='word_1_84' title='bbox 1046 1299 1132 1379; x_wconf 89' lang='lat' dir='ltr'>ejus·-</span> 
     </span>
     <span class='ocr_line' id='line_1_13' title="bbox 34 1400 1133 1484; baseline 0.004 -22"><span class='ocrx_word' id='word_1_85' title='bbox 34 1401 109 1464; x_wconf 87' lang='lat' dir='ltr'>dem</span> <span class='ocrx_word' id='word_1_86' title='bbox 122 1404 246 1484; x_wconf 83' lang='lat' dir='ltr'>gradus</span> <span class='ocrx_word' id='word_1_87' title='bbox 261 1405 294 1467; x_wconf 93' lang='lat' dir='ltr'>in</span> <span class='ocrx_word' id='word_1_88' title='bbox 311 1405 467 1468; x_wconf 89' lang='lat' dir='ltr'>omnibus</span> <span class='ocrx_word' id='word_1_89' title='bbox 478 1404 628 1468; x_wconf 91' lang='lat' dir='ltr'>diaconis</span> <span class='ocrx_word' id='word_1_90' title='bbox 637 1425 644 1480; x_wconf 92' lang='lat'>;</span> <span class='ocrx_word' id='word_1_91' title='bbox 660 1403 687 1464; x_wconf 92' lang='lat' dir='ltr'>si</span> <span class='ocrx_word' id='word_1_92' title='bbox 700 1411 811 1464; x_wconf 90' lang='lat' dir='ltr'>autem</span> <span class='ocrx_word' id='word_1_93' title='bbox 824 1400 984 1464; x_wconf 89' lang='lat' dir='ltr'>diaconus</span> <span class='ocrx_word' id='word_1_94' title='bbox 997 1401 1133 1483; x_wconf 88' lang='lat' dir='ltr'>recipiat</span> 
     </span>
     <span class='ocr_line' id='line_1_14' title="bbox 35 1504 1132 1590; baseline 0.005 -27"><span class='ocrx_word' id='word_1_95' title='bbox 35 1507 263 1584; x_wconf 84' lang='lat' dir='ltr'>sacerdotium,</span> <span class='ocrx_word' id='word_1_96' title='bbox 278 1518 356 1572; x_wconf 84' lang='lat' dir='ltr'>tunc</span> <span class='ocrx_word' id='word_1_97' title='bbox 372 1517 512 1590; x_wconf 87' lang='lat' dir='ltr'>augetur</span> <span class='ocrx_word' id='word_1_98' title='bbox 527 1504 698 1570; x_wconf 68' lang='lat' dir='ltr'>charadter</span> <span class='ocrx_word' id='word_1_99' title='bbox 712 1515 746 1568; x_wconf 94' lang='lat' dir='ltr'>et</span> <span class='ocrx_word' id='word_1_100' title='bbox 763 1504 798 1567; x_wconf 89' lang='lat' dir='ltr'>lit</span> <span class='ocrx_word' id='word_1_101' title='bbox 814 1504 1029 1568; x_wconf 91' lang='lat' dir='ltr'>sacerdotalis</span> <span class='ocrx_word' id='word_1_102' title='bbox 1045 1529 1051 1568; x_wconf 92' lang='lat'>:</span> <span class='ocrx_word' id='word_1_103' title='bbox 1074 1506 1132 1568; x_wconf 92' lang='lat' dir='ltr'>sed</span> 
     </span>
    </p>
   </div>
   <div class='ocr_carea' id='block_1_4' title="bbox 36 1607 1134 1792">
    <p class='ocr_par' dir='ltr' id='par_1_5' title="bbox 36 1607 1134 1792">
     <span class='ocr_line' id='line_1_15' title="bbox 37 1607 1134 1686; baseline 0.003 -18"><span class='ocrx_word' id='word_1_104' title='bbox 37 1609 158 1686; x_wconf 88' lang='lat' dir='ltr'>pariter</span> <span class='ocrx_word' id='word_1_105' title='bbox 179 1609 350 1674; x_wconf 70' lang='lat' dir='ltr'>charatler</span> <span class='ocrx_word' id='word_1_106' title='bbox 371 1611 583 1674; x_wconf 88' lang='lat' dir='ltr'>sacerdotalis</span> <span class='ocrx_word' id='word_1_107' title='bbox 607 1611 639 1672; x_wconf 91' lang='lat' dir='ltr'>in</span> <span class='ocrx_word' id='word_1_108' title='bbox 663 1609 818 1678; x_wconf 89' lang='lat' dir='ltr'>omnibus</span> <span class='ocrx_word' id='word_1_109' title='bbox 839 1607 1065 1672; x_wconf 88' lang='lat' dir='ltr'>sacerdotibus</span> <span class='ocrx_word' id='word_1_110' title='bbox 1084 1618 1134 1671; x_wconf 92' lang='lat' dir='ltr'>est</span> 
     </span>
     <span class='ocr_line' id='line_1_16' title="bbox 36 1713 181 1792; baseline 0.041 -22"><span class='ocrx_word' id='word_1_111' title='bbox 36 1713 181 1792; x_wconf 77' lang='lat' dir='ltr'>equalis.</span> 
     </span>
    </p>
   </div>
   <div class='ocr_carea' id='block_1_5' title="bbox 36 1850 1141 3278">
    <p class='ocr_par' dir='ltr' id='par_1_6' title="bbox 36 1850 1136 2246">
     <span class='ocr_line' id='line_1_17' title="bbox 78 1850 1136 1934; baseline -0.002 -20"><span class='ocrx_word' id='word_1_112' title='bbox 78 1866 127 1933; x_wconf 87' lang='lat'>77.</span> <span class='ocrx_word' id='word_1_113' title='bbox 177 1865 213 1914; x_wconf 87' lang='lat'>2⁰</span> <span class='ocrx_word' id='word_1_114' title='bbox 224 1852 437 1933; x_wconf 65' lang='lat' dir='ltr'>perpetuitas.</span> <span class='ocrx_word' id='word_1_115' title='bbox 483 1850 542 1933; x_wconf 85' lang='lat' dir='ltr'>(A)</span> <span class='ocrx_word' id='word_1_116' title='bbox 557 1853 609 1915; x_wconf 82' lang='lat' dir='ltr'>De</span> <span class='ocrx_word' id='word_1_117' title='bbox 615 1852 687 1934; x_wconf 81' lang='lat' dir='ltr'>fide</span> <span class='ocrx_word' id='word_1_118' title='bbox 699 1861 747 1913; x_wconf 87' lang='lat' dir='ltr'>est</span> <span class='ocrx_word' id='word_1_119' title='bbox 760 1850 973 1914; x_wconf 66' lang='lat' dir='ltr'>characterem</span> <span class='ocrx_word' id='word_1_120' title='bbox 989 1871 1053 1912; x_wconf 78' lang='lat' dir='ltr'>esse</span> <span class='ocrx_word' id='word_1_121' title='bbox 1061 1861 1136 1930; x_wconf 83' lang='lat' dir='ltr'>per-</span> 
     </span>
     <span class='ocr_line' id='line_1_18' title="bbox 36 1952 1136 2036; baseline 0.001 -24"><span class='ocrx_word' id='word_1_122' title='bbox 36 1963 165 2029; x_wconf 76' lang='lat' dir='ltr'>petuam</span> <span class='ocrx_word' id='word_1_123' title='bbox 181 1955 216 2017; x_wconf 86' lang='lat' dir='ltr'>in</span> <span class='ocrx_word' id='word_1_124' title='bbox 231 1955 293 2018; x_wconf 81' lang='lat' dir='ltr'>lztlc</span> <span class='ocrx_word' id='word_1_125' title='bbox 307 1955 401 2030; x_wconf 60' lang='lat' dir='ltr'>virt·</span> <span class='ocrx_word' id='word_1_126' title='bbox 429 1976 505 2018; x_wconf 92' lang='lat' dir='ltr'>nam</span> <span class='ocrx_word' id='word_1_127' title='bbox 529 1957 580 2036; x_wconf 79' lang='lat' dir='ltr'>(a)</span> <span class='ocrx_word' id='word_1_128' title='bbox 602 1953 828 2018; x_wconf 81' lang='lat' dir='ltr'>Tridentinum</span> <span class='ocrx_word' id='word_1_129' title='bbox 852 1952 998 2014; x_wconf 84' lang='lat' dir='ltr'>declarat</span> <span class='ocrx_word' id='word_1_130' title='bbox 1022 1952 1136 2014; x_wconf 87' lang='lat' dir='ltr'>chara-</span> 
     </span>
     <span class='ocr_line' id='line_1_19' title="bbox 41 2053 1135 2140; baseline -0.002 -23"><span class='ocrx_word' id='word_1_131' title='bbox 41 2053 159 2121; x_wconf 66' lang='lat' dir='ltr'>c‘ierem</span> <span class='ocrx_word' id='word_1_132' title='bbox 183 2079 256 2121; x_wconf 91' lang='lat' dir='ltr'>esse</span> <span class='ocrx_word' id='word_1_133' title='bbox 278 2059 510 2137; x_wconf 89' lang='lat' dir='ltr'>indelebilem;</span> <span class='ocrx_word' id='word_1_134' title='bbox 535 2059 629 2140; x_wconf 90' lang='lat' dir='ltr'>atqui</span> <span class='ocrx_word' id='word_1_135' title='bbox 648 2058 719 2120; x_wconf 83' lang='lat' dir='ltr'>haec</span> <span class='ocrx_word' id='word_1_136' title='bbox 740 2056 841 2119; x_wconf 91' lang='lat' dir='ltr'>verba</span> <span class='ocrx_word' id='word_1_137' title='bbox 861 2054 978 2118; x_wconf 91' lang='lat' dir='ltr'>saltem</span> <span class='ocrx_word' id='word_1_138' title='bbox 996 2055 1037 2116; x_wconf 90' lang='lat' dir='ltr'>de</span> <span class='ocrx_word' id='word_1_139' title='bbox 1054 2075 1135 2134; x_wconf 82' lang='lat' dir='ltr'>prae·</span> 
     </span>
     <span class='ocr_line' id='line_1_20' title="bbox 41 2163 633 2246; baseline 0.01 -25"><span class='ocrx_word' id='word_1_140' title='bbox 41 2163 120 2224; x_wconf 91' lang='lat' dir='ltr'>senti</span> <span class='ocrx_word' id='word_1_141' title='bbox 137 2164 206 2226; x_wconf 75' lang='lat' dir='ltr'>vita</span> <span class='ocrx_word' id='word_1_142' title='bbox 223 2164 362 2246; x_wconf 88' lang='lat' dir='ltr'>intelligi</span> <span class='ocrx_word' id='word_1_143' title='bbox 378 2165 502 2226; x_wconf 91' lang='lat' dir='ltr'>debent</span> <span class='ocrx_word' id='word_1_144' title='bbox 512 2186 521 2243; x_wconf 85' lang='lat'>;</span> <span class='ocrx_word' id='word_1_145' title='bbox 545 2184 633 2245; x_wconf 86' lang='lat' dir='ltr'>ergo.</span> 
     </span>
    </p>

    <p class='ocr_par' dir='ltr' id='par_1_7' title="bbox 43 2259 1141 3278">
     <span class='ocr_line' id='line_1_21' title="bbox 80 2259 1136 2354; baseline -0.008 -24"><span class='ocrx_word' id='word_1_146' title='bbox 80 2265 128 2342; x_wconf 84' lang='lat' dir='ltr'>(b)</span> <span class='ocrx_word' id='word_1_147' title='bbox 148 2267 289 2354; x_wconf 84' lang='lat' dir='ltr'>Insuper</span> <span class='ocrx_word' id='word_1_148' title='bbox 305 2263 472 2330; x_wconf 64' lang='lat' dir='ltr'>charaeler</span> <span class='ocrx_word' id='word_1_149' title='bbox 487 2274 537 2330; x_wconf 93' lang='lat' dir='ltr'>est</span> <span class='ocrx_word' id='word_1_150' title='bbox 554 2266 707 2348; x_wconf 79' lang='lat' dir='ltr'>quaedam</span> <span class='ocrx_word' id='word_1_151' title='bbox 725 2261 935 2346; x_wconf 89' lang='lat' dir='ltr'>participatio</span> <span class='ocrx_word' id='word_1_152' title='bbox 952 2259 1136 2324; x_wconf 90' lang='lat' dir='ltr'>Sacerdotii</span> 
     </span>
     <span class='ocr_line' id='line_1_22' title="bbox 43 2362 1135 2452; baseline -0.004 -24"><span class='ocrx_word' id='word_1_153' title='bbox 43 2365 160 2432; x_wconf 83' lang='lat' dir='ltr'>Christi</span> <span class='ocrx_word' id='word_1_154' title='bbox 179 2370 268 2450; x_wconf 91' lang='lat' dir='ltr'>quod</span> <span class='ocrx_word' id='word_1_155' title='bbox 286 2380 337 2433; x_wconf 90' lang='lat' dir='ltr'>est</span> <span class='ocrx_word' id='word_1_156' title='bbox 353 2381 535 2448; x_wconf 86' lang='lat' dir='ltr'>aeternum;</span> <span class='ocrx_word' id='word_1_157' title='bbox 561 2369 653 2452; x_wconf 88' lang='lat' dir='ltr'>atqui</span> <span class='ocrx_word' id='word_1_158' title='bbox 677 2364 889 2450; x_wconf 89' lang='lat' dir='ltr'>participatio</span> <span class='ocrx_word' id='word_1_159' title='bbox 912 2372 962 2426; x_wconf 92' lang='lat' dir='ltr'>est</span> <span class='ocrx_word' id='word_1_160' title='bbox 986 2362 1135 2443; x_wconf 87' lang='lat' dir='ltr'>ejusdem</span> 
     </span>
     <span class='ocr_line' id='line_1_23' title="bbox 44 2464 1137 2555; baseline -0.003 -26"><span class='ocrx_word' id='word_1_161' title='bbox 44 2469 223 2536; x_wconf 89' lang='lat' dir='ltr'>durationis</span> <span class='ocrx_word' id='word_1_162' title='bbox 242 2493 280 2535; x_wconf 91' lang='lat' dir='ltr'>ac</span> <span class='ocrx_word' id='word_1_163' title='bbox 302 2494 352 2535; x_wconf 91' lang='lat' dir='ltr'>res</span> <span class='ocrx_word' id='word_1_164' title='bbox 374 2475 581 2555; x_wconf 88' lang='lat' dir='ltr'>participata,</span> <span class='ocrx_word' id='word_1_165' title='bbox 596 2467 781 2534; x_wconf 88' lang='lat' dir='ltr'>dummodo</span> <span class='ocrx_word' id='word_1_166' title='bbox 802 2464 988 2547; x_wconf 72' lang='lat' dir='ltr'>subjeftum</span> <span class='ocrx_word' id='word_1_167' title='bbox 1006 2465 1137 2547; x_wconf 86' lang='lat' dir='ltr'>partici-</span> 
     </span>
     <span class='ocr_line' id='line_1_24' title="bbox 46 2568 1138 2659; baseline -0.005 -23"><span class='ocrx_word' id='word_1_168' title='bbox 46 2595 121 2653; x_wconf 90' lang='lat' dir='ltr'>pans</span> <span class='ocrx_word' id='word_1_169' title='bbox 137 2577 181 2638; x_wconf 90' lang='lat' dir='ltr'>sit</span> <span class='ocrx_word' id='word_1_170' title='bbox 198 2579 306 2658; x_wconf 92' lang='lat' dir='ltr'>ipsum</span> <span class='ocrx_word' id='word_1_171' title='bbox 323 2576 581 2659; x_wconf 90' lang='lat' dir='ltr'>incorruptibile,</span> <span class='ocrx_word' id='word_1_172' title='bbox 596 2584 629 2636; x_wconf 90' lang='lat' dir='ltr'>et</span> <span class='ocrx_word' id='word_1_173' title='bbox 646 2593 695 2634; x_wconf 88' lang='lat' dir='ltr'>res</span> <span class='ocrx_word' id='word_1_174' title='bbox 712 2573 909 2654; x_wconf 90' lang='lat' dir='ltr'>participata</span> <span class='ocrx_word' id='word_1_175' title='bbox 922 2569 1001 2632; x_wconf 90' lang='lat' dir='ltr'>nihil</span> <span class='ocrx_word' id='word_1_176' title='bbox 1019 2568 1138 2631; x_wconf 83' lang='lat' dir='ltr'>habeat</span> 
     </span>
     <span class='ocr_line' id='line_1_25' title="bbox 46 2669 1139 2761; baseline -0.004 -25"><span class='ocrx_word' id='word_1_177' title='bbox 46 2681 241 2743; x_wconf 85' lang='lat' dir='ltr'>contrarium</span> <span class='ocrx_word' id='word_1_178' title='bbox 254 2679 344 2760; x_wconf 90' lang='lat' dir='ltr'>quod</span> <span class='ocrx_word' id='word_1_179' title='bbox 358 2681 463 2761; x_wconf 89' lang='lat' dir='ltr'>possit</span> <span class='ocrx_word' id='word_1_180' title='bbox 479 2680 568 2742; x_wconf 94' lang='lat' dir='ltr'>illam</span> <span class='ocrx_word' id='word_1_181' title='bbox 585 2678 775 2753; x_wconf 85' lang='lat' dir='ltr'>destrucre;</span> <span class='ocrx_word' id='word_1_182' title='bbox 798 2675 889 2755; x_wconf 88' lang='lat' dir='ltr'>atqui</span> <span class='ocrx_word' id='word_1_183' title='bbox 906 2669 1092 2752; x_wconf 67' lang='lat' dir='ltr'>subjetium</span> <span class='ocrx_word' id='word_1_184' title='bbox 1107 2672 1139 2732; x_wconf 92' lang='lat' dir='ltr'>in</span> 
     </span>
     <span class='ocr_line' id='line_1_26' title="bbox 48 2775 1140 2865; baseline -0.005 -23"><span class='ocrx_word' id='word_1_185' title='bbox 48 2797 107 2858; x_wconf 89' lang='lat' dir='ltr'>quo</span> <span class='ocrx_word' id='word_1_186' title='bbox 127 2780 300 2845; x_wconf 71' lang='lat' dir='ltr'>charatier</span> <span class='ocrx_word' id='word_1_187' title='bbox 322 2783 479 2865; x_wconf 89' lang='lat' dir='ltr'>recipitur</span> <span class='ocrx_word' id='word_1_188' title='bbox 501 2791 553 2844; x_wconf 91' lang='lat' dir='ltr'>est</span> <span class='ocrx_word' id='word_1_189' title='bbox 573 2781 684 2843; x_wconf 92' lang='lat' dir='ltr'>anima</span> <span class='ocrx_word' id='word_1_190' title='bbox 703 2797 778 2858; x_wconf 85' lang='lat' dir='ltr'>quae</span> <span class='ocrx_word' id='word_1_191' title='bbox 800 2775 1056 2856; x_wconf 89' lang='lat' dir='ltr'>incorruptibilis</span> <span class='ocrx_word' id='word_1_192' title='bbox 1074 2784 1140 2850; x_wconf 89' lang='lat' dir='ltr'>est;</span> 
     </span>
     <span class='ocr_line' id='line_1_27' title="bbox 49 2878 1141 2960; baseline -0.004 -19"><span class='ocrx_word' id='word_1_193' title='bbox 49 2883 175 2949; x_wconf 88' lang='lat' dir='ltr'>aliunde</span> <span class='ocrx_word' id='word_1_194' title='bbox 190 2885 360 2950; x_wconf 70' lang='lat' dir='ltr'>charadier</span> <span class='ocrx_word' id='word_1_195' title='bbox 377 2887 457 2950; x_wconf 90' lang='lat' dir='ltr'>nihil</span> <span class='ocrx_word' id='word_1_196' title='bbox 473 2885 574 2948; x_wconf 92' lang='lat' dir='ltr'>habet</span> <span class='ocrx_word' id='word_1_197' title='bbox 590 2883 790 2946; x_wconf 90' lang='lat' dir='ltr'>contrarium</span> <span class='ocrx_word' id='word_1_198' title='bbox 807 2899 874 2960; x_wconf 92' lang='lat' dir='ltr'>quo</span> <span class='ocrx_word' id='word_1_199' title='bbox 885 2879 1009 2940; x_wconf 89' lang='lat' dir='ltr'>destrui</span> <span class='ocrx_word' id='word_1_200' title='bbox 1026 2878 1141 2958; x_wconf 90' lang='lat' dir='ltr'>possit,</span> 
     </span>
     <span class='ocr_line' id='line_1_28' title="bbox 51 2979 1141 3072; baseline -0.005 -25"><span class='ocrx_word' id='word_1_201' title='bbox 51 3004 142 3064; x_wconf 91' lang='lat' dir='ltr'>quum</span> <span class='ocrx_word' id='word_1_202' title='bbox 168 2993 210 3052; x_wconf 93' lang='lat' dir='ltr'>sit</span> <span class='ocrx_word' id='word_1_203' title='bbox 229 3011 319 3053; x_wconf 89' lang='lat' dir='ltr'>mera</span> <span class='ocrx_word' id='word_1_204' title='bbox 341 3001 489 3072; x_wconf 87' lang='lat' dir='ltr'>potestas</span> <span class='ocrx_word' id='word_1_205' title='bbox 509 2987 742 3058; x_wconf 71' lang='lat' dir='ltr'>ministerialis</span> <span class='ocrx_word' id='word_1_206' title='bbox 760 3004 824 3046; x_wconf 88' lang='lat' dir='ltr'>non</span> <span class='ocrx_word' id='word_1_207' title='bbox 850 2991 961 3044; x_wconf 89' lang='lat' dir='ltr'>autem</span> <span class='ocrx_word' id='word_1_208' title='bbox 985 2979 1141 3043; x_wconf 69' lang='lat' dir='ltr'>amicitiae</span> 
     </span>
     <span class='ocr_line' id='line_1_29' title="bbox 50 3087 1141 3176; baseline -0.004 -27"><span class='ocrx_word' id='word_1_209' title='bbox 50 3099 157 3170; x_wconf 85' lang='lat' dir='ltr'>status,</span> <span class='ocrx_word' id='word_1_210' title='bbox 169 3104 206 3157; x_wconf 91' lang='lat' dir='ltr'>ut</span> <span class='ocrx_word' id='word_1_211' title='bbox 218 3096 324 3176; x_wconf 90' lang='lat' dir='ltr'>gratia</span> <span class='ocrx_word' id='word_1_212' title='bbox 337 3092 567 3168; x_wconf 70' lang='lat' dir='ltr'>sanctificam,</span> <span class='ocrx_word' id='word_1_213' title='bbox 587 3111 675 3172; x_wconf 85' lang='lat' dir='ltr'>ergo.</span> <span class='ocrx_word' id='word_1_214' title='bbox 721 3087 820 3170; x_wconf 83' lang='lat' dir='ltr'>Quod</span> <span class='ocrx_word' id='word_1_215' title='bbox 837 3097 949 3148; x_wconf 91' lang='lat' dir='ltr'>tamen</span> <span class='ocrx_word' id='word_1_216' title='bbox 967 3104 1141 3165; x_wconf 89' lang='lat' dir='ltr'>argumen-</span> 
     </span>
     <span class='ocr_line' id='line_1_30' title="bbox 52 3190 1053 3278; baseline -0.004 -27"><span class='ocrx_word' id='word_1_217' title='bbox 52 3201 113 3256; x_wconf 86' lang='lat' dir='ltr'>tum</span> <span class='ocrx_word' id='word_1_218' title='bbox 129 3217 196 3258; x_wconf 93' lang='lat' dir='ltr'>non</span> <span class='ocrx_word' id='word_1_219' title='bbox 213 3207 264 3260; x_wconf 88' lang='lat' dir='ltr'>est</span> <span class='ocrx_word' id='word_1_220' title='bbox 280 3194 502 3278; x_wconf 68' lang='lat' dir='ltr'>apodidiicum</span> <span class='ocrx_word' id='word_1_221' title='bbox 519 3193 576 3256; x_wconf 90' lang='lat' dir='ltr'>sed</span> <span class='ocrx_word' id='word_1_222' title='bbox 594 3194 701 3255; x_wconf 91' lang='lat' dir='ltr'>solum</span> <span class='ocrx_word' id='word_1_223' title='bbox 718 3190 897 3273; x_wconf 86' lang='lat' dir='ltr'>probabile.</span> <span class='ocrx_word' id='word_1_224' title='bbox 998 3209 1001 3214; x_wconf 93' lang='lat'>·</span> <span class='ocrx_word' id='word_1_225' title='bbox 1050 3205 1053 3214; x_wconf 93' lang='lat'>·</span> 
     </span>
    </p>
   </div>
   <div class='ocr_carea' id='block_1_6' title="bbox 56 3323 1149 4342">
    <p class='ocr_par' dir='ltr' id='par_1_8' title="bbox 56 3323 1149 4342">
     <span class='ocr_line' id='line_1_31' title="bbox 88 3323 1143 3411; baseline -0.017 -11"><span class='ocrx_word' id='word_1_226' title='bbox 88 3329 132 3404; x_wconf 78' lang='grc'>78.</span> <span class='ocrx_word' id='word_1_227' title='bbox 181 3331 242 3411; x_wconf 87' lang='grc' dir='ltr'>(Β)</span> <span class='ocrx_word' id='word_1_228' title='bbox 268 3329 488 3394; x_wconf 81' lang='lat' dir='ltr'>Comrnum&#39;ter</span> <span class='ocrx_word' id='word_1_229' title='bbox 508 3327 697 3390; x_wconf 79' lang='lat' dir='ltr'>admittitur</span> <span class='ocrx_word' id='word_1_230' title='bbox 717 3323 931 3386; x_wconf 77' lang='lat' dir='ltr'>clraratterem</span> <span class='ocrx_word' id='word_1_231' title='bbox 954 3342 1017 3384; x_wconf 81' lang='lat' dir='ltr'>esse</span> <span class='ocrx_word' id='word_1_232' title='bbox 1032 3331 1143 3402; x_wconf 78' lang='lat' dir='ltr'>perpe·</span> 
     </span>
     <span class='ocr_line' id='line_1_32' title="bbox 56 3423 1143 3504; baseline -0.004 -18"><span class='ocrx_word' id='word_1_233' title='bbox 56 3437 134 3494; x_wconf 85' lang='lat' dir='ltr'>tuum</span> <span class='ocrx_word' id='word_1_234' title='bbox 147 3434 246 3495; x_wconf 82' lang='lat' dir='ltr'>etiam</span> <span class='ocrx_word' id='word_1_235' title='bbox 259 3435 294 3495; x_wconf 88' lang='lat' dir='ltr'>in</span> <span class='ocrx_word' id='word_1_236' title='bbox 306 3433 410 3496; x_wconf 71' lang='lat' dir='ltr'>alterat</span> <span class='ocrx_word' id='word_1_237' title='bbox 425 3431 515 3504; x_wconf 63' lang='lat' dir='ltr'>virt·</span> <span class='ocrx_word' id='word_1_238' title='bbox 535 3451 611 3493; x_wconf 91' lang='lat' dir='ltr'>narn</span> <span class='ocrx_word' id='word_1_239' title='bbox 629 3430 729 3490; x_wconf 87' lang='lat' dir='ltr'>verba</span> <span class='ocrx_word' id='word_1_240' title='bbox 741 3427 840 3491; x_wconf 91' lang='lat' dir='ltr'>Conc.</span> <span class='ocrx_word' id='word_1_241' title='bbox 860 3425 948 3488; x_wconf 86' lang='lat' dir='ltr'>Trid.</span> <span class='ocrx_word' id='word_1_242' title='bbox 960 3433 1037 3487; x_wconf 89' lang='lat' dir='ltr'>sunt</span> <span class='ocrx_word' id='word_1_243' title='bbox 1048 3423 1143 3483; x_wconf 91' lang='lat' dir='ltr'>abso·</span> 
     </span>
     <span class='ocr_line' id='line_1_33' title="bbox 56 3524 1144 3618; baseline -0.005 -30"><span class='ocrx_word' id='word_1_244' title='bbox 56 3529 123 3610; x_wconf 86' lang='lat' dir='ltr'>luta,</span> <span class='ocrx_word' id='word_1_245' title='bbox 133 3557 194 3600; x_wconf 92' lang='lat' dir='ltr'>nec</span> <span class='ocrx_word' id='word_1_246' title='bbox 211 3537 311 3600; x_wconf 90' lang='lat' dir='ltr'>ullam</span> <span class='ocrx_word' id='word_1_247' title='bbox 329 3538 501 3618; x_wconf 91' lang='lat' dir='ltr'>patiuntur</span> <span class='ocrx_word' id='word_1_248' title='bbox 517 3531 778 3607; x_wconf 67' lang='lat' dir='ltr'>restritlionem;</span> <span class='ocrx_word' id='word_1_249' title='bbox 801 3528 935 3592; x_wconf 89' lang='lat' dir='ltr'>aliunde</span> <span class='ocrx_word' id='word_1_250' title='bbox 952 3525 1035 3588; x_wconf 87' lang='lat' dir='ltr'>ratio</span> <span class='ocrx_word' id='word_1_251' title='bbox 1051 3524 1144 3586; x_wconf 88' lang='lat' dir='ltr'>theo·</span> 
     </span>
     <span class='ocr_line' id='line_1_34' title="bbox 58 3628 1145 3720; baseline -0.012 -19"><span class='ocrx_word' id='word_1_252' title='bbox 58 3631 153 3718; x_wconf 83' lang='lat' dir='ltr'>logica</span> <span class='ocrx_word' id='word_1_253' title='bbox 176 3641 278 3704; x_wconf 88' lang='lat' dir='ltr'>allata</span> <span class='ocrx_word' id='word_1_254' title='bbox 301 3642 389 3704; x_wconf 87' lang='lat' dir='ltr'>valet</span> <span class='ocrx_word' id='word_1_255' title='bbox 412 3642 512 3703; x_wconf 89' lang='lat' dir='ltr'>etiam</span> <span class='ocrx_word' id='word_1_256' title='bbox 537 3659 596 3720; x_wconf 89' lang='lat' dir='ltr'>pro</span> <span class='ocrx_word' id='word_1_257' title='bbox 619 3639 686 3700; x_wconf 74' lang='lat' dir='ltr'>vita</span> <span class='ocrx_word' id='word_1_258' title='bbox 711 3635 828 3697; x_wconf 78' lang='lat' dir='ltr'>lutura.</span> <span class='ocrx_word' id='word_1_259' title='bbox 874 3631 1025 3692; x_wconf 87' lang='lat' dir='ltr'>Tandem</span> <span class='ocrx_word' id='word_1_260' title='bbox 1048 3628 1145 3690; x_wconf 88' lang='lat' dir='ltr'>valde</span> 
     </span>
     <span class='ocr_line' id='line_1_35' title="bbox 60 3731 1146 3811; baseline -0.011 -7"><span class='ocrx_word' id='word_1_261' title='bbox 60 3746 203 3808; x_wconf 83' lang='lat' dir='ltr'>convenit</span> <span class='ocrx_word' id='word_1_262' title='bbox 217 3757 254 3808; x_wconf 88' lang='lat' dir='ltr'>ut</span> <span class='ocrx_word' id='word_1_263' title='bbox 271 3743 440 3808; x_wconf 71' lang='lat' dir='ltr'>charatler</span> <span class='ocrx_word' id='word_1_264' title='bbox 452 3745 483 3806; x_wconf 89' lang='lat' dir='ltr'>in</span> <span class='ocrx_word' id='word_1_265' title='bbox 497 3742 608 3804; x_wconf 90' lang='lat' dir='ltr'>Beatis</span> <span class='ocrx_word' id='word_1_266' title='bbox 626 3747 794 3802; x_wconf 88' lang='lat' dir='ltr'>remaneat</span> <span class='ocrx_word' id='word_1_267' title='bbox 811 3735 852 3797; x_wconf 90' lang='lat' dir='ltr'>ad</span> <span class='ocrx_word' id='word_1_268' title='bbox 870 3731 1146 3811; x_wconf 87' lang='lat' dir='ltr'>eorumgloria1n‚</span> 
     </span>
     <span class='ocr_line' id='line_1_36' title="bbox 61 3833 1146 3924; baseline -0.015 -16"><span class='ocrx_word' id='word_1_269' title='bbox 61 3854 87 3904; x_wconf 81' lang='lat' dir='ltr'>ct</span> <span class='ocrx_word' id='word_1_270' title='bbox 101 3847 128 3910; x_wconf 91' lang='lat' dir='ltr'>in</span> <span class='ocrx_word' id='word_1_271' title='bbox 144 3849 314 3912; x_wconf 90' lang='lat' dir='ltr'>damnatis</span> <span class='ocrx_word' id='word_1_272' title='bbox 331 3850 372 3911; x_wconf 89' lang='lat' dir='ltr'>ad</span> <span class='ocrx_word' id='word_1_273' title='bbox 389 3847 519 3909; x_wconf 92' lang='lat' dir='ltr'>illorum</span> <span class='ocrx_word' id='word_1_274' title='bbox 533 3843 760 3924; x_wconf 86' lang='lat' dir='ltr'>ignominiam,</span> <span class='ocrx_word' id='word_1_275' title='bbox 772 3840 857 3900; x_wconf 92' lang='lat' dir='ltr'>sicut</span> <span class='ocrx_word' id='word_1_276' title='bbox 871 3834 1022 3898; x_wconf 89' lang='lat' dir='ltr'>militaris</span> <span class='ocrx_word' id='word_1_277' title='bbox 1034 3833 1146 3895; x_wconf 92' lang='lat' dir='ltr'>chara·</span> 
     </span>
     <span class='ocr_line' id='line_1_37' title="bbox 62 3936 1147 4032; baseline -0.011 -24"><span class='ocrx_word' id='word_1_278' title='bbox 62 3943 119 4012; x_wconf 66' lang='lat' dir='ltr'>lter</span> <span class='ocrx_word' id='word_1_279' title='bbox 133 3954 164 4016; x_wconf 94' lang='lat' dir='ltr'>in</span> <span class='ocrx_word' id='word_1_280' title='bbox 183 3951 344 4016; x_wconf 91' lang='lat' dir='ltr'>militibus</span> <span class='ocrx_word' id='word_1_281' title='bbox 361 3960 435 4032; x_wconf 89' lang='lat' dir='ltr'>post</span> <span class='ocrx_word' id='word_1_282' title='bbox 452 3950 605 4032; x_wconf 87' lang='lat' dir='ltr'>proelium</span> <span class='ocrx_word' id='word_1_283' title='bbox 623 3953 735 4008; x_wconf 89' lang='lat' dir='ltr'>manet</span> <span class='ocrx_word' id='word_1_284' title='bbox 750 3939 930 4005; x_wconf 68' lang='lat' dir='ltr'>vitioribus</span> <span class='ocrx_word' id='word_1_285' title='bbox 943 3939 985 4001; x_wconf 92' lang='lat' dir='ltr'>ad</span> <span class='ocrx_word' id='word_1_286' title='bbox 999 3936 1147 4018; x_wconf 85' lang='lat' dir='ltr'>gloriam,</span> 
     </span>
     <span class='ocr_line' id='line_1_38' title="bbox 63 4041 1149 4134; baseline -0.016 -17"><span class='ocrx_word' id='word_1_287' title='bbox 63 4051 143 4118; x_wconf 73' lang='lat' dir='ltr'>vitiis</span> <span class='ocrx_word' id='word_1_288' title='bbox 169 4057 212 4120; x_wconf 90' lang='lat' dir='ltr'>ad</span> <span class='ocrx_word' id='word_1_289' title='bbox 237 4056 466 4119; x_wconf 82' lang='lat' dir='ltr'>confusionem</span> <span class='ocrx_word' id='word_1_290' title='bbox 490 4052 541 4134; x_wconf 81' lang='lat' dir='ltr'>(S.</span> <span class='ocrx_word' id='word_1_291' title='bbox 565 4051 619 4114; x_wconf 75' lang='lat' dir='ltr'>Tu.</span> <span class='ocrx_word' id='word_1_292' title='bbox 645 4050 663 4112; x_wconf 94' lang='lat' dir='ltr'>l.</span> <span class='ocrx_word' id='word_1_293' title='bbox 687 4069 712 4110; x_wconf 92' lang='lat' dir='ltr'>c.</span> <span class='ocrx_word' id='word_1_294' title='bbox 736 4067 764 4110; x_wconf 86' lang='lat' dir='ltr'>a.</span> <span class='ocrx_word' id='word_1_295' title='bbox 784 4045 823 4128; x_wconf 88' lang='lat'>5).</span> <span class='ocrx_word' id='word_1_296' title='bbox 873 4044 971 4116; x_wconf 90' lang='lat' dir='ltr'>Hinc,</span> <span class='ocrx_word' id='word_1_297' title='bbox 994 4052 1030 4103; x_wconf 90' lang='lat' dir='ltr'>ut</span> <span class='ocrx_word' id='word_1_298' title='bbox 1056 4041 1149 4101; x_wconf 87' lang='lat' dir='ltr'>aiunt</span> 
     </span>
     <span class='ocr_line' id='line_1_39' title="bbox 65 4143 1149 4242; baseline -0.008 -29"><span class='ocrx_word' id='word_1_299' title='bbox 65 4153 207 4242; x_wconf 88' lang='lat' dir='ltr'>theologi,</span> <span class='ocrx_word' id='word_1_300' title='bbox 230 4161 257 4222; x_wconf 91' lang='lat' dir='ltr'>si</span> <span class='ocrx_word' id='word_1_301' title='bbox 279 4159 433 4222; x_wconf 87' lang='lat' dir='ltr'>sacerdos</span> <span class='ocrx_word' id='word_1_302' title='bbox 459 4178 477 4220; x_wconf 87' lang='lat' dir='ltr'>e</span> <span class='ocrx_word' id='word_1_303' title='bbox 501 4155 639 4220; x_wconf 91' lang='lat' dir='ltr'>mortuis</span> <span class='ocrx_word' id='word_1_304' title='bbox 663 4159 855 4232; x_wconf 88' lang='lat' dir='ltr'>resurgeret,</span> <span class='ocrx_word' id='word_1_305' title='bbox 878 4147 1013 4210; x_wconf 89' lang='lat' dir='ltr'>missam</span> <span class='ocrx_word' id='word_1_306' title='bbox 1040 4143 1149 4206; x_wconf 88' lang='lat' dir='ltr'>valide</span> 
     </span>
     <span class='ocr_line' id='line_1_40' title="bbox 66 4255 882 4342; baseline 0 -29"><span class='ocrx_word' id='word_1_307' title='bbox 66 4255 230 4324; x_wconf 89' lang='lat' dir='ltr'>celebraret</span> <span class='ocrx_word' id='word_1_308' title='bbox 248 4261 327 4342; x_wconf 90' lang='lat' dir='ltr'>quin</span> <span class='ocrx_word' id='word_1_309' title='bbox 343 4261 386 4323; x_wconf 91' lang='lat' dir='ltr'>de</span> <span class='ocrx_word' id='word_1_310' title='bbox 402 4279 488 4323; x_wconf 91' lang='lat' dir='ltr'>novo</span> <span class='ocrx_word' id='word_1_311' title='bbox 503 4260 718 4322; x_wconf 89' lang='lat' dir='ltr'>ordinaretur.</span> <span class='ocrx_word' id='word_1_312' title='bbox 881 4263 882 4268; x_wconf 75' lang='grc'>’</span> 
     </span>
    </p>
   </div>
   <div class='ocr_carea' id='block_1_7' title="bbox 167 4396 432 4454">
    <p class='ocr_par' dir='ltr' id='par_1_9' title="bbox 167 4396 432 4454">
     <span class='ocr_line' id='line_1_41' title="bbox 167 4396 432 4454; baseline -0.015 -10"><span class='ocrx_word' id='word_1_313' title='bbox 167 4399 293 4444; x_wconf 78' lang='lat' dir='ltr'>sruoesrs</span> <span class='ocrx_word' id='word_1_314' title='bbox 304 4396 349 4445; x_wconf 89' lang='lat'>111.</span> <span class='ocrx_word' id='word_1_315' title='bbox 363 4421 387 4430; x_wconf 94' lang='lat'>-</span> <span class='ocrx_word' id='word_1_316' title='bbox 405 4409 432 4454; x_wconf 79' lang='lat'>¹3</span> 
     </span>
    </p>
   </div>
   <div class='ocr_carea' id='block_1_8' title="bbox 0 0 1443 4646">
    <p class='ocr_par' dir='ltr' id='par_1_10' title="bbox 0 0 1443 4646">
     <span class='ocr_line' id='line_1_42' title="bbox 0 0 1443 4646; baseline 0 0"><span class='ocrx_word' id='word_1_317' title='bbox 0 0 1443 4646; x_wconf 95' lang='lat' dir='ltr'> </span> 
     </span>
    </p>
   </div>
  </div>
 </body>
</html>
