2808 4664
228 175 289 224 710
507 173 561 223 DE
579 173 663 223 DEO
682 172 1054 223 REMUNERATORE.

228 362 315 415 mete
331 373 406 416 eum
423 355 479 435 qui
497 365 608 435 potest
623 364 655 417 et
672 355 817 416 animam
835 364 868 417 et
884 365 995 434 corpus
1009 353 1152 434 perdere
1169 352 1203 412 in
1217 350 1345 432 gehen-

228 456 341 518 nam”.
368 523 372 544 ¹
395 456 539 520 Aliunde
565 479 685 540 corpus
711 468 761 522 est
787 458 890 521 veluti
918 459 1179 519 instrumentum
1209 455 1346 528 animae,

230 568 263 622 et
290 558 400 639 aliquo
426 562 526 622 modo
552 562 716 624 bonorum
748 561 954 623 malorumve
980 579 1120 642 operum
1149 559 1346 641 particeps:

229 663 384 725 convenit
412 663 512 744 igitur
539 675 577 727 ut
603 667 725 746 pariter
752 667 794 728 sit
819 665 932 745 aliquo
963 683 1060 725 sensu
1094 662 1261 726 mercedis
1292 663 1345 722 vel

230 767 527 848 poenaeparticeps
576 769 748 842 Praeterea,
765 777 802 829 ut
818 769 865 828 ait
882 767 918 830 S.
940 767 1220 846 Trom.1,“poena
1240 765 1347 826 debet

231 869 521 949 proportionaliter
543 871 650 954 culpae
673 871 923 952 respondere...
972 871 1010 933 ln
1026 869 1125 950 culpa
1141 879 1258 931 autem
1277 888 1344 930 non

231 971 338 1034 solum
362 973 521 1035 avertitur
544 993 637 1036 mens
664 974 708 1036 ab
734 974 854 1038 ultimo
878 973 952 1047 line,
975 973 1031 1034 sed
1061 974 1163 1034 etiam
1193 973 1346 1033 indebite

231 1075 434 1138 convertitur
448 1077 481 1137 in
499 1076 563 1139 alia
579 1079 673 1159 quasi
691 1078 723 1140 in
741 1076 830 1139 fines.
879 1077 955 1138 Non
978 1075 1086 1138 solum
1104 1096 1185 1156 ergo
1201 1077 1345 1156 punien-

231 1178 293 1240 dus
309 1188 360 1240 est
375 1180 431 1260 qui
448 1189 564 1260 peccat
577 1201 634 1261 per
646 1181 709 1242 hoc
726 1181 815 1261 quod
832 1179 1034 1242 excludatur
1047 1200 1067 1242 a
1079 1179 1153 1252 fine,
1166 1180 1226 1240 sed
1240 1180 1346 1241 etiarn

232 1273 290 1362 per
317 1281 379 1343 hoc
406 1283 495 1363 quod
524 1304 567 1346 ex
595 1272 667 1346 aliis
692 1283 789 1346 rebus
815 1284 938 1346 sentiat
963 1292 1205 1346 nocumentum
1218 1283 1243 1343 ''.
1297 1282 1348 1344 De

232 1387 349 1446 natura
381 1394 492 1447 autem
524 1405 634 1466 poenae
665 1389 782 1448 senstls
813 1385 965 1447 Ecclesia
996 1385 1075 1448 nihil
1106 1383 1286 1460 definivit;
1322 1387 1348 1446 si

234 1486 405 1567 Scriptura
421 1488 618 1569 perlegatur,
629 1487 776 1550 infernus
792 1488 837 1550 ibi
855 1488 1033 1550 exhibetur
1049 1498 1085 1550 ut
1101 1508 1218 1562 carcer,
1230 1489 1267 1548 in
1282 1506 1349 1567 quo

233 1589 362 1671 reprobi
379 1599 539 1672 tanquam
555 1591 678 1672 captivi
695 1592 895 1665 detinentur,
913 1600 948 1653 ut
969 1590 1054 1652 lorus
1075 1589 1301 1662 tenebrarum,
1316 1590 1348 1650 in

233 1712 300 1774 quo
316 1695 409 1756 adest
424 1695 546 1757 stridor
561 1695 721 1766 dentium,
738 1703 774 1756 ut
789 1703 943 1774 stagnum
959 1693 1046 1773 egris
1062 1703 1095 1756 et
1110 1692 1298 1773 sulpeum,
1314 1701 1351 1753 ut

233 1797 325 1859 locus
341 1807 571 1860 tormentorum
584 1810 618 1874 23
642 1818 685 1859 ex
704 1819 771 1878 quo
793 1797 911 1859 inferre
933 1797 1013 1873 licet,
1033 1795 1256 1876 reproborum
1281 1815 1350 1856 sor-

234 1909 302 1962 tem
320 1920 399 1962 sane
416 1901 596 1981 lugendam
612 1919 684 1961 esse
698 1921 707 1976 ;
723 1901 781 1962 sed
795 1900 936 1980 quaestio
949 1908 999 1961 est
1012 1898 1151 1980 praecise
1162 1917 1232 1978 quo
1247 1917 1349 1959 sensu

235 2004 291 2065 illa
307 2004 407 2066 verba
423 2003 631 2086 interpretari
655 2004 809 2081 debeant,
824 2014 935 2065 utrum
953 2000 1148 2077 litteraliter,
1164 2000 1216 2062 vel
1235 2001 1350 2062 solum

235 2107 467 2189 metaphorice.

277 2207 326 2275 26.
376 2207 442 2294 (B)
477 2210 529 2272 De
560 2209 728 2272 nonnullis
758 2211 993 2272 damnatorum
1031 2208 1140 2288 poenis
1176 2204 1272 2269 redte
1304 2209 1352 2270 ait

238 2312 273 2376 S.
289 2313 320 2374 T
317 2314 471 2375 hornast·
489 2313 608 2375 “Nihil
623 2323 734 2376 tamen
749 2313 902 2394 prohibet
918 2314 1072 2394 quaedam
1090 2312 1192 2374 etiam
1211 2331 1293 2391 quae
1309 2313 1352 2375 de
1387 2317 1391 2324 '

237 2416 472 2477 damnatorum
495 2416 602 2497 poenis
626 2417 657 2477 in
683 2416 860 2496 Scripturis
882 2413 971 2478 dieta
992 2414 1210 2496 corporaliter
1230 2413 1350 2494 legun-

236 2519 540 2598 turspinrualiter
561 2519 676 2600 accipi,
698 2527 732 2581 et
754 2519 844 2580 velut
870 2538 928 2598 per
952 2517 1206 2580 similitudinem
1236 2516 1350 2580 dieta:

236 2623 320 2685 sicut
345 2622 508 2684 diciturr:
533 2622 654 2684 vermis
676 2642 789 2684 eorum
819 2642 884 2683 non
911 2622 1089 2697 morietur;
1117 2629 1231 2702 potest
1257 2621 1348 2682 enim

235 2748 293 2809 per
308 2747 453 2790 vermem
471 2726 609 2808 intelligi
625 2727 822 2790 conscientie
836 2747 1035 2789 remorsus...
1083 2725 1159 2787 Non
1181 2725 1276 2787 enim
1297 2735 1348 2788 est

236 2831 393 2910 possibile
415 2831 504 2911 quod
526 2849 703 2911 corporeus
723 2831 844 2891 vermis
866 2829 1070 2910 spiritualem
1093 2829 1254 2890 corrodat
1270 2829 1348 2890 sub

236 2937 404 3009 stantiam,
419 2953 527 3015 neque
550 2934 650 2996 etiam
674 2954 814 3013 corpora
837 2935 1083 3006 damnatorum,
1099 2951 1175 3012 quae
1199 2932 1350 2995 incorru-

237 3038 365 3117 ptibilia
381 3047 486 3100 erunt.
532 3037 642 3099 Fletus
660 3037 761 3098 etiam
781 3047 813 3098 et
835 3037 960 3098 stridor
975 3035 1121 3098 dentium
1137 3020 1170 3096 in
1189 3036 1348 3116 spiritua·

238 3140 322 3202 libus
353 3141 544 3202 substantiis
576 3160 641 3201 non
674 3141 736 3200 nisi
768 3139 976 3220 rrretaplrorice
1010 3138 1148 3218 intelligi
1181 3149 1350 3218 possunt;

237 3244 388 3322 quamvis
420 3245 452 3305 in
480 3244 673 3324 corporibus
700 3245 935 3304 damnatorum
965 3252 1041 3322 post
1067 3238 1349 3304 resurreetionem

238 3346 318 3407 nihil
338 3347 511 3427 prohibeat
526 3345 740 3426 corporaliter
760 3366 800 3406 ea
821 3344 970 3425 intelligi,
987 3345 1033 3407 ita
1049 3353 1161 3406 tamen
1179 3345 1275 3423 quod
1292 3366 1352 3426 per

238 3449 351 3512 fletum
377 3470 442 3511 non
468 3449 670 3528 intelligatur
694 3449 914 3529 lacrymarum
940 3443 1106 3522 deductio
1122 3448 1202 3527 quia
1223 3449 1271 3510 ab
1286 3449 1351 3510 illis

238 3553 430 3635 corporibus
447 3553 537 3614 nulla
554 3551 710 3614 resolutio
730 3551 798 3614 lieri
819 3559 939 3633 potest,
954 3551 1012 3613 sed
1034 3549 1143 3612 solum
1163 3551 1265 3614 dolor
1281 3573 1352 3613 cor-

237 3657 298 3730 dis,
313 3655 525 3746 conturbatio
548 3654 718 3716 oculorum
743 3663 775 3716 et
799 3653 925 3734 capitis,
942 3661 1040 3734 prout
1060 3653 1092 3714 in
1116 3651 1255 3716 fletibus
1278 3676 1352 3717 esse

239 3759 322 3820 solet
337 3759 359 3820 ”.

281 3876 330 3942 27.
379 3856 442 3944 (C)
463 3859 613 3939 Quaestio
629 3859 776 3939 expendi
797 3868 908 3939 potest
928 3858 1109 3939 praesertim
1127 3868 1245 3922 utrum
1265 3863 1352 3942 ignis

240 3961 365 4036 inferni,
378 3963 433 4042 qui
448 3972 483 4023 ut
496 3981 593 4040 poena
606 3965 721 4023 sensds
734 3961 901 4042 praecipua
918 3969 1114 4036 recensetur,
1126 3961 1171 4022 sit
1189 3961 1352 4045 physicus

276 4126 282 4155 ¹
298 4129 327 4180 C.
344 4129 437 4192 Gens,
451 4126 497 4178 lib.
518 4127 571 4190 ΙΙΙ,
585 4143 608 4180 c.
626 4128 683 4192 146.

324 4209 416 4260 'Petu
435 4207 472 4272 ΙΙ,
485 4223 516 4272 4;
538 4210 623 4261 trare
640 4211 738 4272 ΧΧΙΙ,
759 4225 803 4277 13;
823 4212 909 4280 Aper.
925 4211 989 4276 XX,
1006 4225 1044 4278 19.

347 4291 440 4350 Genu,
455 4289 500 4342 lib.
518 4291 565 4356 IV,
579 4308 601 4343 c.
618 4307 662 4354 φο.
678 4323 712 4331 -
725 4298 734 4328 ⁴
747 4295 802 4346 lsa.
820 4295 923 4355 LXVI,
937 4309 981 4360 24.
