2752 4648
262 190 317 240 DE
335 189 632 242 SACRAMENTO
650 187 966 242 EUCHARISTIAE.
1098 185 1160 236 413

74 373 217 452 probatio
233 375 274 437 de
290 379 356 455 qua
373 374 482 456 agitur
499 382 549 436 est
565 371 727 436 discussio
743 370 884 454 propriae
900 367 1113 432 conscientiae
1126 376 1159 429 et

74 477 219 539 excussio
235 478 344 540 omnis
367 477 487 540 saltem
510 476 657 540 mortalis
680 475 817 557 peccati,
833 482 870 537 ut
891 492 935 535 ex
956 479 1109 544 contextu,
1125 479 1159 532 et

77 579 105 640 T
102 580 164 642 rad.
181 589 332 656 constat;
355 581 401 644 ait
418 580 507 643 enim
525 579 625 643 Cone.
649 577 751 640 Τνίαῆ1
769 603 780 636 .·
802 582 819 608 “
832 573 1065 640 Ecclesiastiea
1080 592 1158 636 con·

72 683 204 744 suetudo
219 681 375 757 declarat,
386 702 460 744 eam
471 681 692 763 probationem
710 679 927 742 necessariam
940 696 1021 751 esse,
1034 685 1070 738 ut
1087 674 1157 738 nul·

71 784 117 845 lus
135 785 198 847 sibi
217 785 360 848 conscius
382 785 532 848 mortalis
549 785 678 866 peccati,
694 783 909 865 quantumvis
925 781 986 844 sibi
1003 779 1158 842 contritus

70 887 217 964 videntem,
242 887 367 970 absque
383 888 557 967 premissa
578 886 809 948 sacramentali
828 883 1017 965 consessione
1040 883 1082 944 ad
1106 902 1156 944 sa·

69 1008 150 1051 cram
175 989 417 1053 Eucharistiam
442 990 598 1053 accedere
621 989 767 1051 debeat:
800 988 890 1069 quod
912 1007 933 1048 a
960 985 1157 1052 Christianis

68 1091 213 1166 onmibns,
235 1093 337 1155 etiam
361 1091 404 1154 ab
428 1092 466 1153 iis
490 1090 727 1164 sacerdotibus,
750 1089 866 1170 quibus
889 1109 928 1150 ex
948 1088 1045 1170 officio
1068 1087 1154 1148 incn-

70 1191 166 1254 bnen't
186 1193 348 1264 celebrare.
371 1193 442 1256 haec
469 1191 585 1256 saneta
610 1193 766 1273 Synodus
786 1200 936 1273 perpetua
957 1189 1154 1252 servandum

67 1316 125 1358 esse
137 1297 282 1373 decrevit,
296 1297 387 1359 enada
403 1319 464 1359 nan
479 1297 564 1359 desit
579 1296 646 1358 illis
661 1296 749 1377 copia
763 1294 954 1374 confessoris.
1001 1293 1100 1376 Quod
1118 1293 1153 1366 si,

67 1401 253 1462 necessitate
270 1410 420 1480 urgente,
433 1401 587 1462 sacerdos
603 1399 728 1479 absque
745 1400 867 1480 praevia
883 1396 1089 1460 consessione
1101 1415 1153 1458 ce·

67 1500 239 1579 lebraverit‚
255 1505 497 1585 quamprimum
512 1504 734 1586 confiteatur'’.

102 1607 159 1686 (B)
173 1605 249 1669 Rat.
262 1605 350 1668 theol.
397 1606 542 1671 Sacram.
555 1605 774 1668 Eucharistiae
791 1625 849 1686 per
862 1605 999 1667 modum
1011 1602 1076 1666 cibi
1090 1603 1151 1666 suit

65 1706 242 1772 institutum
259 1730 266 1786 ;
289 1708 381 1790 atqui
403 1710 494 1772 cibus
512 1708 583 1789 jam
601 1707 761 1794 supponit
777 1708 878 1770 vitam
893 1729 901 1783 ;
923 1727 1003 1787 ergo
1020 1707 1150 1770 Eucha-

64 1809 146 1872 ristia
166 1810 235 1891 jam
252 1812 411 1892 supponit
430 1811 570 1893 gratiam
588 1807 858 1886 sanilificantem,
874 1829 948 1890 quae
965 1818 1014 1873 est
1031 1811 1159 1880 animae,

65 1911 131 1976 vita
175 1913 320 1994 indigna
336 1913 529 1977 communio
545 1921 596 1974 est
611 1913 819 1993 sacrilegium
837 1921 870 1975 et
885 1913 1018 1992 quidem
1044 1913 1150 1974 maxi·

64 2032 168 2092 mum;
190 2025 325 2078 nonest
343 2026 502 2090 tamen,ut
518 2016 654 2097 quidam
672 2015 922 2077 concionatores
939 2015 1063 2090 dicunt,
1081 2033 1151 2076 ma-

63 2119 182 2180 ximum
207 2120 292 2181 inter
313 2121 425 2182 omnia
449 2129 593 2201 peccata.
642 2118 729 2180 Nam
754 2125 890 2200 peccata
906 2136 981 2198 quar
998 2117 1148 2179 commit-

63 2229 167 2283 tuntur
190 2219 315 2285 direc'le
337 2233 453 2286 contra
480 2223 588 2304 ipsam
613 2221 833 2295 divinitatem,
856 2241 883 2282 v.
908 2240 937 2301 g.
961 2218 1148 2297 infidelitas,

62 2319 267 2404 blasphemia,
284 2335 345 2389 ete.
362 2325 491 2406 majora
513 2335 591 2388 sunt
612 2343 713 2405 quam
737 2343 776 2385 ea
799 2343 874 2403 quae
896 2323 1149 2387 committuntur

62 2437 167 2488 contra
183 2427 425 2492 humanitatem
440 2427 571 2501 Christi,
584 2427 691 2508 qualis
707 2435 758 2489 est
773 2426 933 2507 sacrilega
949 2429 1147 2491 communio.

64 2524 182 2590 Horror
198 2531 295 2610 igitur
311 2532 386 2594 talis
403 2530 644 2594 communionis
662 2530 780 2592 merito
802 2529 1011 2594 instillandus
1026 2540 1085 2608 est,
1102 2531 1149 2593 ita

62 2637 163 2691 tamen
187 2641 223 2693 ut
245 2630 290 2692 illi
308 2633 363 2712 qui
381 2651 424 2694 ex
442 2633 589 2695 humano
611 2633 728 2695 timore
751 2633 817 2695 tale
833 2633 956 2696 crimen
974 2635 1146 2697 commise-

61 2743 128 2794 runt
142 2731 184 2794 de
200 2737 259 2795 sua
276 2734 382 2797 salute
399 2734 534 2798 minime
549 2733 732 2816 desperent.
761 2730 762 2734 ’

98 2850 160 2915 139.
209 2847 244 2896 20
256 2833 308 2898 De
321 2823 554 2900 sacramentali
565 2837 760 2916 confessione.
808 2837 909 2901 Cone.
926 2837 1014 2900 Trid.
1028 2838 1090 2900 hac
1103 2841 1145 2902 de

59 2952 87 2994 re
103 2937 161 2998 tria
177 2937 349 3002 decernit:
374 2939 585 3022 Quicumque
601 2945 752 3006 conscius
774 2953 825 3006 est
846 2943 974 3024 peccati
997 2943 1146 3006 mortalis

58 3035 148 3101 debet
171 3041 364 3121 regulariter
380 3043 621 3106 consessionem
645 3047 847 3125 praemittere
871 3047 1143 3108 sacramentalem

58 3145 226 3218 antequam
244 3141 391 3222 recipiat,
406 3143 537 3204 etiarnsi
558 3157 646 3208 esset
669 3146 814 3228 perfecte
831 3135 1016 3227 contritus}
1039 3151 1065 3212 si
1087 3170 1146 3212 au-

58 3246 115 3300 tem
138 3242 225 3304 desit
248 3244 344 3324 copia
367 3245 558 3309 confessarii
582 3259 615 3312 et
637 3251 742 3313 simul
754 3253 933 3315 necessitas
955 3253 1145 3334 recipiendi,

58 3354 124 3417 post
140 3343 251 3408 allum
269 3348 477 3411 contritionis
493 3351 657 3431 perfeilae,
674 3356 817 3436 recipere
838 3366 950 3438 potest
964 3377 972 3433 ;
996 3357 1022 3418 si
1039 3375 1144 3418 sacer·

58 3443 110 3507 dos
135 3449 357 3526 celebraverit,
381 3463 519 3533 urgente
547 3458 751 3534 necessitate,
776 3458 901 3541 absque
929 3459 1144 3534 confessione,

58 3553 293 3634 quamprimum
310 3555 459 3619 confiteri
476 3559 581 3621 debet,
1160 3599 1163 3606 ·

95 3669 157 3734 140.
213 3658 272 3740 (A)
299 3657 350 3722 De
375 3659 566 3742 ablegatione
590 3664 787 3746 confitendi:
819 3665 870 3746 (a)
897 3663 1043 3746 Quando
1070 3666 1143 3746 quis

58 3768 134 3820 certe
149 3763 300 3825 conscius
317 3772 367 3825 est
389 3763 527 3846 alicujus
550 3767 677 3847 pcccati
700 3766 858 3843 mortalis,
874 3766 963 3846 quod
988 3787 1046 3848 per
1062 3787 1141 3831 sacr.

45 3857 257 3927 ‘Poenitentiae
274 3884 340 3926 uon
359 3865 420 3928 suit
436 3877 535 3929 antea
552 3869 734 3944 remissum,
747 3890 812 3931 non
831 3880 949 3951 potest,
966 3881 1142 3950 quantum-

57 3961 99 4023 vis
113 3969 281 4044 contritus,
291 3970 333 4031 ad
347 3981 591 4033 sacramentum
607 3972 823 4034 Eucharistiae
840 3972 1005 4048 accedere,
1016 3973 1142 4056 absque

57 4070 167 4141 previa
188 4073 419 4135 sacramentali
442 4074 657 4138 consessione.
704 4076 800 4137 Patet
817 4096 861 4137 ex
883 4076 914 4138 T
912 4077 1025 4139 rident.
1042 4099 1142 4159 supra

86 4283 93 4314 ¹
107 4280 176 4336 Sess.
191 4282 279 4347 Xlll,
294 4299 355 4353 cap.
371 4299 396 4354 7.
