2752 4648
239 157 293 208 DE
311 157 603 210 SACRAMEN'I'O
621 159 933 212 EUCHARISTIAE.
1065 154 1130 212 309

50 331 111 392 latio
122 334 169 393 SS.
179 337 358 397 Sacramenti
372 339 410 397 ad
424 350 561 412 urgentes
575 351 689 398 tantum
703 359 815 410 causas,
825 351 855 400 et
866 341 905 399 ad
918 339 1034 400 actuale
1047 339 1130 397 mini-

49 422 116 478 sterii
129 423 315 482 sacerdotalis
328 426 499 484 exercitium
511 427 685 485 coardtetur.

78 511 112 577 (cl
131 509 314 582 Regulariter
338 514 475 571 sacerdos
501 513 665 572 ministrare
687 514 825 572 viaticum
848 514 1027 573 debetcum
1051 524 1131 574 veste

48 595 126 664 talari,
136 598 209 656 stola
221 598 288 656 alba
301 610 330 657 et
344 601 571 672 superpelliceo;
584 603 654 659 hiuc
664 602 699 660 C.
711 601 793 658 Bali.
807 602 838 660 II
852 603 892 660 ait
906 602 936 672 ll.
948 603 983 673 c.)
996 623 1003 660 :
1021 603 1039 632 “
1049 602 1131 660 Nun-

47 697 125 750 quam
138 685 192 741 nisi
205 685 234 742 in
248 687 377 744 extrema
390 687 564 745 necessitate
577 687 622 745 vel
635 687 730 760 ipsam
743 688 879 759 hostiam,
894 688 940 747 vel
952 706 1002 746 vas
1015 705 1130 746 sacrum

47 767 72 822 in
84 785 138 840 quo
150 783 288 842 servatur,
298 772 374 831 stola
386 773 490 832 saltem
504 791 563 831 nou
578 773 673 832 induti
687 775 852 834 attrettent.
892 775 970 834 Cum
984 774 1014 831 in
1029 773 1130 832 Eccle-

47 855 82 911 sia
93 856 313 918 SanctissImum
326 877 343 918 e
356 860 549 919 tabernaculo
564 861 730 928 extrahunt,
745 881 862 936 semper
874 862 1089 936 superpelliceo
1102 873 1130 923 et

46 945 112 1002 stola
123 945 181 1004 siut
194 947 290 1006 induti
299 948 315 974 '’
325 982 341 1006 ι.

76 1057 123 1098 rao.
161 1041 431 1114 3⁰Quoadmodum
445 1042 706 1101 &Euchan'srrinu
719 1041 895 1099 asser-randi.
934 1041 1130 1114 Regulashalc

45 1121 78 1181 de
94 1145 121 1184 re
137 1129 297 1187 servandas
316 1130 350 1188 C.
374 1129 456 1188 Plen.
478 1129 561 1186 Ball.
580 1129 612 1187 II
631 1130 771 1200 (κός-268)
790 1129 832 1185 sic
852 1128 932 1186 hrevi
950 1127 1131 1200 compendio

45 1211 168 1282 exhibet;
187 1216 228 1288 (ε)
240 1216 528 1276 “Consuetudinem
546 1217 781 1288 antiquissimam
800 1214 967 1274 asservandi
984 1215 1014 1271 in
1029 1215 1129 1272 Eccle-

45 1298 86 1355 siis
97 1301 123 1358 S.
140 1303 363 1371 EucharIstiam,
376 1315 408 1362 ut
420 1305 544 1363 omniuo
557 1304 713 1363 salutarem
733 1315 763 1362 et
782 1303 988 1368 necessariam,
1004 1303 1130 1360 retinen·

44 1383 103 1442 dam
116 1405 177 1445 esse
191 1388 320 1447 decrevit
333 1391 368 1448 C.
388 1389 470 1448 Tarii.
485 1392 567 1460 (sess.
585 1389 673 1459 XIII,
691 1407 755 1461 cap.
769 1393 806 1460 ὁ).
847 1387 1022 1447 Conservari
1041 1386 1130 1446 debet

45 1471 69 1528 iu
85 1475 205 1535 ecclesia
222 1476 392 1548 cathedrali,
406 1487 435 1536 et
453 1477 482 1534 in
500 1477 604 1550 quavis
621 1477 745 1535 ecelesia
765 1475 923 1549 parochiali
944 1485 976 1533 ut
994 1475 1032 1534 ad
1053 1475 1128 1531 infir·

7 1629 8 1634 *
44 1576 108 1628 mos,
119 1562 186 1620 data
199 1563 366 1632 occasione,
379 1565 482 1623 deferri
498 1565 591 1638 possit
600 1565 624 1621 '’.

72 1648 109 1714 (b)
121 1648 169 1707 SS.
185 1648 407 1709 Sacramentum
420 1653 631 1710 asservandum
645 1664 689 1710 est
703 1670 765 1710 uno
777 1661 893 1710 tantum
907 1651 936 1708 in
951 1651 1018 1709 loco
1031 1651 1078 1722 cuj
1084 1669 1128 1707 us·

43 1750 160 1807 cumque
172 1738 312 1808 ecclesiae,
328 1739 357 1796 in
372 1741 431 1812 qua
443 1739 584 1799 custodiri
599 1750 705 1812 potest,
722 1741 796 1798 solet
808 1748 859 1797 aut
872 1739 962 1798 debet
975 1739 1016 1810 (S.
1030 1739 1126 1809 Coug.

44 1818 132 1892 Episc.
150 1843 181 1896 13
199 1824 267 1884 Odi.
290 1830 376 1894 1620).
415 1827 656 1887 Custodiendum
675 1845 744 1885 vero
763 1839 807 1885 est
826 1845 916 1900 super
934 1825 1080 1900 corporali
1100 1826 1128 1881 in

43 1906 221 1970 tabernaculo
238 1912 379 1972 decenter
395 1924 508 1980 ornato,
528 1915 600 1971 clavi
620 1913 765 1984 obserato,
785 1931 853 1986 quae
870 1912 959 1970 clavis
977 1929 1094 1984 semper
1112 1930 1129 1968 a

43 1995 191 2067 sacerdote,
216 1999 266 2070 qui
288 2000 421 2058 ecclesiae
443 2001 488 2059 vel
510 2000 608 2058 sacelli
632 2017 733 2058 curam
758 1999 840 2070 gerit,
866 1998 1006 2056 custodiri
1027 1997 1126 2056 debet.

43 2077 268 2142 Tabernaculum
283 2104 432 2159 conopoeo
445 2087 584 2146 decenter
597 2099 733 2160 opertum
744 2087 806 2144 vult
816 2086 934 2143 Rituale
945 2086 1124 2144 Romanum.

43 2165 286 2231 Consuetudinem
299 2173 339 2230 illi
352 2175 615 2247 superimponendi
626 2192 723 2232 sacras
733 2174 880 2246 reliquias,
892 2171 980 2230 etiam
992 2171 1042 2230 SS.
1054 2171 1128 2230 Cru-

7 2303 8 2340 3
43 2253 84 2322 ch,
100 2256 142 2314 vel
155 2258 355 2319 Instrumenta
369 2261 536 2321 Dominicae
550 2261 694 2335 passionis
708 2261 863 2334 pictasque
877 2260 1029 2331 imagines
1043 2259 1082 2316 ita
1097 2270 1128 2317 ut

43 2341 251 2406 tabernaculum
265 2365 319 2421 pro
333 2349 394 2406 basi
409 2350 553 2421 inserviat,
569 2351 641 2408 dum
656 2351 685 2407 in
699 2368 735 2408 eo
748 2359 878 2407 servatur
891 2347 1124 2415 Sandlissimum,

44 2427 206 2502 improbavit
219 2435 246 2494 S.
262 2436 322 2495 Rit.
339 2437 434 2510 Cong.
448 2442 490 2508 (3¹
508 2447 591 2496 mart.
610 2439 697 2509 1821),
711 2455 809 2509 neque
829 2454 917 2509 posse
935 2453 1003 2493 vasa
1023 2434 1128 2492 florum

43 2517 81 2573 vel
93 2521 161 2590 quId
174 2523 269 2581 simile
281 2535 351 2582 ante
364 2525 503 2582 ostiolum
517 2525 633 2583 retineri
647 2525 737 2584 edixit
751 2531 795 2596 <22
806 2525 873 2599 Jan.
892 2527 978 2592 ¹701)·
1018 2522 1129 2580 Taber-

43 2608 168 2678 naculum
189 2611 359 2683 regulariter
379 2613 470 2672 debet
492 2632 556 2672 esse
577 2615 717 2685 ligneum,
738 2625 818 2672 extra
842 2614 1029 2679 deauratum,
1050 2611 1128 2667 intus

7 2759 8 2768 χ
43 2709 102 2751 sero
119 2697 217 2769 aliquo
239 2715 341 2770 panno
362 2701 456 2758 serico
478 2700 617 2758 decenter
640 2699 812 2758 contedtum
836 2700 875 2771 (S.
896 2699 991 2770 Cong.
1015 2697 1126 2769 Episc,

7 2785 8 2806 ³
44 2781 71 2833 26
82 2779 144 2840 ou.
157 2789 243 2857 1575).
285 2786 321 2842 In
334 2804 370 2844 eo
383 2797 513 2845 servetur
524 2787 552 2844 S.
566 2787 752 2846 Eucharistia
766 2788 795 2844 in
809 2787 925 2859 pyxide,
938 2803 989 2842 seu
1003 2783 1127 2848 ciborio,

43 2882 72 2922 ex
83 2869 172 2929 solida
184 2871 363 2944 decentique
377 2874 507 2942 materia,
518 2884 546 2931 et
557 2890 611 2931 suo
621 2873 763 2946 operculo
776 2875 852 2931 bene
865 2872 971 2940 clausa,
984 2868 1054 2927 albo
1064 2869 1129 2926 velo

43 2960 170 3027 cooperta
178 2960 194 3015 ².
233 2960 313 3018 Vasa
332 2959 382 3018 SS.
398 2960 551 3030 Oleorum,
564 2961 711 3032 reliquias,
727 2961 772 3017 vel
789 2959 869 3017 aliud
889 2957 917 3014 iu
933 2975 970 3014 eo
985 2973 1129 3028 reponere

44 3044 172 3104 nonlicet
201 3047 324 3105 Abusus
333 3066 410 3118 vero,
424 3049 477 3120 qui
487 3047 594 3106 alicubi
606 3048 730 3119 lrrepsit,
744 3045 896 3103 habitandi
906 3045 951 3102 vel
962 3041 1130 3101 dormiendi

44 3123 67 3183 iu
79 3131 111 3186 eri
123 3143 202 3203 parte
219 3134 328 3192 domus
343 3135 488 3207 religiosae
504 3153 571 3206 quae
588 3151 676 3207 supra
689 3133 780 3190 altare
793 3141 836 3189 est
850 3132 914 3198 sita,
930 3149 990 3188 non
1003 3129 1129 3200 amplius

44 3215 207 3292 tolerandus,
224 3222 277 3280 sed
291 3239 410 3294 prorsus
424 3221 621 3280 eliminandus
635 3232 678 3279 est
696 3221 736 3291 (S.
753 3220 787 3280 C.
804 3219 864 3277 Rit.
881 3221 915 3274 26
928 3219 1021 3291 April.
1042 3221 1127 3287 1834).

72 3401 79 3432 ¹
91 3407 120 3459 ln
129 3410 253 3464 statibus
263 3411 285 3463 F
287 3410 430 3477 oederatis,
442 3409 561 3479 aliisque
571 3409 731 3478 regionibus
742 3408 787 3462 ubi
797 3407 958 3461 sacerdotes
969 3406 1039 3460 vesti
1050 3405 1128 3458 talari

44 3505 89 3544 non
103 3504 212 3551 utuntur
225 3513 275 3566 per
287 3496 356 3563 vias,
365 3513 427 3550 mos
441 3495 555 3550 invaluit
570 3496 746 3550 ministrandi
757 3495 890 3550 viaticum
900 3510 963 3547 curn
974 3493 1055 3554 stola,
1067 3493 1130 3544 ahs·

44 3591 89 3642 que
100 3582 298 3650 superpelliceo
317 3591 344 3637 et
363 3593 441 3637 veste
460 3583 555 3646 talari;
575 3583 636 3636 haec
649 3582 742 3650 praxis
756 3591 831 3636 certe
844 3597 900 3634 non
913 3589 956 3633 est
970 3578 1126 3639 laudabilis,

44 3667 93 3732 Sed,
105 3681 214 3740 propter
226 3671 418 3726 difficultatem
438 3689 519 3727 secus
538 3672 650 3740 agendi,
663 3669 773 3726 tolerari
794 3679 894 3738 potest,
909 3667 1042 3737 quamdiu
1063 3666 1128 3734 Epi·

44 3752 110 3818 scopi
123 3752 149 3806 id
162 3771 218 3808 non
232 3754 432 3824 prohibuerunt
451 3753 577 3821 (Sabelli,
595 3772 622 3808 u.
638 3756 711 3821 690).
753 3755 854 3806 Cetera
867 3767 930 3821 quae
943 3749 1024 3818 hujus
1038 3765 1129 3802 sacra-

44 3835 119 3889 menti
131 3838 402 3894 administrationem
415 3839 566 3908 respiciunt
580 3838 644 3892 vide
657 3838 732 3906 apud
747 3835 921 3904 Liturgistas,
935 3852 958 3886 v.
969 3851 996 3902 g.
1011 3833 1042 3887 O'
1049 3835 1079 3886 K
1078 3851 1130 3886 une

46 3918 123 3976 Notes
134 3942 169 3978 on
184 3927 231 3980 the
245 3927 374 3990 Rubrics,
387 3944 426 3981 cc.
439 3928 506 3994 XII,
521 3928 599 3990 XIV,
615 3926 800 3994 Wapellrorsl,
811 3925 1030 3993 (Compendium
1042 3925 1071 3976 S.
1086 3923 1128 3975 Li·

44 4009 136 4076 turgrae,
148 4029 175 4081 r·
191 4027 214 4080 3,
231 4031 251 4066 c·
265 4013 306 4080 a)

72 4099 116 4149 rS.
129 4099 155 4152 C.
165 4100 260 4169 Epist.
274 4101 370 4168 26Ju1.
386 4100 461 4168 1588,
472 4100 525 4154 hoc
538 4100 682 4154 decretum
695 4099 783 4154 edidit
797 4117 802 4152 :
823 4100 839 4126 “
851 4100 900 4154 SS.
915 4100 1129 4153 Sacramentum

45 4185 120 4238 teneri
138 4203 192 4240 non
212 4187 297 4242 debet
317 4187 345 4240 in
364 4188 485 4241 vasculis
504 4187 643 4253 eburneis,
663 4188 711 4242 sed
733 4187 882 4256 inpyxide
901 4189 1035 4254 argentea
1054 4183 1128 4237 intus

44 4265 194 4329 deaurata''.
