2738 4646
256 141 321 193 2⁷0
701 147 840 199 carus
858 149 912 196 1v.

255 323 433 404 probabilis
452 327 494 390 sit
514 330 631 392 erroris
652 331 797 411 suspicio
812 355 818 408 ;
842 349 917 411 quse
933 329 1067 410 quidem
1085 330 1230 412 suspicio
1246 331 1341 393 aderit

254 427 445 505 generatim,
462 430 522 492 nisi
547 431 773 496 testimonium
798 431 983 495 obstetricis
1007 433 1200 495 testimonio
1216 435 1340 496 testium

254 528 460 593 oculatorum
477 531 697 609 confirmetur,
712 544 770 596 aut
785 534 855 596 haec
872 534 914 596 sit
929 534 1019 596 omni
1037 532 1102 596 lide
1118 533 1229 616 digna.

300 626 364 716 (C)
393 631 510 709 Quoad
527 634 694 711 lraereticos,
718 635 769 717 (a)
796 636 909 717 regula
935 635 1099 717 generalis
1127 657 1146 698 a
1175 637 1207 701 S.
1233 636 1339 702 Officio

254 731 369 812 (1878)
385 735 512 811 tradita,
528 719 578 798 es⁸t
594 746 630 799 ut
646 738 678 798 in
696 737 834 818 singulis
850 736 980 814 casibus
1001 737 1192 800 instituatur
1207 758 1339 800 examen

254 836 296 896 ad
314 835 544 916 inquirendum
561 840 604 903 de
619 839 791 904 validitate
808 840 970 921 Baptismi
987 840 1020 902 in
1038 840 1154 902 haeresi
1177 841 1297 914 collati,
1310 861 1340 901 ac

255 937 394 1017 proinde
409 958 475 1001 non
492 949 542 1004 est
558 942 776 1022 approbanda
791 942 906 1023 praxis
922 941 1211 1005 indiscriminatim
1226 953 1262 1004 et
1273 963 1340 1004 senr-

250 1051 310 1120 ριν
320 1040 491 1105 haereticos
507 1043 734 1126 rebaptizandi
747 1046 810 1108 sub
822 1045 1019 1108 conditione.
1066 1043 1118 1126 (b)
1136 1045 1303 1117 Attamen,
1315 1047 1338 1104 in

255 1145 361 1228 praxi,
378 1146 443 1208 tale
466 1166 607 1209 examen
633 1167 698 1209 non
722 1157 773 1210 est
796 1148 1015 1210 necessarium
1033 1147 1065 1208 in
1084 1147 1197 1210 multis
1213 1149 1340 1215 casibus,

254 1250 332 1328 quia
354 1247 486 1312 difficile
509 1259 559 1312 est
582 1251 728 1313 invenire
751 1261 852 1314 testes
876 1249 941 1312 lide
963 1247 1092 1330 dignos,
1107 1260 1165 1312 aut
1181 1252 1261 1331 quia
1276 1262 1339 1312 sunt

254 1347 362 1424 seetae,
385 1361 422 1412 ut
448 1351 598 1430 Quakeri,
621 1372 696 1433 quar
723 1341 850 1416 nullum
876 1351 1085 1432 Baptismum
1109 1351 1337 1414 administrant

256 1453 330 1515 Irno
352 1453 461 1528 hodie,
477 1455 503 1516 si
526 1456 737 1536 excipiantur
759 1454 950 1518 Rirualiste
969 1454 1025 1534 qui
1048 1454 1233 1534 generatim
1257 1463 1338 1515 caute

254 1556 435 1638 baptizant,
451 1556 517 1620 lere
539 1578 670 1639 semper
690 1558 833 1622 dubitari
851 1566 962 1638 potest
977 1557 1020 1618 de
1037 1556 1212 1637 Baptismo
1227 1557 1270 1620 ab
1285 1557 1338 1617 ha·

255 1661 363 1722 reticis
381 1660 508 1723 collato
554 1661 727 1743 Siquidem
749 1660 899 1726 Unitarii
913 1668 946 1722 et
968 1658 1221 1734 Universalistae,
1237 1661 1300 1722 imo
1312 1667 1337 1718 et

258 1761 593 1845 Congregatrbnalistce
604 1765 675 1846 ejus
687 1766 919 1828 necessitatem
932 1761 1093 1843 rejiciunt,
1106 1781 1144 1824 ac
1160 1763 1296 1843 proinde
1305 1761 1337 1822 de

255 1866 311 1929 illo
328 1867 547 1930 ministrando
554 1887 679 1948 parum
696 1877 827 1945 curant;
845 1865 1052 1929 Methodistre
1065 1875 1098 1927 et
1109 1863 1337 1944 Presbyienirrr

255 1966 425 2049 baptizant
449 1987 507 2049 per
529 1970 763 2048 aspersionem,
779 1978 812 2029 et
835 1967 977 2030 dubitari
1002 1975 1112 2048 potest
1134 1976 1245 2030 utrum
1264 1983 1336 2045 aqua

255 2071 374 2155 pellem
392 2070 536 2150 tetigerit
551 2079 609 2132 aut
626 2069 779 2148 fluxerit;
795 2071 952 2152 Baptista
966 2071 1140 2153 baptizant
1151 2091 1210 2154 per
1221 2073 1336 2136 immer-

253 2176 391 2248 sionem,
406 2181 440 2235 et
455 2172 517 2235 sub
533 2172 596 2234 hoc
612 2171 762 2254 respeelu
782 2184 1026 2236 sacramentum
1048 2174 1195 2238 validum
1218 2184 1274 2249 est,
1288 2171 1334 2234 sed

254 2297 342 2359 saepe
354 2275 494 2339 formam
507 2275 722 2356 pronuntiant
734 2285 913 2358 antequam
927 2275 1113 2359 subjeetum
1127 2279 1334 2358 immergatur.

254 2377 495 2461 Episcopaliani
503 2376 638 2457 quidam
656 2378 754 2440 hodie
770 2387 822 2440 sat
838 2378 1043 2460 negligentes
1056 2399 1091 2442 se
1103 2391 1223 2461 gerunt
1236 2381 1265 2441 in
1278 2376 1333 2456 ejus

255 2480 549 2544 administratione.
601 2480 700 2544 Unde
723 2482 756 2541 in
780 2482 886 2562 praxi,
909 2501 998 2562 saepe
1022 2482 1191 2545 iterandus
1213 2493 1263 2544 est
1285 2479 1356 2573 lu,

255 2587 396 2668 ptismus
411 2582 664 2654 haereticorum;
688 2593 835 2646 attamen
853 2589 1040 2665 “quantum
1065 2586 1222 2667 possibile
1245 2583 1332 2647 suerit.

255 2686 485 2769 inquirendum
510 2694 559 2746 est
579 2685 610 2746 in
633 2685 836 2766 singulorum
854 2686 1097 2768 neophytorum
1116 2687 1292 2768 Baptismo,
1305 2690 1331 2741 ut

254 2791 450 2859 obtineatur,
473 2786 579 2868 qualis
603 2788 634 2848 in
659 2807 736 2849 casu
762 2785 875 2849 haberi
902 2797 1011 2868 queat,
1034 2789 1084 2850 vel
1109 2788 1270 2851 certitudo
1292 2781 1330 2845 vel

254 2891 469 2978 probabilitas
492 2911 548 2952 eos
578 2890 678 2952 luisse
708 2890 765 2952 vel
788 2911 853 2952 non
882 2891 982 2954 fuisse
1003 2891 1112 2954 valide
1136 2892 1310 2973 baptizatos
1320 2883 1330 2907 '⁹

254 2998 368 3079 (Cone.
385 2994 469 3056 Ball.
489 2993 553 3067 ΙΙΙ,
573 2993 655 3074 122).

297 3133 346 3200 54.
399 3113 575 3178 Scholion:
599 3112 650 3176 De
662 3113 834 3175 servandis
853 3115 888 3175 in
910 3115 1079 3195 receptione
1095 3113 1330 3178 Neo-comum
1353 3098 1354 3115 ¹

254 3243 327 3285 rrrm
340 3233 358 3282 ¹.
404 3223 419 3248 “
433 3218 473 3280 ln
490 3217 703 3278 conversione
727 3216 955 3279 haereticorum
981 3215 1211 3297 inquirendum
1234 3226 1279 3277 est
1298 3209 1329 3270 tle

253 3325 424 3388 validitate
443 3319 604 3400 Baptismi
622 3321 654 3380 in
671 3319 788 3380 haeresi
812 3318 965 3399 suscepti.
1014 3319 1172 3380 Instituto
1188 3319 1281 3399 igitur
1292 3311 1328 3374 dl·
1352 3365 1353 3387 ,

254 3425 368 3510 ligenti
386 3422 550 3495 examine,
568 3421 593 3482 si
610 3430 817 3502 compertum
836 3420 931 3483 luerit
948 3429 1004 3482 aut
1021 3420 1158 3496 nullum,
1174 3431 1230 3482 aut
1252 3413 1328 3480 nulli·

253 3539 302 3590 ter
325 3523 482 3586 collatum
507 3520 615 3592 luisse,
638 3520 830 3601 baptizandi
855 3529 950 3581 erunt
974 3517 1133 3580 absolute.
1179 3519 1213 3582 Si
1236 3525 1326 3579 autem

253 3625 506 3707 investigatione
520 3620 660 3704 peradla,
673 3622 780 3684 adhuc
794 3621 963 3703 probabile
976 3620 1114 3682 dubium
1130 3622 1173 3683 de
1188 3611 1326 3701 Baptismi

252 3731 424 3794 validitate
446 3727 596 3807 supersit,
613 3736 691 3788 tunc
714 3724 776 3787 sub
799 3725 989 3786 conditione
1012 3723 1157 3784 iteratur.
1204 3721 1325 3783 Demum

253 3835 278 3895 si
296 3832 480 3894 constiterit
496 3829 642 3891 validum
667 3827 774 3902 luisse,
791 3827 970 3908 recipiendi
994 3837 1091 3889 erunt
1115 3819 1325 3888 tantummodo
1350 3887 1351 3896 χ

252 3935 294 3998 ad
318 3933 569 4013 abjurationem,
592 3952 649 3992 seu
673 3930 909 4011 professionem
936 3928 1036 3992 Fidei.
1087 3927 1225 4010 Triplex
1247 3924 1325 4006 igitur
1350 3897 1351 3931 Ι

253 4041 285 4099 in
303 4034 516 4098 conciliandis
533 4034 694 4095 haeretieis
711 4033 925 4113 distinguitur
937 4031 1138 4114 procedendi
1153 4029 1324 4095 methodus:
1349 4089 1350 4092 ,

310 4229 352 4282 Cl.
370 4229 473 4281 Concil.
490 4229 566 4281 Bali.
583 4229 623 4292 II,
637 4247 664 4297 p.
681 4245 750 4294 ²9¹³
770 4230 908 4298 lr'onr'iigrs,
926 4231 998 4296 1264.
