2738 4646
340 177 395 226 DE
414 177 623 228 sumsero
642 178 856 228 BAPTISMI.
1080 178 1139 230 261

52 354 124 415 talis
140 357 293 420 contritio
309 359 452 420 existere
468 366 579 438 potest
595 358 666 420 sine
682 357 761 419 reali
781 358 993 439 susceptione
1011 356 1140 438 Baptis-

53 459 118 528 mi;
139 477 222 539 ergo.

95 577 148 654 (B)
175 577 302 641 Tradit.
358 579 409 658 (a)
435 578 469 640 S.
498 579 701 655 Ambrosius,
726 581 759 643 in
783 581 934 643 oratione
960 580 1075 643 habita
1098 581 1141 641 de

51 679 137 741 obitu
154 681 382 744 Valentiniani
399 682 618 763 imperatoris,
634 682 783 744 nondum
806 682 976 763 baptizati,
992 682 1139 745 declarat

50 802 121 844 eum
145 784 306 866 Baptismi
335 795 413 847 voto
440 784 540 848 fuisse
568 785 759 849 salvatum:
798 785 861 850 “Si
894 795 1055 867 martyres
1078 805 1140 847 suo

51 886 222 949 abluuntur
236 889 407 970 sanguine,
423 897 457 950 et
472 887 560 951 hunc
576 908 636 950 sua
657 889 762 969 pietas
779 888 884 951 abluit
900 899 933 951 et
950 888 1104 950 voluntas
1114 888 1139 952 ”.

51 989 99 1069 (b)
109 991 189 1052 Item
200 991 307 1054 Innoc.
323 991 387 1066 ΙΙΙ,
404 991 625 1071 interrogatus
641 990 684 1053 de
699 989 828 1072 Judaeo,
837 991 893 1071 qui
911 991 1008 1052 morti
1026 991 1138 1071 proxi·

52 1112 119 1154 mus
131 1095 273 1175 seipsum
287 1094 522 1176 baptizaverat,
535 1094 707 1175 respondit
723 1094 824 1156 talem
839 1092 1049 1175 Baptismum
1067 1112 1139 1155 esse

50 1197 175 1275 quidem
193 1197 386 1272 invalidum,
402 1198 458 1260 sed
475 1197 631 1278 Judaeum
647 1205 783 1279 propter
799 1195 898 1260 fidem
915 1201 926 1272 (
932 1196 948 1258 i.
965 1217 992 1260 e.
1008 1197 1138 1278 votum)

51 1297 204 1378 Baptismi
222 1299 385 1362 salvatum
404 1298 502 1362 fuisse
518 1299 551 1378 (3
565 1299 718 1362 decretal.
732 1301 780 1362 tit.
793 1315 845 1377 42,
858 1319 883 1360 c.
896 1299 939 1378 4).

50 1399 95 1477 (c)
116 1400 263 1462 Tandem
287 1400 377 1463 Trid.
393 1401 485 1482 (sess.
504 1402 565 1479 VI,
581 1423 607 1465 c.
623 1403 659 1483 4)
675 1403 856 1466 declaravit
875 1424 883 1464 ε
905 1403 1013 1466 “Post
1027 1402 1137 1464 Evan-

49 1503 165 1581 gelium
182 1504 431 1584 promulgatum
449 1525 620 1587 nunquam
639 1505 707 1568 fieri
729 1505 981 1568 translationem
1006 1526 1025 1568 a
1048 1515 1137 1568 statu

50 1608 160 1668 veteris
178 1607 290 1670 Adam
307 1606 349 1669 ad
366 1616 491 1670 statum
508 1609 625 1689 gratiae
642 1609 712 1670 sine
729 1610 990 1690 regenerationis
1007 1609 1138 1672 lavacro

49 1718 103 1770 aut
114 1709 181 1789 ejus
193 1719 273 1772 voto
281 1709 296 1734 ’'
310 1730 317 1784 ;
339 1710 427 1790 quod
443 1711 618 1774 manifeste
631 1712 789 1793 supponit
802 1711 921 1773 lavacri
934 1730 992 1773 scu
1006 1711 1137 1793 Baptis-

49 1811 89 1872 mi
105 1821 214 1874 votum
231 1811 380 1874 sufficere
396 1814 438 1877 ad
453 1813 725 1894 justificationem
739 1835 747 1890 ;
769 1832 856 1894 ergo

92 1912 150 1997 (C)
169 1916 246 1978 Rat.
262 1915 351 1977 theol.
399 1917 453 1978 Ex
470 1914 578 1992 dietis,
595 1917 788 1998 Baptismus
809 1936 904 1996 aquae
928 1927 979 1979 est
1002 1917 1136 1997 quidem

50 2020 242 2080 necessarius
255 2019 453 2082 necessitate
466 2020 576 2095 medii,
587 2019 645 2082 sed
662 2019 768 2080 solum
785 2019 981 2094 extrinsece,
991 2039 1034 2081 ex
1051 2021 1137 2100 posi·

50 2120 111 2180 tiva
133 2121 195 2183 Dei
219 2120 413 2196 voluntate;
447 2123 539 2204 atqui
571 2125 660 2204 quod
693 2132 744 2185 est
775 2122 996 2184 necessarium
1028 2122 1136 2185 solum

50 2220 226 2283 extrinsece
247 2228 359 2302 potest
381 2240 439 2302 per
455 2222 544 2284 aliud
562 2222 717 2304 suppleri,
734 2231 768 2284 et
784 2224 984 2286 conveniens
1000 2224 1138 2286 omnino

50 2333 113 2384 erat
134 2335 170 2387 ut
191 2323 401 2406 suppleretur
417 2344 475 2405 per
490 2323 672 2406 perfectam
688 2325 862 2388 caritatem
886 2335 944 2388 aut
967 2327 1137 2389 contritio·

51 2444 127 2498 nem,
142 2447 215 2508 quae
238 2428 269 2488 in
287 2446 323 2488 se
338 2427 511 2490 continent
533 2446 649 2490 omnes
673 2429 819 2493 internas
836 2431 1072 2512 dispositiones
1094 2432 1136 2494 ad

48 2526 308 2603 justificationem
327 2530 522 2609 requisitas;
545 2550 630 2610 ergo.

350 2738 385 2786 2⁰
401 2724 452 2786 De
467 2725 635 2806 Baptismo
650 2728 829 2810 sanguinis

86 2927 130 2990 42,
176 2911 236 2991 (A)
246 2909 332 2990 Ejus
348 2919 468 2971 natura
483 2921 516 2971 et
529 2912 729 2974 conditiones.
777 2913 975 2996 Martyrium
994 2919 1026 2979 in
1043 2919 1137 2983 adul·

53 3013 86 3072 tis
100 3025 147 3076 est
163 3013 333 3095 perpessio
350 3013 474 3088 mortiS,
484 3013 535 3074 vel
553 3015 716 3076 cruciatus
733 3037 776 3077 ex
793 3037 828 3078 se
846 3019 1014 3095 mortiferi,
1026 3021 1070 3084 ob
1082 3044 1136 3085 ca-

52 3114 195 3179 tholicam
209 3115 310 3178 fidem
321 3115 372 3177 vel
391 3115 489 3178 aliam
503 3117 659 3178 virtutem
673 3117 897 3196 christianam,
907 3125 1074 3202 patienter
1086 3136 1135 3187 to·

53 3217 149 3282 lerata.
197 3218 298 3284 Unde
322 3217 363 3280 ad
388 3238 501 3280 verum
528 3221 722 3299 martyrium
748 3223 947 3302 requiritur:
979 3225 1030 3306 (a)
1051 3249 1137 3289 mors

53 3321 93 3381 vel
114 3323 275 3384 cruciatus
297 3341 336 3382 ex
356 3341 389 3382 se
409 3320 538 3383 lethales
550 3345 564 3394 ,·
593 3325 680 3386 unde
704 3345 770 3386 non
792 3325 1134 3402 sufficitvuln11S,nisi

55 3441 128 3484 nors
144 3424 268 3485 exinde
285 3422 479 3485 naturaliter
491 3434 655 3504 sequatur,
666 3445 727 3487 nec
744 3426 864 3490 sufficit
876 3428 972 3491 dolor
985 3431 1134 3494 internus

54 3528 139 3590 etiam
165 3527 343 3602 maximus,
366 3535 403 3588 ut
426 3524 521 3588 dolor
544 3525 578 3587 B.
595 3526 744 3607 Virginis
768 3529 810 3590 ad
835 3550 966 3592 crucem
991 3535 1135 3611 stantis;

54 3629 158 3692 sufficit
182 3640 294 3692 autern
324 3648 423 3709 poena
447 3647 490 3688 ex
518 3648 553 3689 se
581 3629 756 3705 mortifera,
780 3654 808 3694 v.
832 3652 862 3712 g.
887 3653 988 3712 poena
1012 3633 1135 3698 inflicta

55 3729 80 3792 S.
100 3733 215 3811 Joanni
243 3731 371 3811 Apost,
395 3731 450 3811 qui
480 3731 511 3791 iu
537 3729 693 3793 ferventis
716 3733 780 3795 olei
804 3735 931 3797 dolium
956 3735 1135 3817 conjectus,

55 3836 168 3896 nonnisi
187 3855 245 3916 per
258 3833 453 3896 miraculum
471 3844 612 3896 mortem
627 3837 729 3898 vitare
746 3837 871 3916 potuit;
895 3836 946 3918 (b)
960 3858 1047 3901 mors
1061 3861 1134 3920 pro-

54 3944 115 4011 pter
116 3937 216 4016 fidem
227 3945 287 4000 aut
296 3936 395 3999 aliam
408 3936 562 3998 virtutem
573 3938 730 4013 tolerata;
748 3959 835 4012 narn,
846 3948 883 4001 ut
892 3941 939 4003 ait
952 3941 1132 4022 Μαρια.

55 4035 181 4112 [serma
206 4041 238 4101 in
266 4040 317 4101 Ps.
336 4057 384 4118 34,
402 4059 431 4102 n.
452 4039 512 4120 13).
537 4045 725 4120 “martyres
750 4061 815 4101 non
842 4041 919 4104 facit
943 4063 1052 4124 poena,
1076 4047 1133 4108 sed

56 4156 139 4201 causa
149 4143 172 4204 ''.
206 4142 372 4222 Martyres
385 4142 486 4223 igitur
498 4154 575 4205 sunt
589 4143 634 4204 illi
647 4143 702 4223 qui
716 4142 760 4204 ob
773 4141 873 4206 fidem
887 4145 1132 4208 defendendam

58 4243 243 4320 occiduntur,
259 4254 317 4306 aut
341 4245 441 4306 etiarn
466 4266 525 4326 pro
548 4245 741 4308 defensione
765 4245 924 4310 Ecclesiae
944 4249 1078 4328 jurium,
1095 4259 1130 4310 ut
