<?xml version="1.0" encoding="UTF-8"?>
<!DOCTYPE html PUBLIC "-//W3C//DTD XHTML 1.0 Transitional//EN"
    "http://www.w3.org/TR/xhtml1/DTD/xhtml1-transitional.dtd">
<html xmlns="http://www.w3.org/1999/xhtml" xml:lang="en" lang="en">
 <head>
  <title>
</title>
<meta http-equiv="Content-Type" content="text/html;charset=utf-8" />
  <meta name='ocr-system' content='tesseract 3.04.00' />
  <meta name='ocr-capabilities' content='ocr_page ocr_carea ocr_par ocr_line ocrx_word'/>
</head>
<body>
  <div class='ocr_page' id='page_1' title='image "./synopsistheolog01tanqgoog_0035.png"; bbox 0 0 2776 4644; ppageno 0'>
   <div class='ocr_carea' id='block_1_1' title="bbox 233 143 948 199">
    <p class='ocr_par' dir='ltr' id='par_1_1' title="bbox 233 143 948 199">
     <span class='ocr_line' id='line_1_1' title="bbox 233 143 948 199; baseline 0.008 -7"><span class='ocrx_word' id='word_1_1' title='bbox 233 143 278 193; x_wconf 89' lang='grc'>20</span> <span class='ocrx_word' id='word_1_2' title='bbox 619 147 948 199; x_wconf 66' lang='lat' dir='ltr'>Pnoascousrttt.</span> 
     </span>
    </p>
   </div>
   <div class='ocr_carea' id='block_1_2' title="bbox 172 328 1355 3583">
    <p class='ocr_par' dir='ltr' id='par_1_2' title="bbox 231 328 1335 617">
     <span class='ocr_line' id='line_1_2' title="bbox 231 328 1335 414; baseline 0.003 -25"><span class='ocrx_word' id='word_1_3' title='bbox 231 328 325 390; x_wconf 86' lang='lat' dir='ltr'>Rom.</span> <span class='ocrx_word' id='word_1_4' title='bbox 341 328 384 402; x_wconf 90' lang='lat' dir='ltr'>V,</span> <span class='ocrx_word' id='word_1_5' title='bbox 402 343 417 410; x_wconf 83' lang='grc'><strong><em>5</em></strong></span> <span class='ocrx_word' id='word_1_6' title='bbox 437 353 444 392; x_wconf 88' lang='lat'>:</span> <span class='ocrx_word' id='word_1_7' title='bbox 465 331 623 394; x_wconf 89' lang='lat' dir='ltr'>“Caritas</span> <span class='ocrx_word' id='word_1_8' title='bbox 638 333 768 414; x_wconf 80' lang='lat' dir='ltr'>(gratia</span> <span class='ocrx_word' id='word_1_9' title='bbox 784 335 905 413; x_wconf 63' lang='lat' dir='ltr'>aeota)</span> <span class='ocrx_word' id='word_1_10' title='bbox 920 333 1039 396; x_wconf 81' lang='lat' dir='ltr'>diflusa</span> <span class='ocrx_word' id='word_1_11' title='bbox 1060 343 1111 395; x_wconf 92' lang='lat' dir='ltr'>est</span> <span class='ocrx_word' id='word_1_12' title='bbox 1126 333 1158 394; x_wconf 92' lang='lat' dir='ltr'>in</span> <span class='ocrx_word' id='word_1_13' title='bbox 1175 332 1335 395; x_wconf 80' lang='lat' dir='ltr'>cordibus</span> 
     </span>
     <span class='ocr_line' id='line_1_3' title="bbox 232 433 1334 518; baseline 0.004 -26"><span class='ocrx_word' id='word_1_14' title='bbox 232 433 352 493; x_wconf 91' lang='lat' dir='ltr'>nostris</span> <span class='ocrx_word' id='word_1_15' title='bbox 367 433 426 514; x_wconf 89' lang='lat' dir='ltr'>per</span> <span class='ocrx_word' id='word_1_16' title='bbox 436 433 596 514; x_wconf 90' lang='lat' dir='ltr'>Spiritum</span> <span class='ocrx_word' id='word_1_17' title='bbox 613 433 765 498; x_wconf 65' lang='lat' dir='ltr'>sanctum</span> <span class='ocrx_word' id='word_1_18' title='bbox 778 435 908 518; x_wconf 78' lang='lat' dir='ltr'>(gratia</span> <span class='ocrx_word' id='word_1_19' title='bbox 923 437 1083 513; x_wconf 80' lang='lat' dir='ltr'>increata)</span> <span class='ocrx_word' id='word_1_20' title='bbox 1093 435 1149 516; x_wconf 90' lang='lat' dir='ltr'>qui</span> <span class='ocrx_word' id='word_1_21' title='bbox 1165 436 1264 497; x_wconf 90' lang='lat' dir='ltr'>datus</span> <span class='ocrx_word' id='word_1_22' title='bbox 1279 445 1334 496; x_wconf 90' lang='lat' dir='ltr'>est</span> 
     </span>
     <span class='ocr_line' id='line_1_4' title="bbox 233 531 847 617; baseline 0.008 -25"><span class='ocrx_word' id='word_1_23' title='bbox 233 531 364 594; x_wconf 91' lang='lat' dir='ltr'>nobis”.</span> <span class='ocrx_word' id='word_1_24' title='bbox 385 533 441 602; x_wconf 82' lang='lat' dir='ltr'>(S.</span> <span class='ocrx_word' id='word_1_25' title='bbox 459 533 515 596; x_wconf 73' lang='lat'>771.</span> <span class='ocrx_word' id='word_1_26' title='bbox 536 553 560 597; x_wconf 89' lang='lat'>1.</span> <span class='ocrx_word' id='word_1_27' title='bbox 577 553 606 597; x_wconf 86' lang='lat'>2.</span> <span class='ocrx_word' id='word_1_28' title='bbox 621 556 653 617; x_wconf 90' lang='lat' dir='ltr'>q.</span> <span class='ocrx_word' id='word_1_29' title='bbox 674 553 743 610; x_wconf 83' lang='lat'>110,</span> <span class='ocrx_word' id='word_1_30' title='bbox 758 557 785 597; x_wconf 81' lang='lat' dir='ltr'>a</span> <span class='ocrx_word' id='word_1_31' title='bbox 808 537 847 616; x_wconf 86' lang='grc' dir='ltr'>ι.)</span> 
     </span>
    </p>

    <p class='ocr_par' dir='ltr' id='par_1_3' title="bbox 231 630 1343 1617">
     <span class='ocr_line' id='line_1_5' title="bbox 275 630 1336 719; baseline -0.003 -19"><span class='ocrx_word' id='word_1_32' title='bbox 275 643 305 711; x_wconf 86' lang='grc'>7.</span> <span class='ocrx_word' id='word_1_33' title='bbox 354 630 421 719; x_wconf 88' lang='grc' dir='ltr'>(Β)</span> <span class='ocrx_word' id='word_1_34' title='bbox 437 636 582 700; x_wconf 86' lang='lat' dir='ltr'>Ratione</span> <span class='ocrx_word' id='word_1_35' title='bbox 595 657 707 710; x_wconf 74' lang='lat' dir='ltr'>causa,</span> <span class='ocrx_word' id='word_1_36' title='bbox 718 638 826 718; x_wconf 89' lang='lat' dir='ltr'>gratia</span> <span class='ocrx_word' id='word_1_37' title='bbox 840 649 950 700; x_wconf 91' lang='lat' dir='ltr'>creata</span> <span class='ocrx_word' id='word_1_38' title='bbox 965 638 1090 718; x_wconf 88' lang='lat' dir='ltr'>duplex</span> <span class='ocrx_word' id='word_1_39' title='bbox 1103 646 1173 699; x_wconf 87' lang='lat' dir='ltr'>est:</span> <span class='ocrx_word' id='word_1_40' title='bbox 1189 637 1237 717; x_wconf 84' lang='lat' dir='ltr'>(a)</span> <span class='ocrx_word' id='word_1_41' title='bbox 1248 635 1336 700; x_wconf 87' lang='lat' dir='ltr'>Gra-</span> 
     </span>
     <span class='ocr_line' id='line_1_6' title="bbox 233 736 1337 821; baseline 0.002 -23"><span class='ocrx_word' id='word_1_42' title='bbox 233 737 280 798; x_wconf 85' lang='lat' dir='ltr'>tia</span> <span class='ocrx_word' id='word_1_43' title='bbox 306 736 379 812; x_wconf 66' lang='lat' dir='ltr'>Der,</span> <span class='ocrx_word' id='word_1_44' title='bbox 394 757 450 799; x_wconf 86' lang='lat' dir='ltr'>seu</span> <span class='ocrx_word' id='word_1_45' title='bbox 475 739 674 814; x_wconf 76' lang='lat' dir='ltr'>ConditoriS,</span> <span class='ocrx_word' id='word_1_46' title='bbox 690 761 730 802; x_wconf 91' lang='lat' dir='ltr'>ea</span> <span class='ocrx_word' id='word_1_47' title='bbox 752 751 803 802; x_wconf 89' lang='lat' dir='ltr'>est</span> <span class='ocrx_word' id='word_1_48' title='bbox 825 761 901 821; x_wconf 85' lang='lat' dir='ltr'>quae</span> <span class='ocrx_word' id='word_1_49' title='bbox 927 740 1119 802; x_wconf 84' lang='lat' dir='ltr'>conceditur</span> <span class='ocrx_word' id='word_1_50' title='bbox 1143 761 1164 800; x_wconf 93' lang='lat' dir='ltr'>a</span> <span class='ocrx_word' id='word_1_51' title='bbox 1188 740 1272 814; x_wconf 88' lang='lat' dir='ltr'>Deo,</span> <span class='ocrx_word' id='word_1_52' title='bbox 1287 759 1337 800; x_wconf 90' lang='lat' dir='ltr'>ex</span> 
     </span>
     <span class='ocr_line' id='line_1_7' title="bbox 235 840 1339 925; baseline 0.002 -25"><span class='ocrx_word' id='word_1_53' title='bbox 235 843 325 900; x_wconf 80' lang='lat' dir='ltr'>mera</span> <span class='ocrx_word' id='word_1_54' title='bbox 354 840 561 918; x_wconf 83' lang='lat' dir='ltr'>liberalitate,</span> <span class='ocrx_word' id='word_1_55' title='bbox 591 841 854 925; x_wconf 87' lang='lat' dir='ltr'>independenter</span> <span class='ocrx_word' id='word_1_56' title='bbox 883 863 903 905; x_wconf 92' lang='lat' dir='ltr'>a</span> <span class='ocrx_word' id='word_1_57' title='bbox 933 843 1057 904; x_wconf 90' lang='lat' dir='ltr'>meritis</span> <span class='ocrx_word' id='word_1_58' title='bbox 1087 842 1217 905; x_wconf 88' lang='lat' dir='ltr'>Christi.</span> <span class='ocrx_word' id='word_1_59' title='bbox 1268 842 1339 915; x_wconf 90' lang='lat' dir='ltr'>Sic,</span> 
     </span>
     <span class='ocr_line' id='line_1_8' title="bbox 231 941 1340 1027; baseline 0.003 -25"><span class='ocrx_word' id='word_1_60' title='bbox 231 941 332 1022; x_wconf 87' lang='lat' dir='ltr'>juxta</span> <span class='ocrx_word' id='word_1_61' title='bbox 347 942 549 1022; x_wconf 85' lang='lat' dir='ltr'>Thomistas‚</span> <span class='ocrx_word' id='word_1_62' title='bbox 563 946 672 1027; x_wconf 86' lang='lat' dir='ltr'>gratia</span> <span class='ocrx_word' id='word_1_63' title='bbox 688 944 829 1026; x_wconf 80' lang='lat' dir='ltr'>Angelis</span> <span class='ocrx_word' id='word_1_64' title='bbox 852 955 886 1007; x_wconf 91' lang='lat' dir='ltr'>et</span> <span class='ocrx_word' id='word_1_65' title='bbox 911 945 1045 1008; x_wconf 86' lang='lat' dir='ltr'>Adamo</span> <span class='ocrx_word' id='word_1_66' title='bbox 1060 945 1227 1007; x_wconf 88' lang='lat' dir='ltr'>innocenti</span> <span class='ocrx_word' id='word_1_67' title='bbox 1243 946 1340 1014; x_wconf 89' lang='lat' dir='ltr'>data,</span> 
     </span>
     <span class='ocr_line' id='line_1_9' title="bbox 234 1045 1342 1128; baseline 0.005 -25"><span class='ocrx_word' id='word_1_68' title='bbox 234 1053 285 1104; x_wconf 90' lang='lat' dir='ltr'>est</span> <span class='ocrx_word' id='word_1_69' title='bbox 299 1045 406 1124; x_wconf 86' lang='lat' dir='ltr'>gratia</span> <span class='ocrx_word' id='word_1_70' title='bbox 423 1045 494 1108; x_wconf 89' lang='lat' dir='ltr'>Dei.</span> <span class='ocrx_word' id='word_1_71' title='bbox 541 1047 592 1127; x_wconf 90' lang='lat' dir='ltr'>(b)</span> <span class='ocrx_word' id='word_1_72' title='bbox 608 1049 724 1111; x_wconf 86' lang='lat' dir='ltr'>Gratia</span> <span class='ocrx_word' id='word_1_73' title='bbox 742 1047 876 1122; x_wconf 81' lang='lat' dir='ltr'>Clm&#39;sti,</span> <span class='ocrx_word' id='word_1_74' title='bbox 891 1069 949 1110; x_wconf 91' lang='lat' dir='ltr'>seu</span> <span class='ocrx_word' id='word_1_75' title='bbox 967 1048 1201 1128; x_wconf 91' lang='lat' dir='ltr'>Redemptoris</span> <span class='ocrx_word' id='word_1_76' title='bbox 1222 1068 1261 1109; x_wconf 89' lang='lat' dir='ltr'>ea</span> <span class='ocrx_word' id='word_1_77' title='bbox 1283 1059 1342 1109; x_wconf 90' lang='lat' dir='ltr'>est</span> 
     </span>
     <span class='ocr_line' id='line_1_10' title="bbox 234 1149 1341 1226; baseline 0.002 -18"><span class='ocrx_word' id='word_1_78' title='bbox 234 1166 310 1226; x_wconf 87' lang='lat' dir='ltr'>quae</span> <span class='ocrx_word' id='word_1_79' title='bbox 336 1150 529 1212; x_wconf 87' lang='lat' dir='ltr'>conceditur</span> <span class='ocrx_word' id='word_1_80' title='bbox 554 1170 575 1212; x_wconf 89' lang='lat' dir='ltr'>a</span> <span class='ocrx_word' id='word_1_81' title='bbox 601 1151 677 1214; x_wconf 93' lang='lat' dir='ltr'>Deo</span> <span class='ocrx_word' id='word_1_82' title='bbox 706 1153 827 1214; x_wconf 91' lang='lat' dir='ltr'>intuitu</span> <span class='ocrx_word' id='word_1_83' title='bbox 859 1152 1051 1214; x_wconf 89' lang='lat' dir='ltr'>meritorum</span> <span class='ocrx_word' id='word_1_84' title='bbox 1079 1150 1200 1214; x_wconf 88' lang='lat' dir='ltr'>Christi</span> <span class='ocrx_word' id='word_1_85' title='bbox 1214 1162 1233 1212; x_wconf 92' lang='lat'>¹.</span> <span class='ocrx_word' id='word_1_86' title='bbox 1282 1149 1341 1210; x_wconf 90' lang='lat' dir='ltr'>De</span> 
     </span>
     <span class='ocr_line' id='line_1_11' title="bbox 236 1246 1343 1336; baseline 0.004 -27"><span class='ocrx_word' id='word_1_87' title='bbox 236 1246 324 1310; x_wconf 69' lang='lat' dir='ltr'>ladio</span> <span class='ocrx_word' id='word_1_88' title='bbox 353 1251 462 1312; x_wconf 91' lang='lat' dir='ltr'>omnis</span> <span class='ocrx_word' id='word_1_89' title='bbox 488 1254 604 1332; x_wconf 89' lang='lat' dir='ltr'>gratia,</span> <span class='ocrx_word' id='word_1_90' title='bbox 630 1255 662 1316; x_wconf 93' lang='lat' dir='ltr'>in</span> <span class='ocrx_word' id='word_1_91' title='bbox 690 1264 779 1317; x_wconf 90' lang='lat' dir='ltr'>statu</span> <span class='ocrx_word' id='word_1_92' title='bbox 807 1255 962 1336; x_wconf 69' lang='lat' dir='ltr'>praesenti</span> <span class='ocrx_word' id='word_1_93' title='bbox 993 1254 1122 1326; x_wconf 88' lang='lat' dir='ltr'>collata,</span> <span class='ocrx_word' id='word_1_94' title='bbox 1146 1263 1196 1316; x_wconf 89' lang='lat' dir='ltr'>est</span> <span class='ocrx_word' id='word_1_95' title='bbox 1225 1254 1343 1334; x_wconf 89' lang='lat' dir='ltr'>gratia</span> 
     </span>
     <span class='ocr_line' id='line_1_12' title="bbox 236 1349 1343 1438; baseline 0.004 -27"><span class='ocrx_word' id='word_1_96' title='bbox 236 1349 368 1426; x_wconf 85' lang='lat' dir='ltr'>Christi,</span> <span class='ocrx_word' id='word_1_97' title='bbox 377 1352 456 1432; x_wconf 91' lang='lat' dir='ltr'>quia</span> <span class='ocrx_word' id='word_1_98' title='bbox 469 1353 620 1417; x_wconf 86' lang='lat' dir='ltr'>Christus</span> <span class='ocrx_word' id='word_1_99' title='bbox 631 1374 749 1419; x_wconf 91' lang='lat' dir='ltr'>omnes</span> <span class='ocrx_word' id='word_1_100' title='bbox 759 1357 884 1438; x_wconf 86' lang='lat' dir='ltr'>gratias</span> <span class='ocrx_word' id='word_1_101' title='bbox 897 1358 1024 1432; x_wconf 86' lang='lat' dir='ltr'>meruit,</span> <span class='ocrx_word' id='word_1_102' title='bbox 1034 1376 1109 1437; x_wconf 87' lang='lat' dir='ltr'>quae</span> <span class='ocrx_word' id='word_1_103' title='bbox 1125 1355 1220 1418; x_wconf 93' lang='lat' dir='ltr'>nobis</span> <span class='ocrx_word' id='word_1_104' title='bbox 1234 1355 1343 1416; x_wconf 88' lang='lat' dir='ltr'>hodie</span> 
     </span>
     <span class='ocr_line' id='line_1_13' title="bbox 235 1453 1343 1540; baseline 0.005 -28"><span class='ocrx_word' id='word_1_105' title='bbox 235 1453 479 1532; x_wconf 88' lang='lat' dir='ltr'>dispensantur,</span> <span class='ocrx_word' id='word_1_106' title='bbox 495 1467 531 1518; x_wconf 91' lang='lat' dir='ltr'>ut</span> <span class='ocrx_word' id='word_1_107' title='bbox 547 1457 579 1518; x_wconf 93' lang='lat' dir='ltr'>in</span> <span class='ocrx_word' id='word_1_108' title='bbox 602 1458 655 1520; x_wconf 84' lang='lat' dir='ltr'>Tr.</span> <span class='ocrx_word' id='word_1_109' title='bbox 665 1458 704 1521; x_wconf 81' lang='lat' dir='ltr'>de</span> <span class='ocrx_word' id='word_1_110' title='bbox 727 1459 827 1522; x_wconf 79' lang='lat' dir='ltr'>Verbo</span> <span class='ocrx_word' id='word_1_111' title='bbox 840 1459 970 1522; x_wconf 80' lang='lat' dir='ltr'>lucam.</span> <span class='ocrx_word' id='word_1_112' title='bbox 982 1460 1026 1540; x_wconf 92' lang='lat' dir='ltr'>(n.</span> <span class='ocrx_word' id='word_1_113' title='bbox 1044 1458 1201 1538; x_wconf 85' lang='lat'>208-214)</span> <span class='ocrx_word' id='word_1_114' title='bbox 1216 1457 1343 1539; x_wconf 91' lang='lat' dir='ltr'>proba-</span> 
     </span>
     <span class='ocr_line' id='line_1_14' title="bbox 237 1564 383 1617; baseline 0.007 -2"><span class='ocrx_word' id='word_1_115' title='bbox 237 1564 309 1615; x_wconf 92' lang='lat' dir='ltr'>tum</span> <span class='ocrx_word' id='word_1_116' title='bbox 325 1565 383 1617; x_wconf 91' lang='lat' dir='ltr'>est.</span> 
     </span>
    </p>

    <p class='ocr_par' dir='ltr' id='par_1_4' title="bbox 172 1647 1348 2154">
     <span class='ocr_line' id='line_1_15' title="bbox 279 1647 1347 1746; baseline 0.002 -25"><span class='ocrx_word' id='word_1_117' title='bbox 279 1657 309 1721; x_wconf 69' lang='grc' dir='ltr'><strong>ἃ</strong></span> <span class='ocrx_word' id='word_1_118' title='bbox 358 1655 422 1742; x_wconf 89' lang='lat' dir='ltr'>(C)</span> <span class='ocrx_word' id='word_1_119' title='bbox 436 1660 580 1723; x_wconf 89' lang='lat' dir='ltr'>Ratione</span> <span class='ocrx_word' id='word_1_120' title='bbox 596 1663 691 1736; x_wconf 87' lang='lat' dir='ltr'>modi,</span> <span class='ocrx_word' id='word_1_121' title='bbox 702 1674 752 1726; x_wconf 83' lang='lat' dir='ltr'>est</span> <span class='ocrx_word' id='word_1_122' title='bbox 763 1665 1047 1746; x_wconf 76' lang='lat' dir='ltr'>(a)e2·terna,quae</span> <span class='ocrx_word' id='word_1_123' title='bbox 1062 1647 1249 1727; x_wconf 83' lang='lat' dir='ltr'>extrinsece</span> <span class='ocrx_word' id='word_1_124' title='bbox 1266 1661 1347 1724; x_wconf 86' lang='lat' dir='ltr'>affi-</span> 
     </span>
     <span class='ocr_line' id='line_1_16' title="bbox 237 1761 1346 1850; baseline 0.002 -26"><span class='ocrx_word' id='word_1_125' title='bbox 237 1763 283 1824; x_wconf 91' lang='lat' dir='ltr'>cit</span> <span class='ocrx_word' id='word_1_126' title='bbox 298 1761 494 1844; x_wconf 65' lang='lat' dir='ltr'>subjestum</span> <span class='ocrx_word' id='word_1_127' title='bbox 510 1776 547 1828; x_wconf 89' lang='lat' dir='ltr'>ut</span> <span class='ocrx_word' id='word_1_128' title='bbox 563 1766 686 1830; x_wconf 89' lang='lat' dir='ltr'>Christi</span> <span class='ocrx_word' id='word_1_129' title='bbox 702 1768 868 1850; x_wconf 87' lang='lat' dir='ltr'>exempla,</span> <span class='ocrx_word' id='word_1_130' title='bbox 885 1769 1048 1848; x_wconf 91' lang='lat' dir='ltr'>evangelii</span> <span class='ocrx_word' id='word_1_131' title='bbox 1067 1767 1261 1849; x_wconf 84' lang='lat' dir='ltr'>praedicatio</span> <span class='ocrx_word' id='word_1_132' title='bbox 1277 1775 1346 1826; x_wconf 89' lang='lat' dir='ltr'>etc.</span> 
     </span>
     <span class='ocr_line' id='line_1_17' title="bbox 172 1865 1347 1952; baseline -0.003 -23"><span class='ocrx_word' id='word_1_133' title='bbox 172 1937 191 1952; x_wconf 63' lang='lat'><em>,</em></span> <span class='ocrx_word' id='word_1_134' title='bbox 238 1865 290 1944; x_wconf 71' lang='lat' dir='ltr'>(b)</span> <span class='ocrx_word' id='word_1_135' title='bbox 306 1865 444 1942; x_wconf 84' lang='lat' dir='ltr'>interna,</span> <span class='ocrx_word' id='word_1_136' title='bbox 459 1887 534 1948; x_wconf 81' lang='lat' dir='ltr'>quae</span> <span class='ocrx_word' id='word_1_137' title='bbox 550 1867 735 1948; x_wconf 76' lang='lat' dir='ltr'>subjeetum</span> <span class='ocrx_word' id='word_1_138' title='bbox 753 1871 930 1933; x_wconf 89' lang='lat' dir='ltr'>intrinsece</span> <span class='ocrx_word' id='word_1_139' title='bbox 945 1869 1054 1946; x_wconf 88' lang='lat' dir='ltr'>afficit,</span> <span class='ocrx_word' id='word_1_140' title='bbox 1069 1890 1098 1931; x_wconf 91' lang='lat' dir='ltr'>v.</span> <span class='ocrx_word' id='word_1_141' title='bbox 1111 1889 1143 1949; x_wconf 89' lang='lat' dir='ltr'>g.</span> <span class='ocrx_word' id='word_1_142' title='bbox 1158 1868 1265 1949; x_wconf 90' lang='lat' dir='ltr'>gratia</span> <span class='ocrx_word' id='word_1_143' title='bbox 1282 1867 1347 1926; x_wconf 87' lang='lat' dir='ltr'>ha-</span> 
     </span>
     <span class='ocr_line' id='line_1_18' title="bbox 239 1967 1348 2054; baseline 0.001 -26"><span class='ocrx_word' id='word_1_144' title='bbox 239 1967 383 2045; x_wconf 89' lang='lat' dir='ltr'>bitualis,</span> <span class='ocrx_word' id='word_1_145' title='bbox 398 1989 474 2050; x_wconf 84' lang='lat' dir='ltr'>quae</span> <span class='ocrx_word' id='word_1_146' title='bbox 491 1971 597 2052; x_wconf 88' lang='lat' dir='ltr'>ipsam</span> <span class='ocrx_word' id='word_1_147' title='bbox 613 1973 834 2036; x_wconf 89' lang='lat' dir='ltr'>substantiam</span> <span class='ocrx_word' id='word_1_148' title='bbox 858 1975 980 2035; x_wconf 84' lang='lat' dir='ltr'>animae</span> <span class='ocrx_word' id='word_1_149' title='bbox 1002 1971 1138 2054; x_wconf 85' lang='lat' dir='ltr'>perficit,</span> <span class='ocrx_word' id='word_1_150' title='bbox 1152 1969 1348 2051; x_wconf 83' lang='lat' dir='ltr'>pariterque</span> 
     </span>
     <span class='ocr_line' id='line_1_19' title="bbox 239 2068 1123 2154; baseline 0.005 -25"><span class='ocrx_word' id='word_1_151' title='bbox 239 2070 355 2150; x_wconf 81' lang='lat' dir='ltr'>gratiae</span> <span class='ocrx_word' id='word_1_152' title='bbox 371 2068 516 2134; x_wconf 67' lang='lat' dir='ltr'>actuales</span> <span class='ocrx_word' id='word_1_153' title='bbox 530 2093 602 2153; x_wconf 76' lang='lat' dir='ltr'>quae</span> <span class='ocrx_word' id='word_1_154' title='bbox 619 2073 793 2137; x_wconf 81' lang='lat' dir='ltr'>facultates</span> <span class='ocrx_word' id='word_1_155' title='bbox 810 2085 940 2137; x_wconf 86' lang='lat' dir='ltr'>nostras</span> <span class='ocrx_word' id='word_1_156' title='bbox 955 2073 1123 2154; x_wconf 90' lang='lat' dir='ltr'>adjuvant.</span> 
     </span>
    </p>

    <p class='ocr_par' dir='ltr' id='par_1_5' title="bbox 240 2171 1355 3583">
     <span class='ocr_line' id='line_1_20' title="bbox 281 2171 1350 2258; baseline -0.002 -23"><span class='ocrx_word' id='word_1_157' title='bbox 281 2183 311 2247; x_wconf 87' lang='grc'>9.</span> <span class='ocrx_word' id='word_1_158' title='bbox 359 2171 421 2254; x_wconf 61' lang='lat' dir='ltr'>(D)</span> <span class='ocrx_word' id='word_1_159' title='bbox 439 2175 582 2238; x_wconf 88' lang='lat' dir='ltr'>Ratione</span> <span class='ocrx_word' id='word_1_160' title='bbox 593 2176 687 2256; x_wconf 84' lang='lat' dir='ltr'>finr&#39;s,</span> <span class='ocrx_word' id='word_1_161' title='bbox 701 2179 808 2258; x_wconf 90' lang='lat' dir='ltr'>gratia</span> <span class='ocrx_word' id='word_1_162' title='bbox 829 2179 958 2240; x_wconf 90' lang='lat' dir='ltr'>interna</span> <span class='ocrx_word' id='word_1_163' title='bbox 981 2177 1099 2239; x_wconf 90' lang='lat' dir='ltr'>iterum</span> <span class='ocrx_word' id='word_1_164' title='bbox 1119 2173 1350 2236; x_wconf 89' lang='lat' dir='ltr'>subdividitur</span> 
     </span>
     <span class='ocr_line' id='line_1_21' title="bbox 241 2274 1348 2362; baseline 0.001 -26"><span class='ocrx_word' id='word_1_165' title='bbox 241 2274 299 2336; x_wconf 93' lang='lat' dir='ltr'>in:</span> <span class='ocrx_word' id='word_1_166' title='bbox 322 2277 373 2356; x_wconf 85' lang='lat' dir='ltr'>(a)</span> <span class='ocrx_word' id='word_1_167' title='bbox 396 2279 537 2357; x_wconf 85' lang='lat' dir='ltr'>gratiam</span> <span class='ocrx_word' id='word_1_168' title='bbox 556 2281 667 2360; x_wconf 77' lang='lat' dir='ltr'>gran&#39;s</span> <span class='ocrx_word' id='word_1_169' title='bbox 685 2281 810 2356; x_wconf 85' lang='lat' dir='ltr'>datam,</span> <span class='ocrx_word' id='word_1_170' title='bbox 830 2302 906 2362; x_wconf 83' lang='lat' dir='ltr'>quae</span> <span class='ocrx_word' id='word_1_171' title='bbox 925 2293 1040 2362; x_wconf 79' lang='lat' dir='ltr'>perse</span> <span class='ocrx_word' id='word_1_172' title='bbox 1061 2290 1095 2341; x_wconf 92' lang='lat' dir='ltr'>et</span> <span class='ocrx_word' id='word_1_173' title='bbox 1111 2277 1276 2360; x_wconf 82' lang='lat' dir='ltr'>primario</span> <span class='ocrx_word' id='word_1_174' title='bbox 1299 2278 1348 2338; x_wconf 90' lang='lat' dir='ltr'>ad</span> 
     </span>
     <span class='ocr_line' id='line_1_22' title="bbox 240 2377 1350 2461; baseline 0.003 -24"><span class='ocrx_word' id='word_1_175' title='bbox 240 2377 381 2439; x_wconf 75' lang='lat' dir='ltr'>alibrum</span> <span class='ocrx_word' id='word_1_176' title='bbox 404 2380 579 2442; x_wconf 79' lang='lat' dir='ltr'>utilitatem</span> <span class='ocrx_word' id='word_1_177' title='bbox 602 2384 709 2458; x_wconf 91' lang='lat' dir='ltr'>datur,</span> <span class='ocrx_word' id='word_1_178' title='bbox 731 2395 768 2446; x_wconf 91' lang='lat' dir='ltr'>ut</span> <span class='ocrx_word' id='word_1_179' title='bbox 790 2386 916 2447; x_wconf 92' lang='lat' dir='ltr'>donum</span> <span class='ocrx_word' id='word_1_180' title='bbox 941 2383 1182 2455; x_wconf 85' lang='lat' dir='ltr'>miraculorum,</span> <span class='ocrx_word' id='word_1_181' title='bbox 1200 2380 1350 2461; x_wconf 90' lang='lat' dir='ltr'>prophe·</span> 
     </span>
     <span class='ocr_line' id='line_1_23' title="bbox 242 2480 1350 2563; baseline 0.002 -23"><span class='ocrx_word' id='word_1_182' title='bbox 242 2480 316 2540; x_wconf 80' lang='lat' dir='ltr'>tiae:</span> <span class='ocrx_word' id='word_1_183' title='bbox 344 2480 419 2543; x_wconf 90' lang='lat' dir='ltr'>talis</span> <span class='ocrx_word' id='word_1_184' title='bbox 441 2484 549 2563; x_wconf 89' lang='lat' dir='ltr'>gratia</span> <span class='ocrx_word' id='word_1_185' title='bbox 572 2504 638 2546; x_wconf 93' lang='lat' dir='ltr'>non</span> <span class='ocrx_word' id='word_1_186' title='bbox 663 2487 818 2548; x_wconf 91' lang='lat' dir='ltr'>omnibus</span> <span class='ocrx_word' id='word_1_187' title='bbox 845 2488 943 2548; x_wconf 92' lang='lat' dir='ltr'>datur</span> <span class='ocrx_word' id='word_1_188' title='bbox 969 2484 1173 2558; x_wconf 69' lang='lat' dir='ltr'>Christianis</span> <span class='ocrx_word' id='word_1_189' title='bbox 1189 2483 1245 2544; x_wconf 88' lang='lat' dir='ltr'>sed</span> <span class='ocrx_word' id='word_1_190' title='bbox 1271 2482 1350 2561; x_wconf 93' lang='lat' dir='ltr'>qui-</span> 
     </span>
     <span class='ocr_line' id='line_1_24' title="bbox 243 2583 1350 2669; baseline 0.002 -27"><span class='ocrx_word' id='word_1_191' title='bbox 243 2583 394 2656; x_wconf 91' lang='lat' dir='ltr'>busdam,</span> <span class='ocrx_word' id='word_1_192' title='bbox 408 2593 442 2644; x_wconf 92' lang='lat' dir='ltr'>et</span> <span class='ocrx_word' id='word_1_193' title='bbox 463 2595 574 2664; x_wconf 86' lang='lat' dir='ltr'>potest</span> <span class='ocrx_word' id='word_1_194' title='bbox 595 2585 708 2649; x_wconf 68' lang='lat' dir='ltr'>stricte</span> <span class='ocrx_word' id='word_1_195' title='bbox 727 2587 896 2668; x_wconf 90' lang='lat' dir='ltr'>loquendo</span> <span class='ocrx_word' id='word_1_196' title='bbox 914 2587 1144 2669; x_wconf 88' lang='lat' dir='ltr'>peccatoribus</span> <span class='ocrx_word' id='word_1_197' title='bbox 1158 2583 1293 2656; x_wconf 81' lang='lat' dir='ltr'>concedi,</span> <span class='ocrx_word' id='word_1_198' title='bbox 1309 2592 1350 2644; x_wconf 91' lang='lat' dir='ltr'>ut</span> 
     </span>
     <span class='ocr_line' id='line_1_25' title="bbox 243 2681 1351 2770; baseline -0.001 -24"><span class='ocrx_word' id='word_1_199' title='bbox 243 2705 287 2746; x_wconf 91' lang='lat' dir='ltr'>ex</span> <span class='ocrx_word' id='word_1_200' title='bbox 311 2681 400 2746; x_wconf 68' lang='lat' dir='ltr'>ladio</span> <span class='ocrx_word' id='word_1_201' title='bbox 420 2685 557 2750; x_wconf 91' lang='lat' dir='ltr'>Balaam</span> <span class='ocrx_word' id='word_1_202' title='bbox 581 2701 759 2769; x_wconf 86' lang='lat' dir='ltr'>apparet2;</span> <span class='ocrx_word' id='word_1_203' title='bbox 786 2689 835 2768; x_wconf 86' lang='lat' dir='ltr'>(b)</span> <span class='ocrx_word' id='word_1_204' title='bbox 855 2691 997 2770; x_wconf 89' lang='lat' dir='ltr'>gratiam</span> <span class='ocrx_word' id='word_1_205' title='bbox 1011 2698 1148 2768; x_wconf 80' lang='lat' dir='ltr'>gratum</span> <span class='ocrx_word' id='word_1_206' title='bbox 1158 2685 1351 2765; x_wconf 74' lang='lat' dir='ltr'>finientem,</span> 
     </span>
     <span class='ocr_line' id='line_1_26' title="bbox 243 2785 1352 2872; baseline 0.001 -26"><span class='ocrx_word' id='word_1_207' title='bbox 243 2807 320 2866; x_wconf 82' lang='lat' dir='ltr'>quae</span> <span class='ocrx_word' id='word_1_208' title='bbox 327 2799 390 2866; x_wconf 80' lang='lat' dir='ltr'>per</span> <span class='ocrx_word' id='word_1_209' title='bbox 401 2808 433 2848; x_wconf 86' lang='lat' dir='ltr'>sc</span> <span class='ocrx_word' id='word_1_210' title='bbox 449 2799 482 2848; x_wconf 95' lang='lat' dir='ltr'>et</span> <span class='ocrx_word' id='word_1_211' title='bbox 491 2789 657 2867; x_wconf 77' lang='lat' dir='ltr'>pn&#39;mario</span> <span class='ocrx_word' id='word_1_212' title='bbox 673 2792 705 2852; x_wconf 91' lang='lat' dir='ltr'>in</span> <span class='ocrx_word' id='word_1_213' title='bbox 724 2793 891 2872; x_wconf 90' lang='lat' dir='ltr'>propriam</span> <span class='ocrx_word' id='word_1_214' title='bbox 909 2787 1048 2871; x_wconf 70' lang='lat' dir='ltr'>subjecti</span> <span class='ocrx_word' id='word_1_215' title='bbox 1065 2788 1241 2851; x_wconf 90' lang='lat' dir='ltr'>utilitatem</span> <span class='ocrx_word' id='word_1_216' title='bbox 1256 2785 1352 2848; x_wconf 90' lang='lat' dir='ltr'>ordi-</span> 
     </span>
     <span class='ocr_line' id='line_1_27' title="bbox 245 2890 1351 2974; baseline 0.002 -26"><span class='ocrx_word' id='word_1_217' title='bbox 245 2898 357 2964; x_wconf 89' lang='lat' dir='ltr'>natur;</span> <span class='ocrx_word' id='word_1_218' title='bbox 381 2890 455 2950; x_wconf 93' lang='lat' dir='ltr'>talis</span> <span class='ocrx_word' id='word_1_219' title='bbox 471 2900 522 2952; x_wconf 91' lang='lat' dir='ltr'>est</span> <span class='ocrx_word' id='word_1_220' title='bbox 537 2911 564 2952; x_wconf 91' lang='lat' dir='ltr'>v.</span> <span class='ocrx_word' id='word_1_221' title='bbox 583 2913 612 2972; x_wconf 84' lang='lat' dir='ltr'>g.</span> <span class='ocrx_word' id='word_1_222' title='bbox 628 2895 735 2973; x_wconf 91' lang='lat' dir='ltr'>gratia</span> <span class='ocrx_word' id='word_1_223' title='bbox 751 2893 939 2968; x_wconf 70' lang='lat' dir='ltr'>habitualis</span> <span class='ocrx_word' id='word_1_224' title='bbox 956 2915 1032 2974; x_wconf 82' lang='lat' dir='ltr'>quae</span> <span class='ocrx_word' id='word_1_225' title='bbox 1050 2892 1181 2973; x_wconf 90' lang='lat' dir='ltr'>proprie</span> <span class='ocrx_word' id='word_1_226' title='bbox 1196 2909 1255 2951; x_wconf 87' lang='lat' dir='ltr'>nos</span> <span class='ocrx_word' id='word_1_227' title='bbox 1272 2909 1351 2969; x_wconf 85' lang='lat' dir='ltr'>gra·</span> 
     </span>
     <span class='ocr_line' id='line_1_28' title="bbox 245 2990 1352 3075; baseline 0 -24"><span class='ocrx_word' id='word_1_228' title='bbox 245 3003 297 3051; x_wconf 90' lang='lat' dir='ltr'>tos</span> <span class='ocrx_word' id='word_1_229' title='bbox 314 2990 387 3051; x_wconf 87' lang='lat' dir='ltr'>Deo</span> <span class='ocrx_word' id='word_1_230' title='bbox 404 2991 489 3064; x_wconf 86' lang='lat' dir='ltr'>lacit,</span> <span class='ocrx_word' id='word_1_231' title='bbox 506 3003 539 3054; x_wconf 91' lang='lat' dir='ltr'>et</span> <span class='ocrx_word' id='word_1_232' title='bbox 555 2992 702 3068; x_wconf 71' lang='lat' dir='ltr'>actualis,</span> <span class='ocrx_word' id='word_1_233' title='bbox 717 3015 792 3075; x_wconf 83' lang='lat' dir='ltr'>quae</span> <span class='ocrx_word' id='word_1_234' title='bbox 815 3005 865 3056; x_wconf 87' lang='lat' dir='ltr'>est</span> <span class='ocrx_word' id='word_1_235' title='bbox 889 2997 1033 3056; x_wconf 90' lang='lat' dir='ltr'>medium</span> <span class='ocrx_word' id='word_1_236' title='bbox 1051 2995 1093 3056; x_wconf 90' lang='lat' dir='ltr'>ad</span> <span class='ocrx_word' id='word_1_237' title='bbox 1109 2993 1352 3073; x_wconf 88' lang='lat' dir='ltr'>acquirendam</span> 
     </span>
     <span class='ocr_line' id='line_1_29' title="bbox 245 3091 1353 3176; baseline 0.002 -25"><span class='ocrx_word' id='word_1_238' title='bbox 245 3091 296 3152; x_wconf 83' lang='lat' dir='ltr'>vel</span> <span class='ocrx_word' id='word_1_239' title='bbox 312 3095 499 3171; x_wconf 86' lang='lat' dir='ltr'>augendam</span> <span class='ocrx_word' id='word_1_240' title='bbox 517 3096 657 3174; x_wconf 82' lang='lat' dir='ltr'>gratiam</span> <span class='ocrx_word' id='word_1_241' title='bbox 670 3097 888 3158; x_wconf 90' lang='lat' dir='ltr'>habitualem.</span> <span class='ocrx_word' id='word_1_242' title='bbox 918 3097 1067 3159; x_wconf 83' lang='lat' dir='ltr'>Gratiam</span> <span class='ocrx_word' id='word_1_243' title='bbox 1081 3106 1210 3176; x_wconf 87' lang='lat' dir='ltr'>gratum</span> <span class='ocrx_word' id='word_1_244' title='bbox 1225 3093 1353 3154; x_wconf 87' lang='lat' dir='ltr'>lacien-</span> 
     </span>
     <span class='ocr_line' id='line_1_30' title="bbox 247 3194 1354 3278; baseline 0.002 -23"><span class='ocrx_word' id='word_1_245' title='bbox 247 3207 314 3256; x_wconf 91' lang='lat' dir='ltr'>tem</span> <span class='ocrx_word' id='word_1_246' title='bbox 331 3194 499 3256; x_wconf 85' lang='lat' dir='ltr'>meliorem</span> <span class='ocrx_word' id='word_1_247' title='bbox 516 3217 588 3257; x_wconf 88' lang='lat' dir='ltr'>esse</span> <span class='ocrx_word' id='word_1_248' title='bbox 604 3200 710 3278; x_wconf 80' lang='lat' dir='ltr'>gratia</span> <span class='ocrx_word' id='word_1_249' title='bbox 725 3199 828 3278; x_wconf 85' lang='lat' dir='ltr'>gratis</span> <span class='ocrx_word' id='word_1_250' title='bbox 847 3199 927 3260; x_wconf 73' lang='lat' dir='ltr'>data</span> <span class='ocrx_word' id='word_1_251' title='bbox 947 3208 1079 3260; x_wconf 89' lang='lat' dir='ltr'>constat</span> <span class='ocrx_word' id='word_1_252' title='bbox 1098 3217 1142 3258; x_wconf 92' lang='lat' dir='ltr'>ex</span> <span class='ocrx_word' id='word_1_253' title='bbox 1161 3195 1264 3258; x_wconf 91' lang='lat' dir='ltr'>Paulo</span> <span class='ocrx_word' id='word_1_254' title='bbox 1281 3197 1354 3276; x_wconf 82' lang='lat' dir='ltr'>qui.</span> 
     </span>
     <span class='ocr_line' id='line_1_31' title="bbox 247 3299 1353 3380; baseline 0.003 -23"><span class='ocrx_word' id='word_1_255' title='bbox 247 3309 323 3378; x_wconf 90' lang='lat' dir='ltr'>post</span> <span class='ocrx_word' id='word_1_256' title='bbox 345 3309 554 3359; x_wconf 86' lang='lat' dir='ltr'>enumeratas</span> <span class='ocrx_word' id='word_1_257' title='bbox 577 3302 700 3378; x_wconf 78' lang='lat' dir='ltr'>gratias</span> <span class='ocrx_word' id='word_1_258' title='bbox 723 3302 825 3380; x_wconf 88' lang='lat' dir='ltr'>gratis</span> <span class='ocrx_word' id='word_1_259' title='bbox 848 3302 954 3374; x_wconf 87' lang='lat' dir='ltr'>datas,</span> <span class='ocrx_word' id='word_1_260' title='bbox 976 3300 1090 3364; x_wconf 90' lang='lat' dir='ltr'>addit:</span> <span class='ocrx_word' id='word_1_261' title='bbox 1117 3299 1353 3360; x_wconf 71' lang='lat' dir='ltr'>“aemulamini</span> 
     </span>
     <span class='ocr_line' id='line_1_32' title="bbox 247 3401 1354 3484; baseline 0.002 -24"><span class='ocrx_word' id='word_1_262' title='bbox 247 3401 445 3461; x_wconf 89' lang='lat' dir='ltr'>charismata</span> <span class='ocrx_word' id='word_1_263' title='bbox 472 3401 660 3476; x_wconf 84' lang='lat' dir='ltr'>meliora”³‚</span> <span class='ocrx_word' id='word_1_264' title='bbox 684 3415 867 3484; x_wconf 85' lang='lat' dir='ltr'>posteaque</span> <span class='ocrx_word' id='word_1_265' title='bbox 889 3405 1059 3464; x_wconf 70' lang='lat' dir='ltr'>caritatem</span> <span class='ocrx_word' id='word_1_266' title='bbox 1083 3403 1250 3474; x_wconf 89' lang='lat' dir='ltr'>describit,</span> <span class='ocrx_word' id='word_1_267' title='bbox 1274 3421 1354 3482; x_wconf 71' lang='lat' dir='ltr'>quae</span> 
     </span>
     <span class='ocr_line' id='line_1_33' title="bbox 249 3503 1355 3583; baseline 0.003 -22"><span class='ocrx_word' id='word_1_268' title='bbox 249 3523 378 3581; x_wconf 84' lang='lat' dir='ltr'>semper</span> <span class='ocrx_word' id='word_1_269' title='bbox 392 3523 467 3563; x_wconf 90' lang='lat' dir='ltr'>curn</span> <span class='ocrx_word' id='word_1_270' title='bbox 491 3504 596 3582; x_wconf 73' lang='lat' dir='ltr'>gratia</span> <span class='ocrx_word' id='word_1_271' title='bbox 618 3515 749 3583; x_wconf 89' lang='lat' dir='ltr'>gratum</span> <span class='ocrx_word' id='word_1_272' title='bbox 770 3504 912 3566; x_wconf 84' lang='lat' dir='ltr'>faciente</span> <span class='ocrx_word' id='word_1_273' title='bbox 932 3503 1147 3568; x_wconf 65' lang='lat' dir='ltr'>connectitur.</span> <span class='ocrx_word' id='word_1_274' title='bbox 1198 3503 1355 3566; x_wconf 86' lang='lat' dir='ltr'>Christus</span> 
     </span>
    </p>
   </div>
   <div class='ocr_carea' id='block_1_3' title="bbox 426 3623 912 3632">
    <p class='ocr_par' dir='ltr' id='par_1_6' title="bbox 426 3623 912 3632">
     <span class='ocr_line' id='line_1_34' title="bbox 426 3623 912 3632; baseline 0.008 -4"><span class='ocrx_word' id='word_1_275' title='bbox 426 3623 538 3630; x_wconf 75' lang='lat'>——-.</span> <span class='ocrx_word' id='word_1_276' title='bbox 827 3627 912 3632; x_wconf 79' lang='lat'>--</span> 
     </span>
    </p>
   </div>
   <div class='ocr_carea' id='block_1_4' title="bbox 250 3671 1359 4256">
    <p class='ocr_par' dir='ltr' id='par_1_7' title="bbox 250 3671 1359 4170">
     <span class='ocr_line' id='line_1_35' title="bbox 285 3671 1356 3741; baseline 0.004 -21"><span class='ocrx_word' id='word_1_277' title='bbox 285 3682 291 3712; x_wconf 89' lang='lat'><strong>¹</strong></span> <span class='ocrx_word' id='word_1_278' title='bbox 307 3671 426 3721; x_wconf 75' lang='lat' dir='ltr'>Scotrstu</span> <span class='ocrx_word' id='word_1_279' title='bbox 444 3684 545 3722; x_wconf 75' lang='lat' dir='ltr'>vocant</span> <span class='ocrx_word' id='word_1_280' title='bbox 558 3672 678 3738; x_wconf 85' lang='lat' dir='ltr'>gratiam</span> <span class='ocrx_word' id='word_1_281' title='bbox 694 3673 803 3724; x_wconf 70' lang='lat' dir='ltr'>Christi</span> <span class='ocrx_word' id='word_1_282' title='bbox 815 3675 916 3740; x_wconf 73' lang='lat' dir='ltr'>rapitis</span> <span class='ocrx_word' id='word_1_283' title='bbox 929 3691 992 3725; x_wconf 85' lang='lat' dir='ltr'>earn</span> <span class='ocrx_word' id='word_1_284' title='bbox 1006 3691 1069 3741; x_wconf 74' lang='lat' dir='ltr'>quae</span> <span class='ocrx_word' id='word_1_285' title='bbox 1083 3673 1194 3724; x_wconf 82' lang='lat' dir='ltr'>Adanro</span> <span class='ocrx_word' id='word_1_286' title='bbox 1207 3671 1356 3725; x_wconf 84' lang='lat' dir='ltr'>innocenti</span> 
     </span>
     <span class='ocr_line' id='line_1_36' title="bbox 250 3757 1357 3826; baseline 0.004 -20"><span class='ocrx_word' id='word_1_287' title='bbox 250 3771 276 3807; x_wconf 91' lang='lat' dir='ltr'>et</span> <span class='ocrx_word' id='word_1_288' title='bbox 291 3758 398 3822; x_wconf 76' lang='lat' dir='ltr'>angelis</span> <span class='ocrx_word' id='word_1_289' title='bbox 412 3775 547 3811; x_wconf 88' lang='lat' dir='ltr'>concessa</span> <span class='ocrx_word' id='word_1_290' title='bbox 561 3760 623 3820; x_wconf 85' lang='lat' dir='ltr'>luit;</span> <span class='ocrx_word' id='word_1_291' title='bbox 636 3761 757 3825; x_wconf 82' lang='lat' dir='ltr'>gratiani</span> <span class='ocrx_word' id='word_1_292' title='bbox 774 3761 883 3811; x_wconf 67' lang='lat' dir='ltr'>(luisti</span> <span class='ocrx_word' id='word_1_293' title='bbox 895 3761 1087 3826; x_wconf 72' lang='lat' dir='ltr'>lr&#39;nlrrnptnn&#39;s</span> <span class='ocrx_word' id='word_1_294' title='bbox 1102 3775 1165 3811; x_wconf 90' lang='lat' dir='ltr'>eam</span> <span class='ocrx_word' id='word_1_295' title='bbox 1182 3775 1246 3826; x_wconf 87' lang='lat' dir='ltr'>quae</span> <span class='ocrx_word' id='word_1_296' title='bbox 1261 3757 1357 3810; x_wconf 81' lang='lat' dir='ltr'>honri-</span> 
     </span>
     <span class='ocr_line' id='line_1_37' title="bbox 251 3843 1357 3912; baseline 0.005 -20"><span class='ocrx_word' id='word_1_297' title='bbox 251 3843 332 3892; x_wconf 83' lang='lat' dir='ltr'>nrhns</span> <span class='ocrx_word' id='word_1_298' title='bbox 359 3844 511 3910; x_wconf 78' lang='lat' dir='ltr'>redemptis</span> <span class='ocrx_word' id='word_1_299' title='bbox 531 3845 720 3911; x_wconf 82' lang='lat' dir='ltr'>dispensatur.</span> <span class='ocrx_word' id='word_1_300' title='bbox 771 3847 826 3897; x_wconf 82' lang='lat' dir='ltr'>Alii</span> <span class='ocrx_word' id='word_1_301' title='bbox 848 3846 969 3912; x_wconf 79' lang='lat' dir='ltr'>theologi</span> <span class='ocrx_word' id='word_1_302' title='bbox 989 3845 1109 3911; x_wconf 79' lang='lat' dir='ltr'>gratiam</span> <span class='ocrx_word' id='word_1_303' title='bbox 1130 3845 1186 3896; x_wconf 71' lang='lat' dir='ltr'>Dei</span> <span class='ocrx_word' id='word_1_304' title='bbox 1208 3846 1357 3912; x_wconf 85' lang='lat' dir='ltr'>appellant</span> 
     </span>
     <span class='ocr_line' id='line_1_38' title="bbox 251 3928 1359 3999; baseline 0.004 -21"><span class='ocrx_word' id='word_1_305' title='bbox 251 3947 313 3979; x_wconf 82' lang='lat' dir='ltr'>eain</span> <span class='ocrx_word' id='word_1_306' title='bbox 328 3947 389 3996; x_wconf 77' lang='lat' dir='ltr'>qua·</span> <span class='ocrx_word' id='word_1_307' title='bbox 402 3932 577 3983; x_wconf 82' lang='lat' dir='ltr'>vocationem</span> <span class='ocrx_word' id='word_1_308' title='bbox 591 3933 627 3982; x_wconf 87' lang='lat' dir='ltr'>ad</span> <span class='ocrx_word' id='word_1_309' title='bbox 642 3933 725 3984; x_wconf 90' lang='lat' dir='ltr'>tidem</span> <span class='ocrx_word' id='word_1_310' title='bbox 742 3933 884 3999; x_wconf 71' lang='lat' dir='ltr'>praecedit.</span> <span class='ocrx_word' id='word_1_311' title='bbox 895 3945 921 3983; x_wconf 85' lang='lat' dir='ltr'>et</span> <span class='ocrx_word' id='word_1_312' title='bbox 937 3932 1095 3983; x_wconf 79' lang='lat' dir='ltr'>inritlelibus</span> <span class='ocrx_word' id='word_1_313' title='bbox 1108 3928 1249 3996; x_wconf 80' lang='lat' dir='ltr'>negativis</span> <span class='ocrx_word' id='word_1_314' title='bbox 1262 3929 1359 3987; x_wconf 85' lang='lat' dir='ltr'>datur.</span> 
     </span>
     <span class='ocr_line' id='line_1_39' title="bbox 251 4015 1357 4084; baseline 0.005 -21"><span class='ocrx_word' id='word_1_315' title='bbox 251 4017 369 4080; x_wconf 74' lang='lat' dir='ltr'>gratiam</span> <span class='ocrx_word' id='word_1_316' title='bbox 393 4029 485 4068; x_wconf 82' lang='lat' dir='ltr'>autern</span> <span class='ocrx_word' id='word_1_317' title='bbox 506 4019 614 4068; x_wconf 77' lang='lat' dir='ltr'>Christi</span> <span class='ocrx_word' id='word_1_318' title='bbox 631 4035 694 4070; x_wconf 88' lang='lat' dir='ltr'>earn</span> <span class='ocrx_word' id='word_1_319' title='bbox 709 4037 772 4084; x_wconf 68' lang='lat' dir='ltr'>quae</span> <span class='ocrx_word' id='word_1_320' title='bbox 790 4037 806 4070; x_wconf 84' lang='lat' dir='ltr'>u</span> <span class='ocrx_word' id='word_1_321' title='bbox 821 4021 967 4070; x_wconf 66' lang='lat' dir='ltr'>locatione</span> <span class='ocrx_word' id='word_1_322' title='bbox 988 4019 1023 4069; x_wconf 84' lang='lat' dir='ltr'>ad</span> <span class='ocrx_word' id='word_1_323' title='bbox 1044 4016 1129 4069; x_wconf 87' lang='lat' dir='ltr'>tidem</span> <span class='ocrx_word' id='word_1_324' title='bbox 1148 4015 1256 4083; x_wconf 88' lang='lat' dir='ltr'>incipit.</span> <span class='ocrx_word' id='word_1_325' title='bbox 1299 4020 1357 4069; x_wconf 75' lang='lat' dir='ltr'>Sel</span> 
     </span>
     <span class='ocr_line' id='line_1_40' title="bbox 252 4101 855 4170; baseline 0.007 -20"><span class='ocrx_word' id='word_1_326' title='bbox 252 4101 427 4150; x_wconf 81' lang='lat' dir='ltr'>communior</span> <span class='ocrx_word' id='word_1_327' title='bbox 441 4115 483 4153; x_wconf 88' lang='lat' dir='ltr'>est</span> <span class='ocrx_word' id='word_1_328' title='bbox 496 4104 645 4168; x_wconf 80' lang='lat' dir='ltr'>explicatio</span> <span class='ocrx_word' id='word_1_329' title='bbox 659 4121 743 4170; x_wconf 89' lang='lat' dir='ltr'>supra</span> <span class='ocrx_word' id='word_1_330' title='bbox 758 4105 855 4155; x_wconf 81' lang='lat' dir='ltr'>allatu.</span> 
     </span>
    </p>

    <p class='ocr_par' dir='ltr' id='par_1_8' title="bbox 286 4186 945 4256">
     <span class='ocr_line' id='line_1_41' title="bbox 286 4186 945 4256; baseline 0.012 -23"><span class='ocrx_word' id='word_1_331' title='bbox 286 4186 396 4236; x_wconf 81' lang='lat' dir='ltr'>&#39;·&#39;.l&#39;trm.</span> <span class='ocrx_word' id='word_1_332' title='bbox 415 4188 624 4238; x_wconf 69' lang='lat' dir='ltr'>xxti-xxll&#39;.</span> <span class='ocrx_word' id='word_1_333' title='bbox 653 4219 674 4224; x_wconf 98' lang='lat'><em>-</em></span> <span class='ocrx_word' id='word_1_334' title='bbox 688 4193 697 4218; x_wconf 75' lang='lat'>³⁵</span> <span class='ocrx_word' id='word_1_335' title='bbox 711 4190 727 4240; x_wconf 90' lang='lat' dir='ltr'>l</span> <span class='ocrx_word' id='word_1_336' title='bbox 741 4190 804 4240; x_wconf 71' lang='lat' dir='ltr'>Cor.</span> <span class='ocrx_word' id='word_1_337' title='bbox 822 4191 889 4245; x_wconf 78' lang='grc' dir='ltr'>ΧΗ.</span> <span class='ocrx_word' id='word_1_338' title='bbox 905 4205 945 4256; x_wconf 69' lang='lat'>31.</span> 
     </span>
    </p>
   </div>
   <div class='ocr_carea' id='block_1_5' title="bbox 0 0 1419 4644">
    <p class='ocr_par' dir='ltr' id='par_1_9' title="bbox 0 0 1419 4644">
     <span class='ocr_line' id='line_1_42' title="bbox 0 0 1419 4644; baseline 0 0"><span class='ocrx_word' id='word_1_339' title='bbox 0 0 1419 4644; x_wconf 95' lang='lat' dir='ltr'> </span> 
     </span>
    </p>
   </div>
  </div>
 </body>
</html>
