2780 4646
237 160 283 210 8⁴
697 163 837 215 CAPUT
855 165 879 214 1.

1283 273 1317 280 -ι

280 339 347 404 10⁶.
399 352 435 401 20
459 339 693 424 Congmr'smus
715 345 912 424 exponitur:
943 343 1061 408 Gratia
1083 343 1249 406 sufficiens
1270 361 1322 404 non
1376 329 1377 362 ¹

234 439 346 504 differt
362 443 538 506 intrinsece
554 466 573 506 a
589 447 697 525 gratia
713 445 848 521 efficaci,
864 448 922 509 sed
947 448 1075 509 ratione
1092 446 1183 509 modi
1196 467 1260 528 quo
1275 465 1324 508 nos

235 540 356 606 afficit:
379 545 542 626 siquidem
562 548 610 629 (a)
627 549 734 628 gratia
750 548 879 622 efficax,
895 569 971 629 quae
988 559 1125 612 vocatur
1148 550 1247 612 etiam
1268 570 1324 610 crn-

225 665 328 725 grna,
344 666 383 708 ea
399 657 449 710 est
467 668 541 728 quae
559 650 606 713 ita
622 653 895 714 accommodatur
910 651 1055 714 homInis
1072 652 1215 732 Ingenio,
1231 662 1263 713 et
1276 652 1325 712 cir·

235 751 444 811 cumstantiis
468 751 529 813 loci
554 760 588 812 et
611 753 770 834 temporis
794 755 827 815 in
851 754 972 834 quibus
995 763 1153 828 versatur,
1170 763 1207 816 ut
1229 755 1323 816 eidem

135 920 140 930 x
235 850 390 913 voluntas
406 863 496 914 certo
512 863 546 916 et
562 863 675 917 tamen
693 855 793 917 libere
810 858 1006 918 consentiat.

279 951 330 1032 (b)
347 951 463 1016 Gratia
481 965 592 1018 autem
610 957 776 1019 sufficiens
800 977 840 1019 ea
860 967 911 1021 est
934 978 1009 1039 quae
1026 977 1093 1021 non
1111 967 1181 1020 tam
1199 955 1327 1039 perfette

236 1057 508 1120 accommodatur
528 1058 674 1122 hominis
698 1060 833 1140 ingenio
848 1069 882 1122 et
898 1061 1156 1123 circumstantiis
1173 1062 1206 1122 in
1223 1061 1327 1141 quibus

236 1169 393 1234 versatur,
421 1161 467 1222 ita
495 1169 531 1222 ut
557 1161 713 1224 voluntas
738 1162 781 1224 de
806 1160 904 1236 satim
930 1162 988 1224 sed
1015 1161 1116 1224 libere
1144 1163 1173 1224 ei
1202 1163 1326 1224 resistat.

237 1257 290 1320 Ita
308 1259 443 1335 Suarco,
455 1261 687 1338 Bellarminus,
708 1263 852 1344 Vosquea
867 1263 1031 1344 multique
1046 1264 1101 1326 alii
1118 1261 1262 1344 theologi
1278 1263 1328 1326 So

150 1361 153 1370 '
236 1360 374 1434 cietatis,
386 1364 442 1444 qui
460 1373 536 1444 post
553 1364 839 1447 Congregationes
855 1368 898 1427 de
915 1364 1062 1427 Auxiliis
1079 1375 1238 1446 putarunt
1253 1366 1327 1425 miti-

236 1465 383 1543 gandum
401 1486 473 1527 esse
489 1476 638 1548 systema
655 1468 794 1532 Molinae
807 1481 826 1531 ¹.

274 1587 327 1641 107.
375 1579 403 1647 3⁰
427 1575 586 1647 Utrumque
607 1583 727 1647 systema
743 1578 889 1649 probatur
901 1600 911 1634 .·
937 1579 986 1648 (Α)
1007 1576 1111 1648 Scrr'pt.
1128 1599 1139 1632 :
1162 1579 1202 1646 (ι)
1223 1577 1329 1648 Legitur

236 1660 318 1730 apud
337 1660 427 1718 illan.
442 1662 496 1730 XI,
514 1680 566 1719 21:
589 1663 670 1720 “Vae
689 1663 742 1721 tibi
762 1663 918 1734 Corozain,
940 1681 985 1722 vae
1004 1661 1057 1719 tibi
1079 1662 1248 1732 Bethsaida,
1268 1661 1328 1733 quia

237 1745 261 1802 si
275 1745 304 1802 in
318 1747 397 1818 Tyro
410 1759 440 1806 et
453 1748 566 1806 Sidone
579 1749 664 1808 sadtae
678 1751 779 1808 essent
789 1750 920 1820 virtutes,
935 1766 1004 1820 quae
1021 1749 1108 1807 raoae
1120 1759 1190 1807 sunt
1203 1750 1232 1806 in
1245 1748 1325 1814 vobis

237 1833 268 1888 in
281 1833 380 1892 cinere
393 1845 422 1892 et
435 1834 533 1893 cilicio
552 1836 624 1894 olim
643 1837 851 1908 poenitentiam
865 1835 995 1906 egissent
1006 1835 1031 1891 '’.
1072 1835 1164 1894 Unde
1177 1836 1238 1893 sic:
1256 1834 1329 1893 Chri·

237 1929 299 1976 stus
312 1919 444 1992 increpat
457 1920 587 1993 Judaeos,
597 1939 634 1979 eo
647 1923 729 1992 quod
744 1940 804 1980 non
817 1922 932 1994 egerint
945 1922 1153 1994 poenitentiam
1163 1922 1220 1980 sub
1230 1921 1329 1978 influxu
1377 1921 1378 1946 ³

236 2005 346 2076 gratiae,
359 2024 426 2078 quae
439 2007 634 2065 convertisset
647 2009 762 2080 Tyrios,
778 2009 801 2066 si
816 2009 872 2066 illis
884 2025 1028 2066 concessa
1040 2007 1155 2080 suisset5
1173 2009 1254 2080 atqui
1266 2007 1328 2064 illud

237 2093 393 2151 manifeste
407 2095 551 2166 supponit
570 2094 707 2153 eamdem
724 2095 849 2166 gratiam
864 2095 893 2153 ln
907 2113 968 2153 uno
981 2112 1047 2153 esse
1060 2094 1254 2154 sufficientem
1267 2107 1293 2152 et
1304 2095 1329 2151 in

236 2178 329 2236 altero
351 2179 502 2238 efficacem
514 2201 522 2250 ;
544 2198 623 2252 ergo.
665 2182 706 2251 (b)
730 2183 806 2239 Item
833 2181 861 2239 S.
885 2181 994 2238 Paulus
1014 2181 1148 2238 hortatur
1170 2181 1329 2240 Corinthios

237 2262 377 2323 dicens²z
406 2266 631 2324 “Exhortamur
651 2285 689 2324 ne
712 2269 741 2324 in
767 2285 893 2325 vacuum
919 2267 1043 2338 gratiam
1071 2267 1127 2325 Dei
1153 2267 1329 2340 recipiatis”;

237 2354 319 2425 atqui
339 2353 396 2410 hoc
415 2355 557 2425 supponit
576 2354 715 2412 eamdem
735 2355 859 2426 granam
879 2370 966 2426 posse
979 2371 1045 2412 esse
1057 2371 1183 2412 vacuam
1196 2372 1247 2412 seu
1260 2371 1329 2411 mere

238 2441 442 2510 sufficientem,
455 2442 500 2498 vel
516 2441 687 2514 efficacem3
706 2459 785 2513 ergo.
825 2445 863 2514 (c)
884 2442 1009 2512 Insuper
1030 2441 1113 2498 Deus
1131 2442 1214 2514 apud
1233 2443 1329 2499 Isaiam

238 2529 287 2598 (V,
309 2529 337 2597 4)
358 2527 447 2584 dicit:
477 2527 590 2599 “Quid
613 2539 657 2586 est
679 2528 762 2600 quod
782 2527 874 2586 debui
901 2529 997 2585 iacere
1019 2527 1113 2585 vineae
1135 2545 1212 2588 meae
1231 2540 1260 2585 et
1278 2545 1329 2583 non

238 2615 314 2674 ieci?
332 2614 499 2687 exspectavi
520 2624 551 2672 ut
570 2615 680 2674 iaceret
703 2633 787 2684 uvas,
807 2626 836 2673 et
859 2615 928 2674 iecit
951 2613 1101 2672 labruscas
1111 2615 1126 2644 '’
1138 2635 1146 2686 3
1171 2614 1252 2686 atqui
1274 2615 1329 2671 talis

238 2696 380 2770 loquendi
395 2698 503 2754 modus
515 2698 646 2756 ostendit
662 2700 760 2756 Deum
774 2699 946 2771 exspectare
959 2719 1139 2760 consensum
1154 2714 1330 2768 nostrumne

238 2785 364 2859 proinde
377 2785 500 2856 gratiam
514 2803 575 2842 non
589 2785 649 2843 fieri
664 2784 816 2842 efficacem
836 2785 891 2842 nisi
911 2803 947 2844 ex
965 2786 1060 2846 libero
1077 2806 1226 2846 consensu
1240 2791 1330 2846 volun-

238 2883 306 2929 tatis
320 2883 434 2928 nostrie.

273 2969 322 3038 (Β)
352 2967 465 3023 Tradit.
506 2967 550 3023 Ex
579 2967 709 3024 Trr'dent.
738 2969 821 3050 quod
846 2968 975 3029 declarat
1000 2973 1185 3030 voluntatem
1213 2985 1330 3030 nostram
1378 3039 1379 3054 χ

239 3072 326 3128 posse
339 3054 505 3122 dissentire,
518 3055 542 3111 si
555 3055 634 3120 velit,
647 3054 736 3111 etiam
756 3053 814 3112 sub
833 3055 944 3113 influxu
964 3059 1065 3128 gratiae
1084 3059 1213 3117 efficacis
1231 3064 1329 3130 (snpra,
1378 3055 1379 3130 ᾗ

239 3161 267 3198 n.
284 3148 330 3212 94)
339 3162 346 3212 ;
365 3141 424 3197 hoc
437 3141 516 3198 enim
531 3141 673 3212 supponit
687 3140 893 3200 efficacitatem
907 3144 1008 3213 gratiae
1022 3145 1123 3202 venire
1136 3163 1154 3202 a
1166 3163 1316 3203 consensu.
1378 3133 1379 3164 ³

274 3229 322 3296 (C)
336 3227 406 3283 Rar.
423 3227 574 3298 ricologr'rd
585 3250 596 3282 .·
616 3226 696 3284 Illud
715 3238 843 3298 systema
862 3228 1083 3288 admittendum
1097 3241 1142 3288 est
1156 3232 1239 3303 quod
1252 3232 1331 3288 salvat

239 3314 325 3372 simul
339 3313 505 3370 libertatem
519 3313 680 3369 humanam
701 3324 729 3370 et
749 3313 850 3384 gratioe
868 3314 1093 3384 efficacitatem;
1112 3319 1195 3390 atqui
1215 3329 1331 3390 systema

238 3401 404 3474 expositum
416 3402 455 3468 (a)
466 3399 557 3456 salvat
570 3400 732 3455 humanam
745 3399 912 3472 libertatem,
925 3420 994 3459 narn
1005 3402 1075 3461 ideo
1085 3403 1179 3475 gratia
1190 3414 1233 3463 est
1243 3403 1332 3462 efficax

239 3487 308 3558 quia
330 3485 451 3558 praecise
472 3484 609 3542 voluntas
629 3485 655 3540 ei
677 3483 769 3540 libere
790 3486 958 3556 consentit;
984 3487 1151 3548 libertatem
1175 3491 1262 3562 igitur
1282 3507 1331 3546 non

239 3571 370 3640 destruit,
384 3571 436 3628 sed
450 3571 551 3641 potius
564 3571 655 3639 juvat,
672 3580 703 3626 ut
716 3571 940 3642 comparatione
954 3574 1139 3646 ostenditur;
1160 3577 1280 3647 quando
1292 3592 1332 3630 na·

239 3659 281 3715 vis
299 3658 337 3715 ad
357 3667 475 3729 portum
497 3655 601 3723 tendit,
616 3656 776 3727 impellitur
789 3657 912 3728 quidem
926 3675 943 3714 a
956 3670 1054 3725 veum,
1069 3661 1123 3719 sed
1137 3661 1333 3720 determinatio

240 3755 338 3800 motus
352 3743 526 3814 relinquitur
539 3741 725 3813 gubernanti,
739 3743 790 3814 qui
811 3755 908 3815 potest
928 3746 1054 3817 dirigere
1074 3765 1180 3806 navem
1200 3749 1238 3806 ad
1257 3749 1332 3804 talem

240 3831 365 3889 talemve
374 3841 500 3901 portum.
534 3831 611 3887 Item
623 3829 705 3887 Deus
716 3831 809 3901 gratia
819 3833 871 3888 suit
883 3832 1007 3903 impellit
1018 3833 1201 3892 voluntatem
1215 3849 1332 3891 nostram

277 4055 283 4076 ¹
298 4051 416 4112 Suarea,
429 4049 465 4103 de
486 4051 593 4114 Gratia,
609 4051 654 4104 lib.
669 4054 706 4116 V;
733 4054 862 4121 Vosqueo,
878 4054 905 4108 in
928 4073 950 4108 1.
968 4071 992 4122 2,
1006 4054 1077 4124 disp.
1095 4057 1154 4126 189,
1170 4075 1193 4112 c.
1213 4072 1261 4120 14;
1284 4053 1335 4106 Bl-

242 4138 392 4203 lorrm'nus,
410 4154 456 4204 op.
472 4137 519 4191 cit.
536 4137 581 4192 lib.
599 4140 621 4201 Ι,
638 4156 661 4192 c.
683 4155 719 4192 12.
1010 4151 1016 4164 “

278 4227 317 4276 ²2
334 4225 395 4278 Cor.
415 4225 465 4290 Vl,
482 4242 502 4278 1.
