2738 4646
342 177 399 227 DE
418 175 469 226 SS.
483 171 785 226 Eucflnmsrln.
1050 162 1115 214 2⁹⁷

24 356 125 413 verba:
154 355 254 412 “Hoc
271 355 360 413 facite
378 355 408 412 in
428 371 526 412 meam
546 347 863 410 commemorationem
874 345 889 370 ''
898 348 916 414 ¹,
938 343 980 401 uti
999 358 1117 413 semper

23 443 173 502 Catholica
195 442 329 502 Ecclesia
349 441 500 512 intellexit,
523 451 553 500 et
578 438 690 497 docuit.
738 437 825 506 Nam,
851 433 1002 492 celebrato
1026 427 1116 489 veteri

24 530 142 598 Pascha,
155 531 237 602 quod
257 531 285 586 in
306 529 479 587 memoriam
498 527 593 585 exitus
607 525 646 583 de
659 525 792 596 AEgypto
809 520 970 580 multitudo
987 517 1116 576 ‘filiorum

25 617 108 675 lsrael
123 617 305 682 immolabat,
321 633 431 674 novum
446 614 571 673 instituit
586 612 709 681 Pascha,
722 611 853 683 seipsum
865 608 904 667 ab
918 606 1053 666 Ecclesia
1065 621 1118 677 per

23 704 186 762 sacerdotes
198 703 254 761 sub
268 704 360 774 signis
371 702 536 760 visibilibus
550 698 769 758 immolandum
789 698 818 755 in
835 695 1009 755 memoriam
1026 704 1117 751 trans

23 791 74 848 itus
86 792 133 850 sui
145 809 181 850 ex
193 791 252 849 hoc
265 791 379 850 mundo
391 792 430 850 ad
447 789 572 858 Patrem,
580 787 702 861 quando
715 803 767 859 per
777 785 821 844 sui
835 781 988 853 sanguinis
1000 779 1116 838 effusio·

24 895 85 934 nem
100 895 155 936 nos
167 878 293 937 redemit
307 878 474 951 eripuitque
487 876 525 935 de
540 884 686 948 potestate
700 873 897 938 tenebrarum,
907 879 936 928 et
951 870 979 926 in
994 883 1117 940 regnum

24 981 103 1020 suum
118 964 274 1022 transtulit.

55 1051 91 1108 Et
105 1051 168 1109 haec
181 1051 305 1123 quidem
320 1051 369 1108 illa
382 1050 495 1108 munda
507 1048 621 1108 oblatio
633 1058 688 1112 est,
699 1063 767 1118 quae
781 1043 861 1102 nulla
874 1041 1058 1113 indignitate,
1068 1048 1118 1097 aut

25 1137 128 1194 malitia
150 1137 338 1195 offerentium
360 1137 508 1210 inquinari
530 1145 648 1207 potest:
669 1151 759 1206 quam
783 1130 930 1188 Dominus
952 1146 1004 1201 per
1026 1126 1118 1184 Mala·

24 1222 115 1279 chiam
126 1238 136 1260 ²
149 1227 165 1252 ‘⁴
175 1222 291 1281 nomini
305 1242 368 1294 suo,
385 1224 468 1296 quod
482 1240 623 1294 magnum
638 1221 770 1279 futurum
784 1227 862 1276 esset
881 1217 910 1274 in
929 1215 1076 1288 gentibus,
1089 1213 1119 1270 in

25 1311 99 1366 omni
114 1311 181 1368 loco
198 1311 342 1369 mundam
362 1310 545 1369 offerendam
556 1309 571 1334 ’'
591 1307 744 1380 praedixit:
765 1315 793 1364 et
808 1323 899 1377 quam
917 1321 976 1362 non
993 1303 1119 1360 obscure

26 1395 114 1453 innuit
136 1395 301 1469 Apostolus
325 1397 443 1465 Paulus,
467 1395 630 1456 Corinthiis
652 1393 811 1457 scribens³‚
836 1411 904 1450 cum
927 1391 1008 1458 dicit,
1031 1393 1119 1446 “non

26 1497 106 1550 posse
126 1500 185 1550 eos,
211 1483 263 1554 qui
285 1482 512 1555 participatione
536 1499 646 1540 mensae
669 1480 886 1538 daemoniorum
909 1477 1013 1551 polluti
1040 1484 1116 1545 sunt,

26 1585 129 1628 mensae
143 1569 267 1628 Domini
281 1572 439 1643 participes
452 1571 515 1628 lieri
526 1569 559 1627 ”:
580 1587 633 1642 per
646 1585 779 1626 mensam
798 1568 889 1624 altare
905 1565 1064 1636 utrobique
1078 1563 1120 1620 in-

26 1655 162 1726 telligens.
203 1657 280 1715 Haec
299 1657 432 1730 denique
445 1657 495 1714 illa
509 1666 561 1724 est,
575 1673 643 1728 quae
655 1673 709 1728 per
722 1654 815 1712 varias
834 1653 1054 1724 sacrificiorum,
1071 1670 1121 1708 na·

26 1751 91 1800 turae
103 1753 133 1802 et
146 1743 218 1816 legis
231 1754 375 1817 tempore,
391 1745 600 1803 similitudines
614 1742 815 1816 figurabatur;
833 1753 936 1816 utpote
955 1759 1023 1814 quae
1041 1740 1121 1800 bona

26 1831 129 1898 omnia,
142 1849 194 1902 per
211 1831 260 1888 illa
279 1831 453 1904 significata,
467 1832 547 1890 velut
567 1831 684 1890 illorum
702 1831 837 1888 omnium
854 1831 1073 1889 consummatio
1092 1838 1121 1886 et

27 1916 162 1984 perfectio
175 1918 396 1991 complectitur.

47 2039 149 2100 CAP.
172 2042 209 2101 2.
233 2043 477 2104 Sacrificium
499 2043 656 2104 vlslbtle
678 2058 764 2103 esse
789 2043 1100 2118 propitiatorium

331 2154 402 2212 pro
421 2143 525 2203 vlvls
549 2147 587 2202 et
608 2143 812 2203 defunctls.

60 2264 95 2322 Et
114 2266 257 2337 quoniam
276 2267 306 2324 in
325 2267 428 2326 divino
446 2268 504 2326 huc
524 2267 677 2337 sacrificio,
696 2269 779 2341 quod
798 2269 826 2326 in
851 2267 944 2326 Missa
963 2267 1119 2340 peragitur,

29 2349 100 2408 idem
121 2351 169 2411 ille
188 2352 324 2412 Christus
344 2354 523 2426 continetur,
544 2365 574 2412 et
594 2355 746 2414 incruente
765 2355 942 2424 immolatur,
958 2355 1008 2426 qui
1028 2355 1056 2412 in
1072 2355 1122 2413 aria

29 2440 116 2496 crucis
128 2441 218 2499 semel
232 2441 364 2514 seipsum
378 2451 500 2498 cruente
512 2439 629 2510 obtulit,
645 2442 735 2501 docet
753 2443 855 2501 santia
874 2441 1021 2516 Synodus,
1037 2443 1123 2500 sacri·

30 2523 122 2584 licium
136 2529 213 2587 istud
226 2547 294 2588 vere
302 2529 544 2601 propitiatorium
557 2546 629 2598 esse,
644 2547 696 2601 per
709 2530 867 2603 ipsumque
881 2530 950 2600 lieri,
967 2539 1007 2600 ut,
1023 2530 1052 2586 si
1060 2547 1122 2586 cum

31 2629 86 2669 cero
102 2616 187 2686 corde,
206 2623 235 2672 et
252 2617 329 2674 retia
347 2615 412 2685 fide,
428 2632 496 2672 cum
517 2625 597 2672 metu
617 2627 646 2673 et
665 2617 836 2686 reverentia,
852 2616 971 2674 contriti
986 2635 1020 2672 ac
1031 2617 1122 2688 puni·

31 2705 109 2758 untes
124 2703 161 2760 ad
180 2704 280 2761 Deum
303 2701 496 2769 accedamus,
515 2701 746 2760 misericordiam
764 2721 994 2775 consequamur,
1012 2714 1041 2761 et
1060 2721 1122 2774 gra·

32 2784 92 2842 tiam
113 2789 295 2847 inveniamus
315 2789 343 2846 in
363 2788 474 2845 auxilio
493 2798 673 2860 opportuna
720 2791 819 2861 Hujus
837 2791 950 2862 quippe
971 2790 1122 2848 oblatione

33 2872 154 2939 placatus
169 2877 327 2946 Dominus,
340 2876 472 2947 gratiam
484 2883 513 2932 et
523 2875 629 2932 donum
637 2876 814 2947 purulentia
831 2881 983 2946 concedens,
999 2876 1123 2934 crimina

32 2971 56 3013 et
68 2973 194 3030 peccata,
205 2963 295 3021 etiam
310 2963 440 3034 ingentia
453 2961 583 3020 dimittit.
620 2962 686 3021 Una
696 2964 776 3020 enim
787 2964 954 3035 eademque
964 2973 1009 3021 est
1018 2963 1123 3032 hostia,

33 3043 102 3104 idem
123 3068 202 3106 nunc
222 3050 349 3108 offerens
369 3049 564 3107 Sacerdotum
587 3049 759 3119 ministeriu,
778 3052 828 3122 qui
850 3051 980 3123 seipsum
1002 3061 1073 3108 tunc
1092 3051 1123 3108 in

33 3148 110 3192 cruce
122 3136 238 3207 obtulit,
256 3136 319 3194 sola
332 3135 474 3196 offerendi
489 3136 601 3193 ratione
614 3134 738 3194 diversa.
779 3137 872 3209 Cujus
890 3139 1030 3210 equidem
1043 3138 1123 3196 obla·

35 3217 111 3279 tionis
127 3233 265 3291 cruentae,
280 3223 412 3294 inquam,
433 3223 545 3282 lrudtus
563 3240 615 3294 per
636 3222 713 3280 hanc
732 3223 879 3284 uberrime
897 3227 1122 3298 percipiuntur:

35 3315 136 3366 tantum
149 3311 241 3378 abest,
255 3321 287 3368 ut
302 3310 341 3369 illi
355 3312 498 3384 perhanc
511 3311 616 3382 quovis
631 3312 722 3370 modo
736 3313 902 3385 derogetur.
943 3315 1043 3387 Quare
1063 3331 1123 3370 non

36 3393 118 3452 solum
128 3415 181 3468 pro
190 3397 323 3456 fidelium
335 3398 468 3456 vivorum
479 3397 617 3470 peccatis,
632 3399 738 3470 poenis,
752 3400 1009 3470 satisfactionibus,
1023 3410 1052 3458 et
1060 3399 1124 3456 aliis

36 3483 258 3550 necessitatibus,
273 3485 327 3542 sed
340 3495 369 3542 et
383 3503 436 3556 pro
449 3484 598 3542 defunctis
614 3485 643 3540 in
657 3484 776 3543 Christo
796 3483 930 3541 nondum
947 3483 986 3541 ad
1002 3483 1123 3554 plenum

38 3570 161 3640 purgatis,
178 3571 240 3640 rite,
253 3571 336 3642 juxta
349 3572 563 3642 Apostolorum
578 3571 779 3636 traditionem,
795 3571 922 3628 offertur.

107 3709 212 3770 dae.
237 3710 272 3770 3.
300 3711 354 3769 De
379 3711 511 3769 Mlssls
536 3711 574 3766 in
599 3709 785 3768 honorem
809 3709 1044 3767 Sanctorum.

68 3830 101 3888 Et
123 3834 258 3905 quamvis
283 3834 313 3892 in
339 3835 483 3892 honorem
509 3845 538 3892 et
565 3833 739 3892 memoriam
766 3831 941 3889 Sanctorum
968 3832 1124 3890 nonnullas

39 3912 170 3978 interdum
192 3921 300 3979 Missas
321 3919 455 3980 Ecclesia
474 3921 622 3978 celebrare
641 3919 848 3990 consueverit3
871 3937 931 3976 non
951 3929 1050 3976 tamen
1070 3919 1125 3976 illis

39 4005 199 4065 sacrificium
213 4007 309 4066 offerri
323 4008 423 4074 docet,
435 4008 487 4068 scd
499 4009 565 4066 Deo
575 4008 638 4078 soli,
652 4008 703 4078 qui
717 4007 782 4065 illos
793 4007 945 4064 coronavit
959 4028 964 4065 :
979 4007 1060 4065 unde
1071 4024 1125 4065 nec

40 4089 168 4152 Sacerdos
182 4093 282 4152 dicere
295 4095 391 4152 solet:
413 4101 431 4124 ‘⁸
442 4095 544 4153 Offero
563 4094 615 4152 tibi
636 4094 823 4160 sacrificium,
839 4095 933 4164 Petre,
950 4094 996 4152 vel
1011 4095 1101 4151 Paule
1110 4093 1125 4118 ''

71 4271 149 4326 ¹Luc.
166 4273 263 4341 XXII,
280 4290 318 4343 19.
334 4276 528 4328 -2Malacl1,
546 4277 566 4341 l,
585 4291 621 4329 11.
637 4307 670 4315 -
684 4275 730 4331 ³!
741 4274 804 4332 Cor.
820 4279 855 4342 X,
870 4293 910 4330 21.
