2780 4646
242 145 303 198 152
697 141 837 194 CAPUT
855 141 880 189 1.

239 325 331 390 sibile
348 345 369 387 a
388 323 456 386 Dea
467 333 697 404 permanenter
715 321 910 394 instinctum,
931 318 979 380 ad
996 314 1240 398 significandam
1253 333 1323 393 gra-

240 429 331 502 tiam,
347 437 377 490 at
390 426 594 489 sanlir'tatem
609 426 754 506 aliquam
770 421 1001 504 conferendam.

285 532 424 604 Dicitur,
440 529 491 611 (a)
509 527 661 610 Segnum,
677 529 695 590 i.
711 549 736 590 e.
754 547 804 589 res
823 526 958 607 cognita
973 544 1046 606 quae
1063 524 1096 584 in
1113 521 1323 603 cognitionem

240 633 373 698 alterius
390 633 435 696 rei
452 633 560 694 minus
576 631 719 714 cognitae
735 631 835 705 ducit,
847 652 874 692 v.
888 651 927 712 g.,
940 629 1050 692 sumus
1062 648 1107 690 ex
1119 627 1219 690 domo
1228 626 1325 687 oriens

239 744 290 797 est
305 734 436 813 signum
453 733 542 812 quod
561 731 645 812 ignis
661 733 704 794 sit
720 733 752 795 in
770 733 833 796 ille.

239 837 291 918 (b)
313 835 481 912 Senribile,
498 836 516 897 i.
532 855 558 896 e.
575 855 691 896 sensus
712 837 823 916 aliquo
845 837 945 900 modo
969 833 1124 908 afficiens,
1146 831 1197 896 vel
1221 832 1324 894 imme-

239 941 330 1003 diate
346 949 382 1002 ut
399 959 485 1020 aqua
508 939 540 1000 in
559 937 740 1020 Baptism0‚
756 940 807 1002 vel
824 942 977 1015 mediate,
992 951 1028 1002 ut
1050 937 1215 1012 contritio,
1229 933 1326 996 verbis

239 1043 291 1107 vel
307 1053 402 1125 gestu
419 1062 587 1124 expressa,
602 1043 635 1103 in
652 1055 861 1108 sacramento
880 1043 1099 1106 Poenitentiae.

242 1145 288 1226 (c)
300 1145 330 1206 Α
346 1145 415 1208 Dea
427 1145 623 1218 institutum,
635 1147 756 1226 quibus
768 1147 876 1210 verbis
889 1147 1081 1228 designatur
1094 1139 1221 1206 Auctor
1231 1161 1325 1204 sacra·
1377 1162 1378 1232 }

240 1257 437 1322 mentorum,
452 1248 508 1328 qui
525 1245 615 1309 solus
632 1247 725 1310 Deus
741 1259 801 1325 est,
815 1251 885 1312 sive
901 1249 1093 1312 immediate
1116 1267 1156 1308 ea
1179 1246 1325 1314 instituat,

238 1351 307 1412 sive
324 1351 478 1424 mediate,
493 1351 586 1412 alteri
606 1352 822 1416 concedendo
843 1361 1043 1434 potestatem
1066 1370 1105 1412 ea
1122 1349 1304 1412 instituendi
1319 1369 1326 1417 ;

239 1452 328 1515 solus
344 1453 432 1515 enim
451 1451 543 1514 Deus
559 1453 655 1534 signo
672 1457 817 1519 sensibili
835 1457 975 1539 gratiam
993 1455 1128 1536 alligare
1144 1463 1261 1536 potest.

239 1557 291 1637 (d)
307 1556 547 1631 Permanenter,
563 1576 603 1617 eo
624 1577 730 1634 sensu,
746 1568 782 1622 ut
804 1579 1011 1643 perseverare
1035 1557 1156 1620 debeat
1177 1555 1322 1639 quamdiu
1378 1551 1379 1620 ζ

239 1667 428 1740 perseverat
452 1657 557 1720 forma
581 1659 748 1742 religionis
772 1684 832 1744 pro
855 1667 920 1744 qud
944 1662 1132 1724 institutum
1157 1660 1236 1734 suit3
1261 1659 1325 1720 hinc

241 1781 364 1825 manna
380 1771 413 1824 et
429 1781 565 1842 serpens
582 1784 704 1842 aeneuS,
719 1767 871 1847 quamvis
888 1767 983 1848 signa
998 1761 1114 1846 gratie
1130 1763 1255 1838 suturae,
1269 1780 1324 1824 non

240 1865 373 1928 suerunt
389 1875 605 1940 sacramenta,
622 1870 700 1948 quia
717 1885 782 1931 non
801 1871 988 1951 perenniter
1004 1869 1162 1931 instituta.

240 1970 290 2051 (e)
318 1969 380 2032 nd
405 1968 655 2051 significandam
681 1975 840 2053 gratiam,
870 1973 989 2056 quibus
1019 1973 1126 2036 verbis
1157 1970 1326 2035 ostenditur

240 2082 486 2136 sacramentum
503 2093 574 2135 esse
591 2075 721 2156 signum
738 2099 875 2152 sacram,
891 2088 925 2140 et
941 2079 987 2139 ita
1002 2097 1021 2138 a
1036 2075 1186 2158 quolibet
1203 2073 1326 2156 profano

240 2177 337 2258 signo
356 2176 538 2254 distingui;
561 2177 726 2258 significat
749 2183 837 2242 enim
863 2202 930 2243 rem
955 2181 1092 2243 omnino
1110 2189 1326 2261 supernatura-

241 2281 318 2354 lem,
334 2279 422 2342 unde
438 2299 458 2340 a
476 2279 508 2343 S.
526 2279 718 2360 Augustino
735 2293 890 2347 vocatur:
914 2284 1113 2346 “invisibilis
1135 2284 1248 2364 gratiae
1262 2281 1326 2342 visi·

241 2384 315 2447 bilis
332 2383 438 2445 forma
450 2382 474 2444 ”.

240 2487 285 2568 (i)
312 2487 359 2548 Et
385 2486 591 2548 sanciitatem
622 2488 846 2566 conserendam
864 2512 875 2552 :
905 2487 958 2550 hic
989 2487 1175 2569 praecipuus
1205 2484 1326 2549 effeetus

240 2591 437 2654 sacramenti
455 2590 668 2670 designatur;
690 2602 936 2655 sacramentum
954 2592 1040 2653 enim
1059 2610 1125 2652 non
1143 2600 1194 2653 est
1209 2591 1324 2670 signum

240 2715 325 2757 mere
336 2693 576 2774 speculativum,
589 2694 645 2754 sed
650 2695 841 2774 praiir'cmn,
851 2715 908 2757 seu
921 2695 1046 2774 aliquid
1059 2713 1135 2755 vere
1146 2692 1324 2775 producens.

241 2794 409 2863 Sandlitas
420 2805 541 2868 autem,
555 2815 613 2875 per
625 2807 833 2860 sacramenta
846 2798 975 2874 collata,
987 2797 1113 2878 duplex
1127 2817 1199 2859 esse
1211 2805 1324 2878 potest:

239 2921 305 2963 una
320 2898 434 2978 legalis
449 2907 482 2960 et
499 2899 653 2972 exterior,
664 2919 738 2978 quae
751 2901 903 2963 consistit
919 2901 951 2963 in
968 2903 1108 2962 externit
1124 2899 1326 2980 deputatione

240 3005 282 3066 ad
299 3003 424 3064 cultum
442 3003 601 3076 divinum,
613 3003 721 3084 qualis
737 3027 757 3068 a
773 3007 988 3068 sacramentis
1002 3005 1133 3067 Veteris
1146 3005 1245 3086 Legis
1259 3021 1325 3066 con·

240 3106 428 3181 serebatur;
451 3105 554 3166 altera
570 3114 681 3168 autem
699 3108 843 3184 interior,
859 3129 934 3190 quae
949 3108 1100 3171 consistit
1124 3107 1156 3169 in
1177 3107 1325 3170 inlusione

241 3210 357 3291 gratiae
373 3205 618 3286 sanetificantis
634 3211 741 3290 qualis
758 3231 778 3273 a
792 3211 1006 3272 sacramentis
1024 3209 1129 3272 Novae
1146 3208 1246 3290 Legis
1260 3225 1325 3270 con-

241 3313 375 3376 sertur1.
1002 3311 1004 3316 '

283 3435 312 3500 6.
359 3437 494 3500 Exinde
513 3437 679 3518 colligitur
701 3439 871 3519 quomodo
890 3445 1133 3500 sacramentum
1151 3433 1325 3517 asnrrr'jicia

277 3649 283 3670 ¹
298 3635 429 3705 Triplicis
441 3635 552 3704 generis
566 3636 647 3702 signa
660 3635 867 3703 distinguuntur
882 3655 887 3688 :
906 3635 1062 3701 naturalia,
1073 3651 1136 3704 quae
1149 3650 1224 3686 exse
1235 3627 1324 3701 aliquid

241 3723 317 3777 aliud
336 3723 502 3790 significant,
521 3722 592 3776 sicut
613 3722 703 3776 tumus
726 3741 759 3776 ex
782 3739 812 3776 se
831 3723 927 3791 ignem
949 3721 1070 3786 indicam
1092 3721 1256 3786 arbitraria,
1272 3731 1322 3789 quc
1380 3721 1381 3726 ’

241 3809 352 3862 nonnisi
371 3827 405 3861 ex
423 3811 601 3863 conventione
619 3811 726 3878 aliquid
745 3810 963 3864 determinatum
983 3809 1150 3876 significant,
1169 3808 1240 3862 sicut
1258 3808 1324 3861 olirre

241 3913 336 3949 ramus
348 3907 390 3950 est
400 3897 478 3965 pacis
489 3897 646 3963 symbolum
656 3917 662 3961 ;
676 3900 774 3962 aalma,
784 3913 847 3966 qune
858 3897 960 3964 partim
970 3912 1003 3949 ex
1013 3912 1052 3962 se,
1067 3895 1169 3964 partim
1177 3911 1211 3949 ex
1222 3891 1324 3964 positiva

241 3983 413 4037 institutione
425 3983 532 4052 aliquid
546 3983 702 4052 designant.
741 3986 871 4052 Jamvero
884 3993 1063 4038 sacramenta
1075 3993 1140 4036 sunt
1154 3983 1235 4051 signa
1247 3981 1324 4050 hujus·

240 4069 332 4134 modi;
346 4087 371 4122 v.
387 4085 413 4138 g.
429 4069 535 4124 ablutio
549 4069 576 4122 in
590 4070 732 4139 baptismo
745 4087 781 4124 ex
791 4089 819 4124 se
831 4071 948 4125 internae
962 4071 1113 4125 ablutionis
1128 4069 1324 4126 similitudinem

240 4156 320 4204 uerit.
333 4156 383 4210 sed
394 4155 505 4210 nonnisi
516 4173 549 4210 ex
560 4156 655 4210 divine
665 4157 840 4214 institutione
853 4160 964 4226 siguum
974 4170 1017 4214 est
1028 4159 1125 4215 efficax
1135 4158 1253 4213 interme
1262 4167 1323 4210 mun·
