2738 4646
180 183 235 233 DE
255 183 475 234 MYS'I'ERIO
492 183 770 233 PRAESENTIAE
788 179 953 231 nunus.
1052 179 1113 231 31⁷

99 383 151 442 II.
175 384 303 444 Roalls
325 385 531 460 praesentia
554 399 603 444 ex
625 384 755 445 verbis
778 383 1033 444 institutionis

406 475 723 541 demonstratur¹.

60 609 107 674 16.
159 608 257 692 Quod
277 609 428 674 Christus
452 610 647 692 promiserat
668 608 700 670 in
722 605 832 689 capite'
853 617 952 670 sexto
966 606 1115 688 Joannis,

21 709 49 771 id
74 711 218 776 fideliter
242 713 396 794 praestitit
419 713 452 774 in
476 712 593 774 ultIma
619 715 719 774 coena.
767 711 875 772 Pridie
899 710 987 772 enlm
1012 729 1113 790 quam

21 825 195 892 pateretur,
221 825 296 896 post
326 814 582 878 celebrationem
613 832 718 876 coenae
745 812 918 894 paschalis,
944 811 1114 893 discipulis

20 917 125 980 adhuc
151 938 274 980 mensae
298 909 574 990 recumbentibus,
590 917 746 998 “accepit
760 917 857 998 Jesus
873 936 993 998 panem
1010 925 1043 980 ct
1058 915 1113 976 be-

22 1018 159 1092 nedixit,
173 1038 212 1080 ac
235 1018 341 1099 fregit,
356 1019 514 1100 deditque
531 1017 702 1099 discipulis
722 1019 799 1094 suis,
814 1028 847 1082 et
868 1019 937 1083 ait:
962 1017 1115 1099 Accipite

21 1129 50 1180 et
64 1123 254 1185 comedite:
276 1127 293 1152 ‘¹
305 1122 377 1186 Hoc
389 1133 438 1185 est
449 1133 560 1204 corpus
574 1143 678 1185 orcum
689 1122 720 1193 '',·
741 1127 757 1154 “
767 1121 856 1202 quod
873 1141 933 1202 pro
947 1121 1041 1182 vobis
1057 1121 1114 1182 da·

21 1231 69 1284 tur
80 1225 105 1298 ’',
126 1224 228 1306 juxta
253 1226 288 1290 S.
304 1225 453 1298 Lucam,·
475 1227 590 1308 “quod
615 1245 676 1306 pro
697 1224 791 1288 vobis
813 1225 962 1287 tradetur
971 1224 996 1302 ”,
1015 1223 1115 1304 juxta

23 1325 54 1390 S.
66 1327 223 1390 Paulum.
260 1328 335 1391 “Et
350 1329 515 1408 accipiens
531 1328 667 1390 calicem
683 1327 807 1408 gratias
822 1328 900 1410 egit,
912 1336 945 1390 et
961 1325 1053 1392 dedit
1068 1327 1115 1389 eis

22 1427 151 1492 dicens:
175 1431 284 1493 Bibite
306 1452 349 1493 ex
373 1431 435 1494 hoc
454 1451 591 1507 omnes;
614 1430 681 1492 Hic
701 1439 749 1492 est
767 1431 852 1492 enim
870 1429 1007 1511 sanguis
1027 1449 1116 1492 incus

23 1529 125 1597 etc.''2.
176 1535 322 1598 Evidens
337 1545 387 1598 est
406 1534 461 1598 illa
482 1534 582 1597 verba
599 1554 697 1596 sensu
714 1534 847 1615 proprio
863 1531 1031 1599 intellecta
1045 1554 1114 1598 rea·

24 1635 82 1697 lem
106 1639 319 1717 praesentiam
343 1637 464 1701 invidie
485 1639 734 1712 demonstrare3
765 1638 844 1700 totis
871 1637 972 1718 igitur
992 1638 1115 1701 viribus

17 1739 225 1802 contendunt
250 1739 475 1803 Protestantes
493 1761 533 1802 ea
554 1740 779 1822 metaphorice
802 1740 1017 1822 intelligenda
1035 1761 1116 1818 csse,

25 1851 53 1902 et
74 1843 115 1904 ad
138 1843 202 1905 hoc
221 1853 334 1905 textus
355 1853 548 1924 congerunt,
563 1843 595 1905 in
614 1843 734 1926 quibus
755 1844 892 1908 verbum
911 1849 927 1875 “
939 1844 1009 1905 est’'
1026 1845 1114 1908 idem

25 1945 183 2025 significat
209 1966 249 2008 ac
275 1951 290 1977 “
302 1956 507 2026 representat
516 1947 548 2018 '’,·
578 1957 611 2008 et
637 1947 762 2010 exinde
788 1947 991 2012 concludunt
1014 1948 1116 2012 verba

27 2045 140 2112 Christi
154 2049 235 2112 nihil
248 2049 337 2112 aliud
350 2048 535 2131 significare
551 2051 613 2112 nisi
628 2074 634 2112 ε
651 2051 715 2113 hoc
730 2061 780 2113 est
795 2053 928 2132 signum
941 2071 997 2114 seu
1010 2050 1116 2134 figura

27 2154 164 2230 corporis
179 2153 252 2216 mei.
300 2153 371 2215 Nos
386 2161 508 2228 autem,
519 2172 595 2217 cum
617 2153 648 2215 Τ
645 2153 760 2216 rident.
773 2153 865 2234 (sess.
879 2153 1060 2235 XIII‚cap.
1076 2154 1116 2236 1),

27 2253 321 2318 demonstrabimus
333 2255 472 2337 praet'ata
483 2256 582 2318 verba
588 2257 718 2337 proprie
728 2276 800 2319 esse
813 2257 1062 2338 interpretanda
1073 2258 1116 2322 dc

27 2375 96 2420 vero
109 2380 248 2441 corpore
263 2369 296 2421 et
310 2359 472 2440 sanguine
489 2359 619 2424 Christi.

67 2463 263 2544 Principium
287 2463 441 2544 generale
463 2473 513 2524 est
536 2463 637 2525 verba
659 2463 840 2544 Scripturae
862 2465 995 2546 proprio
1017 2485 1115 2528 sensu

29 2565 213 2646 acciplenda
226 2585 307 2640 esse,
323 2566 384 2628 nisi
401 2566 488 2630 adsit
509 2567 593 2629 ratio
613 2568 749 2630 evidens
771 2569 890 2631 eadem
906 2569 1002 2635 aliter
1017 2569 1115 2633 inter·

29 2671 179 2746 pretandi.
225 2669 341 2750 Atqui,
356 2671 387 2731 ln
404 2685 482 2733 casu
499 2672 663 2751 praesenti,
674 2672 797 2734 nedum
814 2671 889 2735 talis
905 2672 993 2734 adsit
1009 2673 1117 2735 ratioa

59 2889 280 2954 ¹Bellarmirrus,
303 2888 319 2940 l.
342 2889 364 2954 1,
384 2905 408 2941 c.
432 2887 514 2950 8·tr;
541 2888 693 2955 Wr'seman,
713 2887 773 2942 lest
796 2887 917 2956 v-v11;
939 2889 1048 2952 Frlrlet,
1068 2906 1113 2958 op.

31 2973 69 3027 cit.
90 2993 115 3044 p.
138 2979 174 3030 60
195 2993 259 3045 sq.;
289 2974 453 3040 Franrelr'n,
474 2975 513 3029 th.
536 2974 600 3040 4·6;
627 2975 660 3028 de
680 2976 862 3046 Augustim's,
888 2975 927 3028 th.
953 2989 987 3039 23
1018 2976 1113 3045 Pesch,

31 3077 107 3130 n591
124 3081 166 3134 sq.

60 3151 203 3219 'Quatuor
215 3159 280 3204 sunt
293 3149 469 3204 narrationes
482 3146 664 3203 institutionis
679 3146 864 3202 Eucharistiae
878 3167 884 3203 :
904 3149 990 3202 Mau.
1007 3150 1114 3215 XXVI,

33 3237 117 3304 ²⁶⁴8?
144 3240 235 3294 Marc.
261 3237 341 3302 XIV,
367 3251 465 3306 ²²·243
490 3236 556 3290 Luc.
580 3236 678 3298 XXII,
704 3248 801 3302 19·20;
826 3236 847 3288 Ι
865 3236 928 3290 Cor.
953 3237 1004 3300 XI,
1027 3250 1115 3307 ²3⁴5·

34 3318 152 3390 loannes,
165 3323 213 3394 qui
226 3341 261 3378 ea
275 3323 430 3392 praesertim
443 3321 526 3374 relert
545 3337 608 3389 quae
623 3335 641 3372 a
660 3319 748 3372 tribus
768 3318 928 3388 Synopticis
942 3320 1047 3376 omissa
1059 3321 1115 3375 fue·

34 3423 90 3477 rant,
100 3413 135 3467 de
146 3409 322 3465 institutione
335 3409 396 3477 ipsa
409 3403 481 3475 silet,
491 3406 541 3460 sed
554 3423 589 3460 ea
600 3421 664 3476 quae
677 3403 712 3458 de
726 3405 823 3458 ultima
836 3405 926 3474 Coena
939 3405 1033 3472 habet,
1042 3406 1116 3462 hanc

34 3493 221 3554 institutionem
235 3506 405 3566 supponunt.
972 3555 975 3562 Ι

62 3580 165 3639 ³Unica
176 3585 248 3638 ratio
260 3583 298 3636 ad
311 3599 425 3636 sensum
438 3582 586 3649 figuratum
600 3576 778 3646 confugiendi
789 3588 832 3632 est
841 3593 981 3650 apparens
991 3579 1115 3646 mysterii

34 3667 231 3739 inpossibilitas
244 3693 250 3737 ;
270 3672 321 3726 sed
335 3671 382 3725 illa
395 3667 466 3724 ratio
479 3685 535 3720 non
548 3667 623 3720 valet
628 3683 638 3735 ;
652 3681 718 3720 nam
729 3665 801 3718 inlra
811 3664 1048 3720 demonstrabitur
1058 3683 1116 3735 my-

36 3759 133 3813 sterium
147 3759 216 3814 illud
229 3775 293 3812 esse
306 3756 420 3828 quidem
434 3770 526 3824 supra,
543 3752 663 3806 sednon
677 3760 775 3804 contra
791 3751 928 3804 rationem
940 3769 946 3815 ;
965 3750 1074 3805 aliunde
1087 3752 1116 3805 in

36 3844 103 3900 rebus
115 3846 178 3902 fidei
192 3862 252 3915 prae
265 3845 355 3912 oculis
368 3842 501 3910 habenda
513 3850 577 3894 sunt
590 3840 652 3892 haec
666 3835 770 3892 Christi
782 3836 884 3896 verba;
905 3835 919 3863 “
932 3838 1002 3904 Quae
1016 3837 1117 3906 impos·

37 3928 111 3988 sibilia
123 3947 187 3988 sunt
200 3931 277 4002 apud
296 3927 436 3995 homines,
448 3925 594 3998 possibilia
607 3934 671 3978 sunt
684 3922 760 3992 apud
774 3923 868 3975 Deum
877 3923 890 3950 ”
908 3921 987 3990 (Luc.
1004 3925 1117 3994 XVIII,

38 4020 78 4082 2ῑ).
112 4020 232 4088 Quando
247 4019 326 4072 Deus
340 4015 422 4070 claris
435 4013 528 4070 verbis
541 4012 665 4082 aliquam
677 4009 825 4064 veritatem
838 4011 952 4072 revelat,
968 4012 1116 4080 impudens

36 4115 95 4158 esset
106 4108 215 4162 dicere:
236 4106 291 4160 hoc
304 4103 453 4158 admittere
466 4117 583 4170 nequeo,
596 4099 662 4169 quia
680 4113 737 4151 non
758 4095 891 4168 intelligo.
932 4099 1006 4153 Sane
1023 4101 1116 4164 Prote·

38 4194 125 4244 stantes
138 4187 303 4258 mysterium
315 4185 461 4258 Trinitatis
480 4187 624 4256 multaque
643 4183 699 4238 alia
717 4185 944 4255 accipiuntque
963 4185 1117 4254 intelligere

38 4284 81 4323 non
94 4277 190 4332 valent.
