2758 4652
237 207 603 258 nupmurrnurrre
623 205 921 258 sncnnusnro
1059 166 1123 252 sar
1232 208 1234 218 ¹

39 395 238 463 peccatorum
256 390 463 468 poenitentiae
480 388 621 469 publicae
638 388 922 468 praemittebatur3
948 403 1037 464 saepe
1057 382 1127 442 haec

38 483 189 547 consessio
212 497 339 549 secreto
360 487 468 564 fiebat,
483 507 595 554 eoram
619 493 774 572 episcopo
796 490 847 551 vel
872 486 1128 570 poenitentiario,

37 586 88 665 qui
101 586 271 666 judicabat
294 601 404 655 utrum
429 596 562 676 publica
585 595 749 656 confessio
772 591 945 672 expediret
962 607 1075 661 necne,
1090 598 1127 648 ut

36 699 157 753 constat
183 713 227 754 ex
254 695 453 758 testimoniis
478 697 513 760 5.
531 698 714 777 Augustini
738 703 771 756 et
800 691 952 774 Orzgem's
977 690 1127 772 superius

35 787 143 864 allatis,
154 791 334 872 multisque
350 795 430 857 aliis.
479 797 555 858 Non
569 816 729 876 negamus
743 807 854 860 tamen
872 796 1034 877 quosdam
1052 813 1126 874 pec-

34 901 153 953 catores
168 905 277 973 sponte
291 915 350 957 sua
366 908 502 978 peccata
526 899 558 958 in
584 897 654 959 foro
677 908 818 961 externo
833 897 1003 960 confessos
1019 896 1127 968 luisse,

35 996 207 1072 praesertim
232 1000 368 1079 quando
391 1001 523 1081 publica
546 1001 698 1064 fuerant:
725 1003 815 1082 quod
839 1003 880 1064 ad
906 1000 1125 1082 reparandum

33 1097 218 1161 scandalum
251 1102 391 1165 multum
423 1104 623 1167 conserebat.
672 1107 751 1168 Post
781 1104 1032 1178 consessionem,
1059 1103 1126 1164 sive

33 1199 192 1276 publicam
208 1203 277 1266 sive
294 1205 467 1285 privatam,
478 1208 677 1288 poenitentia
694 1208 935 1290 imponebatur,
947 1227 1022 1287 quae
1038 1227 1126 1286 saepe

34 1303 184 1384 perlonga
200 1316 279 1380 erat,
296 1329 333 1368 ac
356 1329 422 1370 non
447 1311 555 1371 solum
582 1311 809 1372 remissionem
828 1311 933 1391 culpa,
951 1311 1007 1372 sod
1025 1309 1125 1371 etiam
1194 1319 1200 1334 '

34 1407 252 1470 remissionem
262 1423 363 1490 pana
378 1415 570 1494 temporalis
590 1415 794 1494 respiciebat.
841 1415 1005 1486 Tandem,
1021 1412 1126 1492 poeni-

33 1511 129 1572 tentia
167 1510 313 1592 peracta,
350 1515 543 1578 solemniter
582 1517 782 1598 poenitentes
822 1515 1125 1579 reconciliabantur.

34 1613 125 1694 Saepe
147 1625 256 1678 autem
277 1617 363 1679 hanc
384 1620 568 1680 solemnem
591 1620 894 1682 reconciliationem
917 1617 1127 1700 praecedebat

31 1721 268 1782 sacramentalis
283 1722 447 1797 absolutio,
464 1728 528 1802 qua
550 1733 688 1804 peccata
704 1723 945 1804 poenitentibus
962 1722 1047 1783 bene
1063 1721 1127 1782 dis-

32 1822 142 1898 positis
159 1825 420 1888 remittebantur.
470 1826 506 1888 ld
531 1835 672 1888 testatur
687 1827 714 1887 S
717 1846 892 1898 acarnanas,
908 1826 963 1906 qui
980 1826 1022 1886 de
1038 1845 1125 1905 pres-

32 1922 142 2002 bytero
158 1929 405 2007 poenitentiario
421 1929 578 1991 scribit1:
603 1928 687 1990 “Ad
705 1949 803 2010 quem
821 1930 1016 1990 accedentes
1034 1929 1053 1989 ii
1071 1927 1125 2006 qui

31 2027 241 2108 deliquerant,
256 2028 349 2092 adius
373 2051 450 2093 suos
474 2032 726 2094 confitebantur.
776 2032 834 2093 llle
851 2053 929 2093 vero
945 2051 1004 2112 pro
1020 2031 1125 2110 cujus-

32 2149 90 2209 que
106 2131 237 2208 delicto,
253 2135 331 2214 quid
360 2145 418 2197 aut
445 2135 551 2198 facere
577 2135 736 2216 singulos,
751 2146 808 2196 aut
836 2135 925 2196 luere
952 2143 1127 2213 oporteret,

31 2253 133 2311 prenae
150 2236 224 2298 loco
241 2239 398 2314 indicenS,
414 2235 596 2301 absolvebat
613 2237 819 2311 confitentes,
837 2259 856 2298 a
878 2237 994 2317 seipsis
1011 2256 1127 2317 poenas

30 2339 197 2402 criminum
215 2338 392 2403 exasturos
404 2341 429 2406 ”.
472 2343 603 2404 Deinde
621 2342 753 2404 finalem
770 2340 1072 2402 reconciliationem
1090 2353 1126 2401 ut

31 2457 113 2501 mere
130 2444 322 2504 canonicam
340 2443 486 2506 exhibet.
534 2444 625 2524 Ergo
641 2444 813 2517 consessio,
826 2444 895 2504 sive
911 2443 1043 2524 publica
1060 2443 1128 2504 sive

31 2543 159 2618 privata,
177 2564 252 2624 quae
277 2545 418 2626 publicae
442 2547 650 2627 poenitentiae
674 2547 946 2628 praemittebatur,
963 2556 1034 2607 erat
1050 2566 1127 2608 con-

31 2640 123 2705 fessio
139 2665 215 2706 vere
231 2646 488 2720 sacramentalis
505 2667 607 2726 quum
635 2646 727 2710 fieret
752 2651 783 2711 in
809 2650 924 2711 ordine
947 2649 989 2710 ad
1014 2649 1126 2709 remis-

30 2745 149 2809 sionem
167 2757 379 2828 peccatorum
396 2749 624 2823 obtinendam,
641 2753 810 2814 mediante
833 2753 1014 2814 sacerdotis
1031 2751 1125 2812 abso·

30 2848 179 2915 lutione2.
215 2849 346 2932 Quibus
362 2852 489 2933 positis,
503 2855 621 2914 merito
637 2855 866 2916 concludimus
883 2853 1125 2915 consessionem

30 2955 297 3017 sacramentalem
315 2975 380 3016 non
397 2975 469 3016 esse
487 2957 657 3018 inventum
680 2957 873 3031 humanum,
889 2958 946 3018 sed
968 2955 1038 3035 jam
1063 2956 1125 3036 pri-

30 3057 84 3117 mis
99 3058 229 3120 saeculis
246 3059 398 3138 viguisse,
414 3079 451 3120 ac
468 3059 511 3119 ab
528 3061 607 3140 ipsis
625 3060 798 3140 Apostolis
818 3079 998 3140 eorumque
1014 3060 1127 3122 divino

32 3158 187 3242 llagistro
212 3163 392 3238 dimanare,
413 3163 514 3243 juxta
539 3162 620 3224 lllud
644 3163 871 3242 augustinia:
898 3161 1027 3243 “Quod
1055 3163 1127 3224 uni-

29 3281 114 3326 versa
138 3274 229 3326 tenet
254 3265 414 3339 Ecclesia,
430 3286 490 3326 nec
513 3264 670 3327 Consiliis
695 3266 894 3341 institutum,
913 3265 971 3328 sed
995 3285 1127 3345 semper

29 3374 186 3429 retentum
204 3377 262 3441 est,
276 3369 408 3429 nonnisi
425 3366 622 3431 audioritate
639 3368 822 3449 apostolica
839 3370 997 3430 traditum
1016 3365 1125 3428 rectis-

29 3469 103 3531 sime
120 3469 299 3533 creditur¹'.

68 3575 93 3634 F
94 3586 225 3638 atemur
236 3576 390 3657 equidem
404 3576 559 3656 pauciora
573 3595 642 3636 esse
653 3575 845 3636 testimonia
858 3575 899 3636 de
910 3573 1126 3642 confessione,

30 3680 204 3753 prasertim
221 3683 356 3754 secreta,
372 3679 535 3760 prioribus
554 3677 712 3740 Ecclesiae
728 3677 879 3753 saeculis;
906 3677 963 3738 sed
984 3676 1046 3736 hoc
1067 3677 1125 3736 mi-

60 3897 67 3919 ¹
80 3883 187 3934 Sozotu.
201 3883 248 3935 lib.
263 3883 331 3947 Vll,
345 3899 368 3934 c.
389 3883 426 3934 16.

59 3969 122 4021 ².De
135 3969 247 4037 publica
261 3968 428 4036 poenitentid
443 3969 522 4036 plura
535 3967 600 4020 vide
613 3983 657 4034 ap.
668 3967 828 4030 Marinum,
841 3980 885 4032 op.
897 3963 942 4018 cit.
957 3963 1004 4018 lib.
1016 3963 1059 4016 lll
1073 3980 1126 4032 sq.;

30 4053 182 4122 Patavium,
193 4059 296 4124 Opera,
309 4068 328 4109 t.
340 4057 364 4122 8,
375 4074 402 4125 p.
416 4069 511 4126 177-45
516 4069 531 4121 3
545 4053 591 4110 ed.
608 4053 705 4116 Vives;
727 4053 819 4117 Funk,
832 4052 1037 4122 Bussdisciplin
1050 4051 1126 4120 apud

35 4140 149 4197 baum
163 4144 404 4206 Kirchenlexieon,
415 4153 433 4197 t.
447 4144 486 4206 ll,
500 4161 524 4212 p.
543 4145 604 4211 1561
623 4159 673 4211 sq,
682 4143 781 4210 gallice
795 4159 905 4196 versum
918 4159 934 4194 a
951 4142 1122 4207 Vacandum,

30 4223 45 4274 l.
57 4243 77 4279 c.
94 4247 129 4282 rer
145 4230 213 4283 avril
231 4229 305 4296 1898,
319 4247 344 4300 p.
364 4242 409 4298 195
426 4245 467 4299 sq.

61 4309 186 4372 ³Contra
201 4319 305 4371 Donat.
321 4316 368 4370 lib.
388 4317 437 4378 lV,
453 4333 476 4370 c.
492 4331 532 4381 ²4·
