2780 4646
350 179 404 230 DE
421 181 582 233 onam
602 183 855 234 tinnitum.
1096 182 1151 236 101

65 355 208 434 declaret,
224 373 397 441 peccatum
416 363 541 444 aliquid
563 383 638 425 vere
659 364 729 427 tolli
753 374 786 428 et
809 365 942 440 aboleri,
964 385 1029 428 non
1055 385 1152 448 posse

65 458 188 540 aliquod
199 465 339 546 reperire
348 467 437 546 quod
449 467 521 548 ipsa
532 467 702 549 Scriptura
712 467 824 530 divina
834 489 899 532 non
911 471 1118 551 occupaverit
1129 471 1151 532 ”.
1204 513 1208 521 -

103 578 166 642 130.
212 579 248 627 2⁰
262 567 338 630 Rat.
356 569 419 631 Per
431 569 702 649 justificationem
724 570 825 634 homo
841 571 879 634 fit
894 593 969 635 vere
986 573 1062 636 Deo
1077 593 1152 655 gra·

65 672 119 738 tus,
134 665 203 746 ejus
219 666 304 732 filius
321 671 506 753 adoptivus,
522 682 555 735 et
571 671 675 736 haeres
691 674 768 738 vitae
784 685 927 750 aeternae,
943 685 980 738 ut
996 675 1057 757 ipsi
1076 676 1152 738 Pro·

65 773 215 832 testantes
232 771 383 836 latentur.
431 776 532 837 Porro
547 775 603 857 qui
621 786 768 840 remanet
785 778 912 840 interne
925 779 957 840 in
971 787 1059 841 statu
1077 797 1152 859 pec-

64 869 130 945 cati,
141 874 262 937 nedum
279 877 322 939 sit
339 878 413 940 Deo
429 889 581 959 gratus,e
597 890 711 942 contra
727 889 777 942 est
793 881 855 962 ipsi
871 881 1015 958 odibilis;
1028 881 1150 944 nedum

65 972 124 1035 vita
148 983 281 1054 adema,
304 1001 323 1043 e
350 991 465 1046 contra
492 981 722 1064 reprobatione
749 993 800 1045 est
828 983 957 1064 dignus.
1003 983 1151 1045 “Mundi

65 1081 240 1144 suntoculi
265 1083 321 1157 tui,
337 1093 369 1147 et
393 1085 553 1167 respicere
576 1085 617 1146 ad
642 1085 850 1165 iniquitatem
876 1107 941 1148 non
966 1083 1117 1168 poteris”
1132 1097 1151 1148 ¹.

67 1175 128 1242 Nec
150 1181 279 1247 dicatur
302 1186 358 1248 illa
380 1198 517 1269 peccata
540 1189 632 1270 tegi:
667 1209 745 1251 nam
770 1191 1081 1270 quomodocumque
1105 1199 1151 1251 te-

65 1295 183 1360 gantur,
199 1288 227 1350 si
252 1299 364 1353 tamen
389 1301 561 1354 remanent
585 1293 617 1354 in
641 1292 761 1366 anima,
778 1312 844 1354 non
861 1291 1024 1374 effugiunt
1039 1291 1151 1353 oculos

66 1383 149 1464 illius,
164 1391 207 1454 de
222 1413 290 1474 quo
305 1395 444 1458 dicitur:
468 1395 657 1460 “Scrutaris
673 1394 773 1457 corda
789 1404 822 1455 et
839 1414 932 1456 renes
950 1395 1039 1456 Deus
1052 1391 1067 1419 ''
1079 1405 1102 1456 ².

96 1502 146 1553 131·
192 1508 223 1560 3⁰
248 1493 325 1550 Solu.
352 1494 412 1565 diff
459 1495 574 1552 Dicitur
605 1495 635 1551 in
667 1493 816 1564 Scriptura
847 1493 904 1562 (Ps.
932 1493 1046 1562 XXXI,
1074 1494 1151 1561 1·2):

69 1571 166 1634 “Beati
180 1597 308 1651 quorum
322 1583 450 1640 remissae
463 1593 529 1640 sunt
543 1582 721 1654 iniquitates,
734 1590 763 1638 et
776 1597 904 1651 quorum
918 1579 990 1637 tesia
1003 1587 1071 1636 sunt
1085 1595 1150 1650 pec·

66 1670 130 1731 cata,
149 1663 252 1724 beatus
271 1669 321 1739 vir,
344 1669 467 1726 coinon
487 1669 644 1740 imputavit
661 1667 861 1740 peccatum'’;
881 1666 960 1738 atqui
981 1666 1044 1724 haec
1064 1665 1152 1724 verba

66 1759 125 1804 sunt
138 1749 283 1822 ipsissima
296 1756 521 1826 protestantium
536 1756 626 1813 thesis
638 1777 645 1821 ;
663 1771 743 1825 ergo.

96 1834 174 1907 Resp.
191 1841 338 1899 Plurimos
357 1853 452 1901 textus
465 1860 553 1914 supra
565 1842 717 1899 attulimus
737 1841 786 1912 qui
808 1851 929 1912 peccata
948 1839 1072 1897 omnino
1089 1839 1151 1896 tolli

67 1917 163 1981 diserte
175 1941 326 1998 asserunt;
346 1931 432 2002 igitur
451 1939 547 1988 textus
566 1929 615 1984 hic
635 1929 674 1986 ita
693 1927 816 1999 intelligi
836 1927 934 1997 debet,
952 1937 983 1984 ut
1002 1926 1065 1983 aliis
1079 1925 1152 1982 Scri·

67 2017 150 2075 ptura
167 2015 344 2073 testimoniis
363 2035 423 2074 non
442 2016 633 2074 contradicat.
673 2016 742 2073 Hoc
762 2015 868 2087 positu,
884 2031 969 2072 verus
987 2031 1090 2071 sensus
1109 2022 1153 2070 est

67 2090 125 2151 hic:
144 2097 221 2158 beati
234 2120 361 2174 quorum
377 2115 498 2176 peccata
512 2103 588 2161 tecta
601 2114 677 2172 sunt,
695 2121 755 2160 non
775 2103 871 2160 solum
889 2101 976 2158 oculis
994 2101 1149 2171 hominum,

67 2180 112 2237 sed
124 2185 208 2243 etiam
222 2189 311 2245 ortilis
323 2190 398 2247 Dei:
408 2191 540 2262 jamvero
556 2201 678 2264 peccata
693 2209 751 2247 non
767 2199 890 2262 possunt
904 2190 961 2260 tegi
976 2189 1070 2246 oculis
1085 2189 1149 2258 Dei,

68 2266 114 2324 nisi
132 2274 245 2332 realiter
263 2275 418 2335 deleantur
428 2300 436 2350 ;
455 2297 522 2352 quae
541 2279 662 2350 quidem
683 2277 884 2350 interpretatio
902 2283 1032 2332 contextu
1051 2274 1153 2332 sunda·

69 2361 112 2423 tur,
128 2373 193 2416 narn
212 2362 379 2420 declaratur
398 2365 427 2421 in
448 2366 543 2437 primo
563 2365 707 2424 versiculo
727 2375 848 2437 peccata
864 2381 928 2422 esse
941 2381 1008 2421 vere
1021 2362 1151 2433 remissa,

71 2439 171 2516 “beati
187 2466 316 2520 quorum
336 2452 458 2509 rerrrissce
476 2466 544 2510 sunt
564 2453 733 2524 iniquitates
743 2452 768 2518 ’',
790 2453 866 2509 etin
887 2449 1020 2508 secundo
1039 2449 1153 2506 nullum

68 2526 166 2604 dolum,
190 2553 226 2592 ac
247 2538 372 2608 proinde
395 2540 508 2597 nullum
533 2551 688 2612 peccatum
713 2557 865 2597 remanere
888 2537 918 2594 in
941 2538 1039 2595 animi
1060 2538 1152 2608 justi:

70 2615 189 2678 “beatus
202 2624 246 2679 vir
259 2625 307 2681 cui
321 2643 381 2683 non
395 2627 551 2699 imputavit
562 2639 727 2699 peccatum,
738 2645 794 2684 nec
807 2635 851 2684 est
865 2626 895 2682 in
908 2625 1011 2696 spiritu
1026 2625 1089 2696 ejus
1102 2626 1154 2684 do·

68 2698 134 2760 lus”·
176 2708 255 2782 Quae
273 2711 395 2782 quidem
416 2713 618 2786 interpretatio
634 2715 696 2784 jam
714 2713 753 2771 ab
773 2713 838 2784 ipso
857 2711 1022 2783 Augustino
1041 2713 1154 2783 prolata

69 2787 114 2846 full
126 2792 236 2860 (Enim.
253 2809 282 2852 2²
295 2797 323 2853 in
338 2799 365 2854 h.
380 2803 447 2871 ps),
463 2800 514 2858 ubi
533 2802 662 2859 declarat
682 2801 802 2858 vulnera
816 2799 947 2870 corporis
961 2799 1079 2857 duobus
1093 2816 1154 2856 mo-

69 2872 106 2931 dis
118 2881 171 2951 tegi
186 2901 284 2955 posse,
300 2884 338 2942 ab
352 2887 416 2958 ipso
429 2888 582 2946 vulnerato
600 2899 628 2946 et
647 2907 664 2946 a
683 2887 821 2946 medico:
842 2886 1009 2943 vulneratus
1029 2885 1101 2956 tegit
1120 2905 1155 2944 ea

69 2963 155 3032 Pallio,
170 2988 229 3028 non
252 2972 336 3042 tollit,
350 2974 483 3032 medicus
503 2977 663 3047 emplastro
683 2987 711 3033 et
731 2974 815 3032 tollit.
857 2974 903 3030 Ita
916 2972 948 3029 l'rt
962 2973 991 3028 in
1006 2973 1153 3044 peccatis:

69 3065 193 3118 peccator
202 3058 285 3128 tegit,
295 3059 416 3129 quando
430 3060 603 3132 dissimulat,
620 3063 701 3119 Deus
712 3061 783 3132 tegit
797 3059 920 3131 quando
934 3057 1081 3116 inlusione
1094 3077 1155 3117 suae

70 3141 156 3206 gratiae
169 3155 255 3202 sanat
267 3157 297 3204 et
311 3146 393 3204 tollit.

104 3277 165 3342 13²·
201 3269 300 3328 Thesis
311 3271 363 3330 Ha
374 3295 385 3330 .·
398 3271 419 3347 J
423 3271 617 3335 ustificatio
633 3289 704 3335 non
719 3267 886 3334 consistit
900 3267 936 3331 in
950 3268 1156 3334 extrinseca

70 3354 289 3437 imputatione
305 3367 512 3431 meritorum
528 3368 671 3447 Christi,
687 3367 752 3432 sed
775 3366 810 3430 in
832 3365 990 3430 interiori
1012 3383 1156 3430 renova-

70 3453 155 3523 tione
177 3479 244 3526 seu
269 3464 304 3526 in
328 3465 505 3529 infusione
528 3467 654 3544 gratiae
681 3462 941 3528 sanctificantis
966 3461 1156 3526 intrinsece

71 3555 184 3624 anlmae
211 3561 429 3626 inhaerentiS.
480 3564 531 3626 De
551 3565 623 3647 fide
652 3575 699 3627 est
723 3585 761 3626 ex
792 3563 821 3624 T
820 3563 933 3624 rident.
969 3560 1070 3641 (Sess
1098 3561 1156 3637 VI,

72 3667 220 3748 can.11):
244 3668 311 3731 “Si
335 3670 407 3749 quis
431 3668 555 3730 dixerit
578 3668 729 3730 homines
743 3663 914 3747 justificari
935 3663 986 3724 vel
1008 3663 1078 3724 sola
1098 3663 1157 3726 im-

74 3770 229 3842 putatione
250 3772 390 3854 justitiae
411 3772 543 3849 Christi,
559 3772 610 3834 vel
632 3770 703 3832 solil
725 3777 936 3851 peccatorum
957 3765 1157 3838 remissione,

102 3925 255 4004 ¹Habacuc,
272 3937 292 4002 1,
310 3951 349 4006 13.

101 4016 232 4092 ¹Ps.v11‚
246 4039 287 4078 10.
304 4054 336 4062 -
352 4024 435 4092 Quod
448 4024 522 4078 adeo
535 4037 631 4075 verum
644 4032 687 4076 est
701 4032 731 4075 ut
744 4017 870 4074 nonnulli
886 4019 1087 4082 Protestantes,
1095 4034 1120 4070 v.
1133 4033 1158 4084 g.

76 4103 176 4177 Samicry
187 4111 241 4181 (op.
256 4113 303 4166 cit.
320 4128 347 4180 p.
364 4113 417 4180 37),
432 4111 566 4164 mirentur
579 4107 762 4162 christianam
775 4106 862 4160 vitam
877 4104 904 4157 in
918 4104 1161 4172 quddamsiii'iorre

75 4186 164 4260 incipi;
190 4207 217 4250 et
236 4213 306 4251 sane
326 4213 438 4265 prorsus
458 4197 559 4248 mirum
577 4204 621 4248 est
640 4191 726 4260 viros,
746 4193 917 4261 caeteroquin
938 4198 1034 4246 mente
1053 4200 1160 4255 acutos,

76 4275 147 4332 talem
160 4281 315 4336 christianae
329 4282 393 4336 vitae
408 4293 574 4350 conceptum
587 4279 737 4335 admittere
750 4283 848 4349 posse!
