2770 4652
254 172 322 222 46⁴
625 173 681 223 DE
700 175 991 225 Poenlrsn'rrn.
1072 191 1075 198 ’

253 350 309 408 dos
328 349 442 409 habens
460 351 666 412 auctoritatem
685 355 869 426 absolvendi,
889 355 935 413 vel
953 354 1135 413 ordinariam
1155 356 1201 413 vel
1218 371 1250 413 ex
1266 371 1330 411 com-

253 439 396 497 missione
414 440 581 513 superioris.
630 443 763 501 Effectus
785 445 874 516 hujus
895 445 1072 502 sacramenti
1097 457 1143 502 est
1166 443 1301 503 absolutio
1320 461 1332 499 a

254 526 393 598 peccaris.

323 701 474 782 Cone.
497 701 721 784 Trident.
746 704 961 785 Decreta
981 707 1033 784 et
1051 703 1275 784 Canones

406 826 469 907 de
490 827 814 909 Poenitentiae
837 832 1168 910 sacramento
1185 842 1208 904 ¹.

686 981 926 1061 (SesleV.)

680 1255 940 1316 Poentrentiae.

290 1409 320 1466 Si
334 1425 370 1466 ea
384 1409 413 1464 in
426 1407 605 1479 regeneratis
618 1406 759 1464 omnibus
771 1406 922 1477 gratitudo
934 1423 1003 1477 erga
1018 1405 1118 1463 Deum
1131 1415 1218 1471 esset,
1231 1417 1261 1462 ut
1272 1405 1337 1476 iusti·

257 1495 328 1553 tiam
348 1495 378 1552 in
393 1494 548 1567 Baptismo
567 1495 659 1566 ipsius
678 1492 826 1552 beneficio
843 1503 872 1550 et
890 1493 983 1564 gratia
995 1502 1175 1566 susceptam,
1189 1503 1338 1550 constanter

255 1591 414 1652 tuerentur,
431 1599 492 1638 non
511 1581 613 1638 luisset
632 1597 708 1652 opus
727 1578 808 1638 aliud
827 1579 866 1637 ab
884 1579 950 1651 ipso
964 1579 1119 1652 Baptismo
1139 1591 1336 1637 sacramentum

255 1664 293 1723 ad
318 1674 510 1736 peccatorum
535 1665 739 1744 remissionem
766 1681 831 1722 esse
856 1664 1032 1721 institutum.
1081 1663 1233 1736 Quoniam
1254 1675 1336 1720 auten

256 1754 347 1823 Deus,
370 1753 454 1811 dives
478 1753 508 1809 in
534 1752 745 1824 misericordia,
767 1761 907 1823 cognovit
933 1750 1108 1822 figmentum
1135 1762 1274 1821 nostrum,
1294 1751 1337 1806 illis

255 1839 345 1899 etiam
355 1841 422 1898 vitae
432 1840 597 1898 remedium
608 1840 742 1909 contulit,
755 1839 806 1910 qui
818 1857 882 1896 sese
893 1849 994 1911 postea
1004 1838 1034 1896 in
1045 1839 1160 1911 peccati
1174 1839 1335 1906 servitutem,

255 1939 284 1987 et
297 1927 442 1986 daemonis
460 1937 637 1999 potestatem
656 1927 855 1996 tradidissent,
873 1935 1090 1984 sacramentum
1108 1925 1246 1985 videlicet
1260 1927 1337 1984 Poeni·

254 2014 355 2073 tentiae
367 2033 376 2086 3
398 2031 459 2086 quo
472 2014 563 2086 lapsis
576 2024 643 2086 post
657 2014 854 2086 Baptismum,
872 2013 1052 2071 beneficium
1064 2012 1170 2070 mortis
1184 2012 1289 2072 Christi
1300 2029 1338 2083 ap

255 2102 388 2174 plicatur.

293 2187 360 2246 Fuit
374 2188 497 2260 quidem
513 2187 691 2245 Paenitentia
704 2187 846 2244 universis
859 2185 1039 2256 hominibus
1056 2187 1109 2258 qui
1126 2204 1159 2244 se
1177 2187 1287 2244 mortali
1300 2185 1339 2242 ali·

255 2288 317 2342 quo
330 2281 456 2344 peccato
470 2272 684 2343 inquinassent,
698 2270 803 2341 quovis
816 2280 951 2341 tempore
968 2269 1007 2326 ad
1026 2269 1150 2340 gratiam
1168 2280 1200 2328 et
1215 2269 1340 2341 iustitiam

255 2360 472 2430 assequendam
487 2359 660 2427 necessaria,
674 2358 730 2415 illis
743 2357 833 2416 etiam
846 2359 898 2429 qui
913 2357 1057 2430 Baptismi
1072 2369 1257 2416 sacramento
1273 2354 1339 2414 ablui

256 2446 436 2518 petivissent,
449 2456 482 2502 ut
502 2446 691 2516 perversitate
705 2443 823 2516 abjecta
840 2453 869 2502 et
887 2443 1052 2514 emendata,
1066 2455 1179 2501 tantam
1196 2444 1252 2503 Dei
1264 2443 1339 2501 offen·

256 2532 370 2588 sionem
385 2548 453 2588 cum
468 2532 581 2602 peccati
596 2531 667 2589 odio
677 2541 706 2588 et
720 2531 770 2602 pio
780 2530 870 2587 animi
885 2529 988 2587 dolore
998 2529 1225 2588 detestarentur.
1264 2528 1340 2589 Unde

257 2616 405 2690 Propheta
418 2617 495 2674 aitl:
518 2615 763 2676 “Convertimini
784 2626 813 2674 et
832 2617 911 2688 agite
931 2616 1138 2688 poenitentiam
1158 2616 1197 2675 ab
1216 2615 1340 2676 omnibus

255 2704 461 2776 iniquitatibus
474 2704 576 2762 vestris
593 2727 598 2762 :
622 2715 650 2762 et
664 2722 725 2761 non
738 2704 791 2761 erit
805 2703 888 2761 vohis
907 2704 936 2759 in
951 2703 1066 2760 ruinam
1085 2703 1226 2775 iniquitas
1234 2705 1257 2762 '’.
1294 2705 1339 2760 Do

255 2791 355 2849 minus
367 2791 457 2849 etiam
476 2791 591 2851 dixit³:
620 2790 714 2848 “Nisi
734 2789 941 2863 poenitentiam
960 2790 1087 2861 egeritis,
1102 2807 1208 2849 omnes
1226 2790 1340 2847 similiter

256 2877 420 2952 peribitis”.
448 2877 487 2934 Et
497 2877 635 2950 princeps
645 2877 858 2948 Apostolorum
871 2877 974 2933 Petrus
985 2876 1192 2948 peccatoribus
1203 2877 1340 2949 Baptismo

255 2964 407 3023 initiandis
432 2964 639 3038 poenirentiam
664 2964 895 3030 commendam,
922 2963 1081 3022 dicebat⁴:
1117 2959 1339 3022 “Poenitentiarir

255 3052 342 3123 agite,
355 3061 384 3110 et
400 3051 564 3123 baptizetur
578 3051 781 3123 unusquisque
795 3060 924 3108 vestrum
934 3050 958 3106 ’'.

293 3138 383 3195 Porro
403 3156 457 3195 nec
476 3149 546 3195 ante
559 3137 719 3195 adventum
735 3137 845 3195 Christi
860 3137 1039 3195 Paenitentia
1052 3146 1114 3195 erat
1127 3147 1337 3200 sacramentum,

256 3242 311 3281 nec
324 3235 368 3282 est
382 3235 449 3296 post
462 3225 625 3283 adventum
639 3223 716 3281 illius
730 3224 871 3294 cuiquam
884 3234 954 3281 ante
968 3223 1165 3296 Baptismum.
1208 3223 1339 3282 Dominus

255 3321 357 3371 autem
376 3323 594 3370 sacramentum
616 3312 804 3370 Poenitentiae
825 3323 897 3370 tunc
920 3311 1069 3384 praecipue
1089 3311 1224 3383 instituit,
1245 3329 1306 3368 cum
1327 3326 1339 3363 a

256 3399 378 3457 mortuis
392 3399 544 3468 excitatus,
555 3399 712 3456 insufflavit
726 3400 755 3455 in
767 3399 938 3470 Discipulos
949 3416 1027 3466 suos,
1036 3397 1174 3456 dicens⁵:
1195 3397 1339 3468 “Accipite

256 3486 398 3559 Spiritum
412 3486 559 3551 sanctum,
575 3503 703 3557 quorum
717 3485 886 3544 remiseritis
899 3496 1032 3557 peccata,
1048 3486 1234 3544 remittuntur
1245 3485 1300 3543 eis:
1317 3493 1338 3537 et

255 3591 383 3646 quorum
398 3573 583 3641 retinueritis,
595 3583 709 3630 retenta
722 3584 790 3630 sunt
799 3573 823 3630 '’.
862 3573 1002 3644 Quotam
1015 3572 1122 3644 insigni
1133 3571 1213 3630 facto
1221 3582 1249 3630 et
1259 3567 1338 3626 verhis

256 3671 316 3718 tam
340 3659 513 3732 perspicuis,
539 3670 716 3730 potestatem
740 3659 910 3718 remittendi
933 3669 962 3717 et
984 3659 1131 3717 retinendi
1158 3669 1284 3730 peccata,
1306 3653 1335 3710 ad

255 3746 491 3804 reconciliandos
505 3745 608 3804 fideles
622 3755 689 3818 post
704 3746 890 3818 Baptismum
908 3746 1015 3817 lapsos,
1032 3745 1188 3816 Apostolis
1206 3754 1234 3802 et
1252 3757 1336 3802 eorum

255 3832 393 3903 legitimis
407 3832 628 3890 successoribus
642 3833 731 3891 fuisse
744 3832 1005 3902 communicatam,
1018 3832 1222 3890 universorum
1234 3832 1336 3886 Patruus
1377 3833 1378 3842 ³

1377 1049 1378 1090 l

257 1153 362 1216 CAP.
390 1153 418 1210 1.
447 1152 502 1210 Do
526 1153 760 1212 necessitate
784 1157 824 1212 et
850 1151 1097 1211 institutione
1124 1151 1336 1212 sacramenti

290 4043 298 4074 ι
315 4020 528 4088 Disputationes
541 4031 652 4090 patrum
665 4021 895 4076 Tridentinorum
909 4021 944 4075 de
958 4021 1001 4075 his
1015 4019 1137 4075 decretis
1150 4035 1186 4074 ac
1200 4017 1336 4074 canonibus

256 4104 319 4157 vide
332 4121 376 4172 ap.
395 4105 523 4171 Tlrei'rrer,
535 4123 579 4176 op.
594 4107 640 4161 cit.
656 4109 709 4162 vol.
726 4110 747 4175 l,
761 4126 787 4178 p.
807 4122 819 4176 5
824 4123 853 4175 31
871 4125 912 4178 sq.

291 4190 412 4242 'Eaecla
429 4189 542 4254 xvtll,
559 4209 600 4260 30.
614 4225 647 4232 —
659 4192 669 4223 ³
682 4196 748 4248 Luc.
764 4195 849 4260 Xlll,
863 4211 886 4264 3.
902 4225 935 4232 -
947 4195 957 4225 ⁴
970 4195 1033 4248 Ali.
1053 4195 1091 4259 ll,
1107 4195 1150 4264 38.

291 4275 380 4344 lJoa,
395 4275 459 4342 XX,
473 4290 561 4344 2223.
