2808 4664
344 130 401 179 DE
419 130 502 181 DEO
522 127 894 181 REMUNERATORE.
1103 129 1169 180 747

63 303 123 361 bus
142 304 347 377 voluptatibus
365 305 455 362 etiam
475 304 644 362 carnalibus
664 303 802 360 fruituros
822 319 896 366 esse.
915 311 949 358 ut
972 298 1167 363 Cen'utltiaui',

62 392 222 459 Ebrnuitoe,
238 402 268 450 et
281 392 389 450 nostris
401 391 509 450 diebus
521 391 695 462 Irut‘ngiam'
704 398 732 447 ct
743 389 924 454 Marmorea,-
942 387 989 444 alii
1003 397 1103 443 autem
1117 386 1169 443 do·

61 488 195 536 cuerunt
208 496 259 536 eos
273 497 333 537 nou
354 479 409 536 nisi
429 479 509 551 puris
522 479 636 537 deliciis
649 495 714 536 esse
733 477 879 535 fruituros.
919 475 1009 532 Hanc
1028 473 1168 545 posterio-

62 583 128 623 rem
142 566 290 623 chiliasmi
304 568 429 639 formam
442 567 626 624 advocarunt
639 564 724 622 multi
736 562 835 622 Patres
847 581 865 620 a
878 562 974 635 primo
983 561 1022 618 ad
1032 569 1169 631 quartum

62 653 222 723 saeculum,
242 671 283 710 sc.
299 653 421 724 Papias,
436 653 585 724 justinus,
606 652 742 720 Irenaus,
762 649 971 717 Tertullianus,
993 645 1166 715 Medullius,

62 739 244 798 Larinatim
256 750 322 808 etc,
335 749 365 798 et
383 741 520 798 nonnulli
539 737 675 799 rhoderni
695 750 758 795 tum
778 737 855 794 inter
868 734 1087 793 Protestantes¹
1106 743 1169 790 tum

62 826 145 884 inter
158 825 333 884 Catholicos
341 827 358 882 ².

98 938 144 991 94.
184 930 212 980 2⁰
233 923 421 996 confutatur.
459 926 507 995 (A)
531 925 576 981 Ex
597 923 751 982 communi
773 923 893 980 Patrum
915 921 1167 992 interpretatione,

62 1011 182 1082 duplex
193 1021 309 1069 tantum
322 1012 468 1070 adventus
482 1011 605 1068 Domini
627 1013 655 1068 in
676 1010 823 1068 mundum
836 1008 958 1080 agnosci
976 1007 1074 1078 debet,
1091 1007 1170 1079 prior

64 1097 96 1152 in
111 1114 204 1155 carne
216 1097 346 1165 humilis,
362 1098 507 1170 posterior
519 1098 664 1168 gloriosus
682 1098 721 1156 ad
739 1095 934 1168 judicandum
954 1111 1048 1166 genus
1066 1094 1170 1151 huma·

64 1200 162 1254 num3
182 1183 385 1241 diciturenim
401 1184 630 1256 apudMatt.³.·
648 1183 764 1242 “Filius
783 1182 862 1240 enim
883 1181 1012 1240 hominis
1029 1188 1169 1238 venturus

63 1279 112 1328 est
130 1271 162 1327 in
179 1271 273 1341 gloria
287 1272 380 1328 Patris
393 1272 437 1328 sui
452 1289 521 1329 cum
535 1271 657 1342 Angelis
670 1271 731 1328 suis
745 1293 751 1338 ;
769 1280 799 1328 et
812 1278 880 1326 tunic
891 1268 995 1326 reddet
1007 1267 1169 1338 uuicuique

63 1357 237 1415 secundum
250 1376 341 1430 opera
354 1359 448 1430 ejus'’;
468 1377 503 1418 ex
517 1359 575 1416 hoc
588 1360 655 1416 loco
668 1369 697 1417 et
710 1377 746 1417 ex
759 1368 822 1416 toto
835 1356 932 1428 capite
946 1355 1034 1412 XXV
1044 1356 1073 1414 S·
1088 1355 1169 1411 Mat-

64 1443 140 1500 rucei
148 1444 297 1516 colligitur
308 1445 455 1517 judicium
470 1445 634 1503 universale
648 1445 819 1504 immediate
828 1452 896 1516 post
909 1442 1074 1502 secundum
1085 1441 1169 1501 Chri-

63 1531 103 1587 sti
117 1529 284 1589 adventum
298 1533 429 1590 futurum
443 1550 517 1598 esse,
528 1533 687 1604 statimque
700 1543 768 1604 post
779 1531 924 1604 judicium
940 1531 1048 1588 Beatos
1059 1531 1169 1589 coelum

65 1617 277 1688 ingressuros:
309 1619 408 1677 nullus
431 1620 519 1691 igitur
538 1629 671 1677 remanet
690 1620 773 1677 locus
793 1636 848 1691 pro
866 1618 1006 1676 millenio.
1053 1620 1169 1690 Apoca-

64 1703 162 1776 lypsis
180 1713 276 1762 textus
294 1723 383 1777 supra
396 1705 502 1763 citatus
522 1704 617 1776 prima
636 1704 710 1763 facie
723 1704 845 1776 quidem
859 1703 1067 1763 Chiliastarum
1080 1705 1170 1763 errori

65 1790 168 1848 favere
181 1790 310 1862 videtur;
328 1791 382 1849 sed
396 1794 435 1862 (a)
447 1809 514 1863 pars
525 1789 700 1863 prophetica
711 1791 799 1862 hujus
808 1789 875 1847 libri
885 1791 974 1847 tantis
987 1790 1117 1848 tenebris
1125 1801 1170 1850 est

64 1875 212 1944 involuta,
229 1887 291 1934 uta
305 1878 425 1936 nemine
438 1877 567 1949 potuerit
586 1894 680 1948 usque
698 1877 736 1935 ad
756 1885 931 1948 praesentem
945 1876 1025 1935 diem
1039 1877 1171 1936 dilucide

65 1962 230 2034 explanari,
246 1981 302 2022 nec
321 1963 449 2035 proinde
466 1973 569 2021 contra
588 1972 685 2020 textus
703 1963 823 2021 aliunde
842 1963 937 2020 claros
955 1973 985 2021 et
1002 1963 1170 2035 analogiam

67 2048 140 2107 fidei
154 2049 249 2107 afferri
269 2051 392 2122 nequit;
411 2052 452 2122 (b)
465 2051 528 2109 dari
547 2061 646 2124 potest
665 2049 866 2122 interpretatio
880 2049 1050 2122 probabilis,
1067 2069 1135 2122 quae
1152 2069 1171 2110 a

64 2135 225 2192 communi
238 2136 375 2194 dochini
390 2155 450 2195 non
464 2137 598 2194 dissonet
614 2157 621 2195 :
643 2153 769 2193 numero
783 2135 863 2193 mille
875 2153 1021 2193 annorum
1034 2137 1171 2208 designa-

65 2231 115 2277 tur
128 2232 249 2295 tempus
261 2223 382 2294 longum
395 2234 425 2281 et
439 2223 638 2292 indefinitum,
649 2221 722 2281 illud
736 2241 775 2279 sc.
786 2222 870 2294 quod
882 2223 958 2280 inter
970 2223 1099 2296 primum
1109 2224 1170 2282 Do·

65 2306 143 2363 mini
156 2307 319 2366 adventum
333 2321 362 2367 et
374 2309 538 2367 antichristi
557 2309 764 2367 seductionem
777 2309 944 2382 elapsurum
957 2319 1001 2368 est
1017 2331 1024 2368 :
1046 2329 1099 2383 per
1111 2312 1170 2370 hoc

64 2393 256 2451 intervallum
269 2395 408 2452 diabolus
421 2395 529 2454 dicitur
542 2394 658 2466 ligatus.
673 2394 743 2466 quia
763 2413 823 2453 non
843 2395 1021 2468 permittitur
1033 2396 1170 2456 homines

64 2478 214 2538 seducere
231 2491 292 2537 tam
312 2481 397 2539 facile
415 2500 450 2539 ac
470 2491 538 2539 ante
552 2480 663 2539 Christi
681 2481 863 2554 adventum
882 2482 1167 2556 resurretiiapriurn,

64 2565 107 2623 de
120 2567 182 2636 quit
194 2566 289 2637 agitur
301 2569 341 2639 (5)
354 2578 398 2625 est
411 2568 575 2625 animarum
588 2568 734 2638 justorum
749 2567 897 2639 ingressus
911 2567 940 2625 in
954 2569 1062 2627 coelum
1068 2589 1076 2641 ;
1094 2589 1171 2628 utors
1217 2589 1222 2598 ·

63 2651 190 2708 secunda
203 2655 242 2723 (ὁ)
255 2663 299 2712 est
312 2672 392 2711 mors
405 2655 513 2736 animae
526 2665 556 2712 et
568 2655 722 2712 damnatio
734 2677 741 2723 ;
760 2671 821 2712 non
836 2673 957 2714 necesse
971 2666 1014 2713 est
1032 2657 1119 2729 igitur
1131 2659 1170 2716 ad

65 2739 200 2796 fabulam
212 2740 366 2799 millenarii
381 2760 536 2801 recurrere.

101 2851 143 2906 95
184 2839 233 2910 (Β)
247 2839 330 2897 Licet
343 2841 426 2897 multi
442 2841 543 2898 Patres
557 2859 651 2912 usque
664 2840 703 2897 ad
716 2858 781 2898 saec.
794 2841 848 2906 IV,
860 2839 1047 2898 chiliasmum
1061 2859 1171 2914 propu-

64 2924 231 2995 gnaverint‚
247 2925 296 2982 illa
308 2927 411 2997 opinio
425 2929 464 2998 (a)
479 2945 632 2998 nunquam
647 2927 701 2983 luit
715 2927 901 2995 universalis,
915 2936 947 2984 ut
960 2928 1024 2998 ejus
1042 2929 1169 2986 lautores

65 3010 126 3082 ipsi
139 3011 274 3082 latentur,
290 3030 346 3070 nec
359 3023 391 3070 ut
404 3013 647 3084 commelinianae,
663 3013 716 3071 sed
729 3025 762 3070 ut
770 3013 893 3084 patratu
905 3014 1004 3086 opinio
1017 3016 1168 3086 proposita

65 3097 133 3162 suit,
146 3097 228 3167 juxta
242 3097 314 3156 illud
329 3098 358 3156 S.
367 3099 501 3168 Justini⁴
515 3121 525 3155 .·
543 3099 638 3156 “Tibi
652 3109 681 3156 et
695 3109 782 3156 antea
795 3099 949 3157 confessus
962 3118 1029 3157 sum
1044 3119 1091 3159 me
1104 3103 1168 3174 qui·

64 3183 139 3241 dem
152 3192 181 3240 et
194 3184 303 3241 multos
316 3184 390 3242 alios
404 3185 445 3242 ira
458 3185 609 3243 sentire
624 3185 733 3242 multos
747 3203 817 3242 vero
830 3185 918 3242 etiam
932 3186 1168 3246 Christianorum

64 3269 119 3340 qui
134 3286 216 3341 purte
226 3281 255 3327 et
269 3271 325 3342 piae
335 3272 490 3329 sententiae
500 3283 578 3338 sunt,
590 3272 648 3329 hoc
659 3290 719 3329 non
731 3289 892 3344 agnoscere
903 3272 956 3330 tibi
967 3273 1168 3344 significavi’';

63 3357 108 3427 (b)
121 3375 139 3413 a
151 3373 216 3413 saec.
231 3357 266 3426 V,
284 3375 387 3415 omnes
407 3358 466 3416 lere
481 3359 581 3416 Patres
601 3369 630 3416 et
650 3358 780 3430 theologi
800 3359 924 3430 alicujus
943 3360 1072 3417 nominis
1092 3360 1169 3420 hanc

102 3615 110 3638 ¹
126 3606 168 3661 Cf.
185 3607 410 3678 ScuuffHeraog
426 3609 655 3677 Encyclopaedia‚
674 3609 761 3662 verbo
779 3609 1027 3662 mt'llruart'ant'sm.
1043 3610 1170 3664 -Inter

68 3693 261 3748 Protestantes
274 3694 402 3748 hodierni
416 3695 594 3747 Aduentislae
607 3694 763 3762 proximum
778 3695 881 3748 Christi
895 3695 1049 3748 adventurn
1062 3712 1095 3749 ac
1108 3697 1168 3749 mil·

64 3779 172 3832 lenium
183 3777 346 3848 'expedianu
364 3781 413 3834 csr.
434 3781 461 3832 T
457 3797 604 3848 auquerey‚
621 3797 666 3848 ap.
677 3777 933 3846 Vacunamittion.
951 3781 986 3833 de
1001 3780 1165 3851 Theologie,

62 3866 92 3918 A
96 3865 255 3918 dveutisles.

100 3947 167 4004 Ἦ.
184 3951 341 4018 Schmidt,
364 3952 411 4005 die
430 3951 607 4005 chiliastiche
626 3952 755 4018 doilrim
774 3954 948 4022 Rougeyrou‚
967 3955 1021 4008 Les
1040 3953 1168 4009 derniess

64 4048 173 4105 temps;
191 4039 293 4106 Bagou,
306 4038 442 4104 Devenit,
453 4055 488 4091 ou
503 4037 590 4106 regne
603 4039 640 4092 de
653 4041 741 4094 Satan
755 4039 905 4108 templum,
918 4050 970 4094 etc

99 4125 207 4175 ³Mau.
222 4124 301 4188 XVI,
317 4136 357 4187 27.

100 4207 112 4236 ⁴
125 4208 237 4278 Dialog.
255 4226 319 4262 cum
332 4210 437 4278 Tryph.
451 4227 477 4262 n.
489 4210 531 4264 80.
