2758 4652
436 1 479 14 *a

446 219 503 268 DE
520 218 696 270 ORDINE.
1052 219 1115 269 6οἹ

22 398 146 474 vitutis,
162 420 229 481 quo
244 401 371 482 virgam
390 403 454 464 Dei
470 403 611 465 vindicis
635 403 803 480 timeatis3
826 403 885 466 sed
902 402 1047 476 virtutis,
1063 422 1120 464 seu

22 497 234 576 fortitudinis,
252 504 293 565 ad
319 523 442 586 magna
464 515 498 568 et
521 505 625 567 ardua
648 525 710 587 pro
727 505 801 567 Deo
818 506 948 586 agenda
965 505 1015 566 vel
1039 505 1120 566 tole-

21 602 135 676 randa,
149 613 183 666 et
193 605 382 682 dilectionis,
394 627 460 688 quo
472 607 564 670 Deus
580 607 768 688 ammaeque
784 627 945 689 generose
960 616 1121 680 amentur,

20 715 55 767 et
77 707 263 771 sobrietatis
284 709 521 794 (σωφρονσμοῦ),
538 712 556 774 i.
572 731 598 773 e.
616 711 803 792 prudentia*
819 732 887 793 quo
909 712 985 792 quis
1007 730 1121 773 secun-

19 810 102 871 dum
119 812 380 892 supernaturalis
396 814 570 895 sapientiae
587 814 676 894 leges
693 833 791 895 agere
807 815 926 877 valeat.

20 912 71 993 (b)
90 913 268 996 Colligitur
283 917 384 979 etiam
402 937 445 978 ex
468 915 610 980 Tnilent.
628 917 719 999 (sess.
738 917 875 992 XXIII,
892 937 962 980 can.
978 917 1013 998 4)
1028 939 1035 978 :
1058 917 1122 982 “Si

19 1017 96 1095 quis
108 1016 233 1080 dixerit
245 1037 304 1099 per
313 1039 440 1081 sacram
454 1019 699 1082 ordinationem
711 1039 777 1082 non
788 1020 859 1082 dari
872 1020 1038 1100 Spiritum
1048 1040 1123 1081 san-

18 1120 117 1193 cium,
134 1139 172 1180 ac
188 1120 328 1200 proinde
344 1120 464 1184 frustra
482 1122 669 1204 Episcopos
688 1121 797 1185 dicere
816 1145 823 1184 :
846 1121 1002 1204 “Accipe
1019 1121 1122 1203 Spiri·
1179 1155 1182 1160 ·

20 1231 94 1282 turn
112 1221 155 1296 S,
170 1231 229 1284 aut
252 1242 311 1303 per
335 1242 407 1285 earn
433 1243 498 1285 non
524 1224 669 1305 imprimi
693 1221 917 1286 characierem
931 1274 937 1286 .
951 1273 958 1287 .
970 1274 976 1286 .
990 1223 1032 1287 A.
1051 1223 1123 1301 S.’';

21 1345 90 1386 vox
107 1326 196 1386 enim
214 1325 358 1406 Spiritus
375 1325 407 1390 S.
425 1327 567 1408 gratiam
585 1328 790 1391 habitualem
806 1329 967 1410 designat.

20 1427 70 1508 (c)
87 1427 190 1490 Ratio
212 1428 252 1491 id
270 1429 436 1492 corruenire
456 1431 674 1494 demonstrat.
722 1432 785 1494 Dei
809 1431 899 1494 enim
923 1451 1024 1512 opera
1046 1440 1124 1492 sunt

20 1528 179 1611 perfecta,
191 1541 225 1593 et
241 1532 317 1594 ideo
333 1533 531 1614 cuicumque
546 1535 646 1598 datur
661 1536 813 1616 potentia
829 1535 941 1616 aliqua
956 1532 1124 1607 divinitus

20 1635 146 1697 dantur
157 1635 259 1696 etiarn
273 1635 384 1697 media
400 1637 520 1716 quibus
533 1639 689 1700 executio
705 1638 791 1701 illius
808 1639 967 1720 potentiae
979 1656 1125 1718 congrue

21 1735 91 1798 fieri
106 1737 221 1816 possit,
233 1748 271 1800 ut
283 1747 377 1819 patet
389 1739 490 1801 etiam
504 1739 536 1800 in
551 1739 648 1802 rebus
662 1741 869 1804 naturalibus
883 1763 890 1818 ;
913 1741 1005 1821 atqui
1018 1739 1125 1821 gratia

21 1850 156 1920 gratum
174 1840 299 1904 faciens
316 1844 501 1904 necessaria
517 1853 568 1904 est
585 1861 650 1904 non
668 1842 776 1905 solum
793 1853 830 1906 ut
847 1841 949 1905 homo
961 1843 1062 1924 digne
1074 1861 1124 1903 sa-

22 1953 195 2006 cramenta
211 1945 379 2026 suscipiat,
392 1946 450 2006 sed
468 1946 570 2007 etiam
584 1955 619 2007 ut
635 1946 738 2026 digne
750 1966 789 2008 ea
805 1945 984 2027 dispenset.
1027 1945 1125 2006 Hanc

22 2057 137 2108 autern
150 2047 292 2127 gratiam
306 2047 534 2109 abundantem
548 2067 620 2110 esse
636 2047 732 2110 facile
746 2049 906 2129 probatur
921 2069 929 2124 ;
951 2048 1059 2129 gratia
1075 2067 1125 2108 sa-

22 2149 236 2210 cramentalis
247 2151 516 2231 proportionetur
527 2151 719 2213 muneribus
731 2160 764 2213 et
774 2150 1125 2232 obligationibusquae

23 2253 55 2312 in
85 2253 302 2314 sacramentis
330 2254 568 2334 imponuntur;
601 2253 693 2332 atqui
719 2254 761 2315 ad
788 2253 942 2316 idoneam
971 2253 1124 2315 ordinum

23 2355 269 2429 executionem,
286 2375 351 2417 non
369 2354 489 2418 sufficit
513 2354 645 2418 bonitas
661 2355 922 2438 qualiscumque,
938 2356 996 2417 sed
1019 2355 1122 2435 requi·

24 2459 104 2518 ritur
131 2457 263 2519 bonitas
290 2457 468 2533 excellens,
492 2468 529 2520 ut
556 2459 641 2520 sicut
668 2459 725 2540 qui
753 2459 904 2521 ordinem
932 2459 1125 2540 suscipiunt,

24 2579 126 2641 super
141 2559 271 2641 plebem
287 2561 536 2623 constituuntur
551 2562 656 2642 gradu
674 2563 808 2638 ordinis
825 2563 872 2624 ita
888 2572 921 2624 et
942 2561 1127 2644 superiores

24 2664 92 2725 sint
117 2663 236 2726 merito
252 2661 463 2740 sanctitatis,
487 2685 566 2746 ergo
589 2665 696 2746 gratia
720 2685 778 2746 per
794 2665 1039 2728 ordinationem
1062 2663 1128 2726 col-

25 2766 94 2827 lata
111 2766 287 2828 abundans
304 2787 375 2829 esse
388 2767 496 2831 debet.
542 2767 599 2848 (Sl
611 2769 728 2846 Titum,
742 2789 771 2850 q.
786 2786 803 2848 3
809 2783 835 2848 5,
848 2790 875 2831 a.
894 2770 931 2849 1).

68 2879 119 2947 27.
168 2867 356 2932 Corollaria.
404 2871 452 2950 (a)
476 2871 530 2932 Ex
554 2870 675 2951 quibus
699 2872 898 2934 concludere
923 2871 999 2933 licet
1022 2889 1127 2931 sacer-

26 2973 133 3046 dotes,
149 2981 218 3033 tum
235 2972 364 3033 ratione
380 2973 514 3046 ordinis,
527 2984 598 3035 tum
616 2974 744 3036 ratione
761 2993 847 3036 curre
864 2974 1049 3035 animarum
1066 2971 1128 3033 sibi

25 3075 293 3150 commissarum,
320 3075 363 3136 ad
392 3075 576 3136 maxImam
608 3073 845 3155 perlectionem
872 3074 1124 3157 adipiscendam

25 3177 141 3240 teneri.
180 3178 287 3258 Juxta
299 3177 334 3240 S.
351 3177 507 3239 Tlromam
524 3177 566 3258 (2.
579 3193 606 3239 2.
617 3197 647 3257 q.
663 3179 731 3254 184,
745 3197 772 3239 a.
787 3181 865 3257 5-8),
876 3178 1035 3258 Episcopi
1052 3185 1129 3238 sunt

25 3283 59 3342 in
83 3291 174 3342 statu
190 3281 407 3362 perfectionis,
423 3292 457 3343 et
480 3282 560 3344 dum
585 3281 752 3362 pastorale
775 3291 951 3344 assumunt
974 3279 1129 3354 officium,

24 3383 178 3463 obligant
200 3403 236 3445 se
252 3383 294 3445 ad
312 3403 351 3444 ea
366 3403 442 3464 quae
459 3393 536 3446 sunt
558 3381 771 3464 perfectionis
787 3407 794 3463 ;
818 3386 886 3447 imo
903 3386 944 3447 ad
968 3383 1129 3463 majorem

27 3483 265 3566 perfectionem
279 3486 470 3568 obligantur
482 3505 582 3567 quam
597 3487 658 3568 ipsi
671 3487 929 3570 religiosi,quum
942 3507 1007 3549 non
1021 3487 1128 3548 solum

27 3587 175 3670 perlecti,
191 3591 249 3653 sed
274 3590 374 3653 etiam
399 3590 539 3652 aliorum
564 3588 763 3671 perfectores
780 3613 852 3656 esse
867 3592 1020 3654 debeant.
1068 3589 1128 3653 Sa·

27 3693 181 3756 cerdotes
204 3703 326 3770 autem,
341 3713 455 3757 curam
479 3695 665 3757 animarum
688 3695 858 3770 habentes,
884 3696 959 3757 licet
982 3695 1014 3755 in
1038 3702 1127 3755 statu

27 3794 241 3878 perfectionis
254 3817 320 3858 non
334 3797 408 3871 sint,
422 3797 585 3877 dignitate
598 3798 792 3878 praecellunt
805 3799 983 3878 religiosos,
993 3798 1049 3877 qui
1062 3815 1127 3857 non

26 3900 155 3962 habent
178 3902 329 3963 ordinem
353 3921 495 3976 sacrum,
511 3911 545 3962 et
569 3901 648 3982 ipsis
671 3899 853 3963 sanctiores
870 3921 941 3962 esse
965 3908 1128 3972 tenentur,

28 4004 140 4082 “quia,
150 4003 197 4064 ait
215 4002 247 4066 S.
262 4002 389 4067 Docior
401 4005 442 4085 (a.
455 4006 497 4084 8),
510 4025 568 4086 per
580 4025 710 4067 sacrum
723 4005 873 4067 ordinem
890 4003 1009 4085 aliquis
1026 4005 1127 4082 depu-

28 4115 120 4167 tatur
136 4108 178 4169 ad
195 4108 391 4188 dignissima
408 4107 599 4184 mInisteria,
615 4108 736 4189 quibus
759 4109 819 4190 ipsi
837 4107 969 4172 Christo
990 4106 1129 4168 servitur

29 4211 63 4270 ln
87 4220 297 4276 sacramento
318 4211 453 4288 altaris;
477 4213 518 4274 ad
541 4213 629 4292 quod
655 4213 838 4293 requiritur
852 4213 959 4293 incisor
972 4210 1129 4272 senilitas

30 4311 178 4394 interior,
205 4337 304 4396 quam
332 4315 478 4396 requirat
503 4317 601 4379 etiam
629 4315 796 4395 religionis
821 4324 979 4376 status...
1027 4312 1129 4376 Unde
