2738 4646
255 163 333 226 ³20*
721 175 859 227 cneus
877 176 902 225 1.

255 362 320 417 net.
366 352 481 435 Atqui,
498 352 530 416 in
547 375 626 418 casu
642 366 765 432 nostro,
781 357 877 438 panis
894 376 1002 438 neque
1018 377 1061 419 ex
1079 357 1201 419 natura
1215 359 1277 430 sua,
1291 375 1334 416 ne-

254 476 318 537 que
333 476 377 519 ex
394 478 455 519 usu
471 457 622 538 loquendi
634 469 691 522 aut
703 459 830 540 proevid
843 461 1014 523 monitione
1024 460 1089 522 dici
1102 468 1213 541 potest
1223 459 1335 539 signum

254 562 400 643 corporis
425 561 568 639 Christi;
595 563 668 642 quis
694 562 792 637 enim,
819 564 914 644 panis
941 562 1117 626 frustulum
1142 560 1337 634 ostendendo,

254 662 364 736 dicere
383 663 540 726 auderet:
565 662 617 726 hic
640 673 691 726 est
715 664 818 740 Plato,
842 664 895 727 hic
916 675 967 728 est
990 665 1167 730 Socrates?
1212 663 1337 728 Aliunde

255 765 362 830 nullus
380 765 561 848 Scripturae
578 776 692 830 textus
708 767 752 829 ab
767 766 930 831 haereticis
950 768 1088 831 inveniri
1104 769 1215 850 potuit
1230 788 1271 830 ex
1285 787 1338 848 qun

254 867 450 931 concludere
468 869 564 932 liceat
580 889 702 951 panem
719 890 866 951 unquam
884 871 983 934 luisse
998 872 1146 953 corporis
1161 871 1292 950 humani
1306 869 1337 930 si-

254 992 356 1053 gnum
367 993 375 1050 ;
399 974 536 1036 tandem
560 972 720 1048 Christus,
737 983 917 1054 antequam
939 973 1040 1034 verba
1060 977 1076 1003 “
1091 971 1163 1034 Hoc
1181 981 1227 1034 cst
1247 981 1339 1050 corpus

254 1097 360 1139 mcum
371 1075 387 1103 ¹'
403 1076 572 1158 proferret,
588 1075 783 1139 nullomodo
798 1073 922 1138 directe
938 1082 996 1136 aut
1011 1071 1173 1136 indirecte
1188 1071 1339 1154 apostolos

247 1181 386 1245 monuit
401 1202 437 1243 se
453 1183 484 1244 in
503 1179 609 1262 ligura
625 1181 810 1244 locuturum
827 1201 908 1256 esse,
924 1189 983 1244 aut
994 1179 1196 1260 ¹parabolam
1213 1178 1339 1258 explica-

256 1295 375 1348 turum.
422 1283 513 1365 Ergo
529 1283 586 1345 illa
600 1285 701 1347 verba
717 1283 943 1366 metaphorice
959 1282 1098 1364 intelligi
1116 1292 1287 1363 nequeunt.

298 1400 345 1464 19.
393 1399 429 1449 20
446 1387 502 1449 Ex
518 1396 688 1449 contextu:
703 1406 780 1449 nam
800 1385 952 1450 Christus
966 1385 1067 1449 veluti
1083 1384 1257 1465 cambatico
1270 1381 1339 1445 affir-

253 1498 323 1552 mat
336 1489 398 1552 hoc
411 1489 501 1570 quod
519 1489 621 1551 tradit
636 1490 807 1571 discipulis
822 1509 895 1551 esse
910 1488 1016 1568 ipsum
1031 1499 1145 1568 corpus
1158 1507 1262 1562 suum,
1274 1485 1338 1548 illud

255 1590 363 1672 ipsum
379 1611 499 1672 corpus
516 1589 605 1671 quod
622 1612 683 1673 pro
699 1591 763 1653 illis
779 1593 935 1663 tradetur,
945 1609 1017 1652 esse
1029 1590 1138 1671 ipsum
1151 1589 1340 1679 sanguinem,

253 1693 311 1775 qui
328 1713 388 1774 pro
403 1693 450 1754 eis
466 1691 674 1757 effundetur:
697 1693 768 1756 haec
781 1703 831 1757 est
843 1693 930 1755 enim
945 1693 994 1754 vis
1006 1692 1135 1754 articuli
1148 1695 1165 1724 ‘⁶
1175 1687 1208 1754 τὸ
1219 1692 1244 1767 ”,
1255 1690 1303 1771 qui
1315 1689 1338 1748 in

255 1806 351 1860 textu
367 1815 478 1876 graeco
493 1797 615 1878 saepius
638 1797 804 1877 repetitur,
821 1807 858 1858 ut
881 1795 1026 1858 fatentur
1046 1795 1109 1877 ips'i
1130 1795 1338 1857 Protestantes

255 1919 330 1962 cum
357 1897 502 1962 clarkes
550 1898 654 1980 Atqui
678 1899 754 1961 talis
777 1897 934 1979 loquendi
959 1897 1078 1960 modus
1099 1915 1234 1960 sensum
1254 1905 1339 1958 meta·

255 2001 427 2082 phoricum
440 2001 608 2078 excludit;
625 2001 651 2063 si
664 2002 738 2082 quis
748 2001 836 2062 enim
849 1998 1042 2062 exhibendo
1052 2007 1197 2063 veterem
1211 1997 1338 2060 codicem

257 2104 519 2186 manuscriptum
550 2104 699 2166 diceret:
736 2102 834 2164 “Hic
864 2111 914 2165 est
944 2103 1054 2164 codex
1087 2121 1229 2164 summae
1257 2096 1339 2162 theol.

256 2207 289 2270 S.
306 2207 457 2282 Thomae,
473 2207 537 2288 ipse
552 2207 660 2268 codex
677 2205 729 2268 cui
745 2204 912 2270 commisit
928 2200 1053 2266 fruetus
1069 2223 1204 2266 suarum
1222 2201 1339 2264 medita·

255 2311 395 2384 tionum,
410 2310 475 2390 ipse
493 2309 602 2372 codex
623 2329 723 2390 super
746 2327 846 2390 quem
871 2304 1054 2368 laborando
1078 2306 1252 2379 insudavit,
1265 2300 1339 2366 etc.'¹

255 2423 343 2476 certe
356 2413 593 2494 intelligeretur
603 2411 789 2475 litteraliter
804 2412 847 2473 de
862 2409 1009 2490 genuino
1025 2410 1139 2472 codice
1152 2430 1171 2472 a
1184 2408 1217 2474 S.
1228 2407 1340 2470 Thomrl

254 2516 386 2595 scripto,
403 2534 470 2576 non
486 2524 597 2577 autern
615 2516 657 2576 de
674 2519 764 2578 mera
781 2514 1047 2596 transcriptione,
1064 2533 1121 2576 seu
1146 2519 1340 2594 repraesenta-

255 2617 346 2680 tione
360 2616 509 2697 ejusdem
525 2617 656 2678 codicis.
703 2616 802 2698 Ergo.

255 2747 259 2752 ·
298 2701 359 2786 zos
395 2731 431 2798 3⁰
448 2717 502 2779 Ex
519 2719 684 2800 acphnliis
700 2737 915 2798 personarum
931 2727 965 2781 et
980 2718 1315 2781 circumstantiarum:

299 2821 356 2902 (A)
377 2821 533 2913 Apostoli,
549 2821 669 2903 quibus
693 2821 845 2886 Christus
869 2820 1073 2902 loquebatur,
1092 2829 1187 2884 erant
1209 2819 1340 2883 homines

257 2925 434 3008 simplices,
457 2927 500 2988 ab
527 2924 857 3006 interpretationibus
881 2923 1116 3005 metaphoricis
1139 2923 1247 3000 alieni,
1265 2917 1340 3004 proni

257 3029 298 3090 ad
321 3029 606 3110 interpretandum
627 3027 813 3090 litteraliter
833 3027 934 3089 etiam
957 3021 1141 3089 locutiones
1163 3015 1341 3107 metaphori-

257 3143 357 3208 cas²;
384 3133 525 3213 insuper,
542 3129 774 3193 miraculorum
791 3140 902 3208 testes,
917 3139 950 3196 et
967 3129 1090 3194 Christi
1106 3127 1341 3211 omnipotentia

257 3235 391 3312 conscii,
412 3235 518 3315 parati
537 3244 632 3297 erant
653 3233 929 3296 affirmationibus
951 3233 1115 3314 Magistri,
1135 3233 1236 3296 etiam
1260 3239 1340 3310 captu

258 3337 447 3400 difficilibus
467 3337 650 3417 simplicem
675 3337 776 3400 iidem
796 3337 960 3412 adhibere,
978 3337 1039 3398 rati
1055 3336 1145 3418 apud
1164 3335 1271 3398 Deum
1285 3351 1340 3396 om·

259 3442 313 3503 nia
328 3439 497 3522 possibilia
513 3451 628 3519 esse³;
648 3439 734 3502 hanc
750 3439 826 3502 fidei
842 3439 1091 3521 simplicitatem
1108 3438 1273 3501 Dominus
1287 3437 1341 3518 ipse

260 3545 429 3626 exigebat,
460 3543 541 3606 nihil
573 3544 679 3626 magis
716 3545 925 3626 reprobando
961 3562 1062 3624 quam
1096 3539 1364 3620 incredulitatem,

258 3667 393 3724 eorum;
416 3646 553 3708 tandem
576 3664 633 3726 per
652 3665 839 3708 sermonem
864 3647 897 3707 in
919 3647 1029 3726 capite
1044 3654 1144 3707 sexto
1159 3643 1292 3727 Joannis
1305 3659 1338 3704 re·
1363 3635 1364 3712 l

260 3752 371 3826 latum,
387 3749 540 3832 dispositi
557 3748 687 3811 fuerant
706 3748 748 3811 ad
768 3747 1013 3810 admittendam
1035 3747 1156 3809 realem
1182 3745 1338 3809 manduca·

254 3955 256 3960 ·
295 3932 303 3964 ¹
316 3931 399 4001 Apud
414 3932 565 3995 Wiseman,
579 3947 622 3998 op.
638 3929 684 3984 cit.
700 3928 764 3983 lect.
782 3932 832 3987 Vl.
847 3945 853 3984 ε
873 3929 1002 3984 “Omnis
1017 3929 1075 3983 iere
1089 3927 1198 3998 syllaba
1209 3925 1285 3995 graeci
1297 3935 1338 3976 tex·

261 4017 314 4084 ros,
337 4017 493 4088 praesertim
513 4016 620 4069 articuli
642 4015 779 4084 repetitio,
793 4016 909 4070 omnmo
927 4014 1089 4080 emphatica
1105 4016 1178 4070 est”.
1214 4015 1305 4068 Revera
1319 4007 1337 4058 in

261 4113 338 4157 textu
350 4117 444 4168 graeco
457 4102 519 4154 haec
536 4102 676 4154 habentur
689 4121 695 4156 :
712 4097 792 4152 τοῦτό
806 4097 914 4153 ἐστιντὸ
929 4103 1006 4166 σῶμα
1021 4117 1073 4165 μου
1084 4097 1116 4152 τὸ
1129 4096 1196 4168 ὑπέρ
1208 4097 1277 4164 ὑμῶν
1288 4089 1337 4146 atl-

263 4203 370 4252 μενον...
384 4201 416 4236 το
429 4183 494 4248 αἷμα
509 4202 560 4248 μου
571 4181 602 4235 τό
615 4182 680 4252 ὑπὲρ
694 4187 768 4249 ῦμων
782 4180 982 4253 ἐκχυννόμενον.

298 4267 407 4321 2Mau.
423 4269 502 4332 XVI,
520 4282 559 4321 11.
572 4297 606 4306 ·-
618 4267 628 4298 ⁸
642 4269 727 4321 Mart.
745 4269 826 4330 XIX,
843 4270 884 4322 26.
