2738 4646
308 513 840 722 prolegomena.
911 563 914 570 ‘

136 1263 175 1341 1⁰
202 1261 495 1362 objectum,
524 1259 726 1340 utilitas
755 1262 808 1338 et
835 1253 1025 1337 divisio

431 1381 721 1459 Tractatus.
896 1405 897 1410 Ν

76 1603 131 1684 (A)
144 1604 182 1666 ln'
192 1605 348 1685 praesenti
359 1600 517 1666 Tradtatu
529 1602 687 1665 disserere
698 1602 902 1666 intendimus
912 1603 954 1666 de
965 1602 1021 1664 illo
1032 1600 1129 1662 mira-

40 1705 87 1766 bili
97 1706 441 1787 dono,quod·vocatur
451 1705 661 1768 Eucharistia
671 1705 742 1784 (seu
757 1706 854 1782 bona,
863 1708 991 1788 optima
1001 1704 1132 1786 gratia),

41 1819 68 1870 et
82 1821 129 1872 est
143 1811 241 1873 simul
254 1819 498 1873 sacramentum
516 1819 549 1872 et
562 1807 756 1872 sacrificium
771 1832 778 1886 ;
792 1819 1040 1882 sacramentum,
1050 1827 1131 1888 qua·

41 1923 126 1976 tenus
142 1916 284 1996 gratiam
301 1915 451 1977 continet
467 1923 501 1977 et
517 1904 669 1996 producit
684 1933 723 1974 ex
736 1923 825 1993 opere
839 1922 964 1994 operato
977 1910 1131 1991 ,··sacrr'fi-

41 2016 123 2090 cium,
137 2027 301 2098 quatenus
317 2016 481 2093 ChristuS,
497 2019 529 2079 in
547 2037 587 2080 eo
602 2037 748 2098 praesens
767 2017 829 2079 sub
843 2015 1021 2098 'speciebus
1036 2015 1132 2096 panis

42 2128 69 2177 et
83 2119 155 2193 vini,
169 2139 245 2181 vere
261 2118 459 2181 immolatur.
506 2120 545 2181 In
567 2119 621 2181 Tr.
637 2119 675 2180 de
689 2119 858 2200 Baptrkmo
880 2119 1028 2180 diximus
1050 2136 1131 2197 quo-

43 2222 133 2283 modo
149 2221 328 2285 Christiani
343 2221 559 2303 spiritualiter
574 2231 789 2285 renascantur
802 2243 809 2299 3
833 2224 865 2283 in
887 2223 941 2284 Tr.
953 2222 991 2284 dc
1009 2220 1133 2302 Confir-

44 2327 170 2386 nrntione
183 2326 353 2405 quomodo
366 2326 398 2386 in
412 2327 480 2388 vita
493 2327 655 2407 spirituali
668 2326 864 2388 roborentur
877 2347 884 2401 ;
908 2333 1057 2388 remanet
1073 2324 1132 2403 igi·

44 2433 89 2488 tur
109 2429 345 2510 exponendum
371 2431 542 2510 quomodo
565 2450 622 2511 per
645 2439 890 2492 sacramentum
916 2428 1133 2490 Eucharistiae

45 2531 245 2610 spiritualiter
261 2535 456 2608 nutriantur,
468 2543 510 2609 et,
526 2535 604 2614 quia
619 2531 771 2596 dodirina
785 2534 828 2598 de
844 2532 1003 2596 sacrificio
1013 2515 1133 2593 Missae

45 2631 150 2697 intime
165 2657 240 2698 cum
257 2633 408 2698 dostrina
432 2637 473 2699 de
496 2646 706 2699 sacramento
728 2637 947 2699 Eucharistiae
967 2633 1133 2698 connecti·

45 2743 98 2812 tur,
112 2739 142 2800 in
160 2741 277 2803 eodem
295 2737 455 2803 Tractatu
472 2751 647 2820 utramque
663 2739 924 2822 compleffimur.

81 2857 107 2907 2.
153 2837 219 2926 (Β)
244 2843 378 2906 Utilitas
400 2843 550 2924 ejusdem
575 2843 670 2906 sacile
693 2844 905 2924 agnoscitur:
930 2847 978 2921 (a)
998 2843 1024 2902 si
1045 2841 1134 2903 enirn

47 2943 174 3006 multum
190 2947 294 3027 prosit
311 2948 459 3026 apprime
476 2966 675 3028 cognoscere
691 2967 730 3008 ea
746 2946 859 3007 omnia
874 2965 949 3026 quae
966 2945 1008 3007 ad
1026 2965 1133 3006 sacra·

47 3057 146 3110 menta
172 3049 364 3126 referuntur,
391 3051 557 3132 singulare
582 3051 689 3132 exigit
715 3050 862 3112 studium
889 3059 1133 3111 sacramentum

49 3143 251 3215 Eucharistiae
268 3153 359 3234 quod
376 3162 426 3215 est
442 3154 528 3216 inter
543 3163 652 3216 cetera
668 3153 910 3214 nobilissimum
925 3176 932 3232 ;
956 3172 1033 3214 nam
1050 3153 1082 3214 in
1100 3172 1135 3214 se

47 3256 181 3318 continet
204 3276 270 3318 non
299 3255 406 3319 solum
430 3258 582 3338 gratiam,
607 3258 664 3318 sed
692 3257 808 3337 gratiae
835 3257 938 3337 ipsius
951 3257 1079 3335 flantem
1103 3267 1136 3319 et

49 3353 228 3431 rluc‘lorerm
256 3368 416 3440 praeterea
440 3369 490 3421 est
512 3359 615 3421 veluti
634 3369 777 3420 centrum
794 3361 835 3421 ad
853 3361 943 3440 quod
960 3369 1069 3420 cetera
1085 3379 1135 3420 sa-

48 3471 203 3523 cramenta
218 3461 411 3536 reseruntur,
428 3463 483 3538 ita,
498 3483 528 3526 v.
544 3478 572 3542 g.
591 3461 685 3525 Ordo
701 3461 838 3525 refertur
857 3463 898 3523 ad
918 3461 1136 3524 Eucharistiae

49 3565 331 3640 consecrationem,
356 3565 549 3646 Baptismus
572 3575 605 3627 et
631 3566 830 3628 Paenitentia
853 3567 895 3627 ad
919 3564 1137 3627 Eucharistiae

49 3668 258 3746 receptionem
285 3669 490 3744 ordinantur,
515 3679 549 3731 et
575 3669 622 3730 sic
649 3670 690 3731 de
714 3671 832 3731 ceteris
847 3681 866 3730 1.
918 3667 969 3748 (b)
997 3669 1138 3749 Insuper

7 3851 8 3870 Χ
49 3783 135 3843 quum
154 3771 372 3834 Eucharistiae
388 3782 632 3834 sacramentum
650 3773 870 3835 necessarium
884 3772 926 3834 sit
939 3773 1137 3835 necessitate

49 3877 199 3956 praecepti,
216 3885 249 3938 et
265 3875 461 3938 sacrificium
481 3877 594 3938 Missae
617 3873 660 3940 sit
682 3876 785 3939 veluti
801 3887 950 3939 centrum
969 3878 1071 3939 totius
1087 3899 1135 3941 re-

51 3970 164 4052 ligionis
180 3991 312 4054 nostrae,
325 3980 473 4042 maxime
490 3979 629 4061 expedit
646 3989 682 4042 ut
699 3979 813 4044 fideles
828 3981 955 4060 optime
972 3981 1136 4044 instruan-

50 4081 93 4136 tur
106 4080 185 4144 circa
199 4102 238 4144 ea
253 4083 367 4146 omnia
383 4103 457 4164 quae
474 4084 515 4145 ad
534 4083 919 4165 utrumquereseruntur,
933 4083 1049 4146 melius
1066 4104 1137 4146 sese

52 4207 215 4228 Ἢ

80 4289 124 4346 ¹S.
143 4297 235 4350 Tkom.
252 4311 276 4366 3,
293 4315 319 4368 q.
334 4299 376 4367 65.
394 4315 417 4351 a.
433 4313 457 4366 3.
