2780 4646
244 165 305 215 102
541 209 544 214 .
684 164 824 215 CAPUT
841 163 882 214 11.

241 345 379 408 exclusa
398 347 505 427 gratia
526 356 561 409 et
582 348 727 422 caritate,
743 367 818 428 quae
842 348 873 408 in
895 346 1050 410 cordibus
1062 365 1176 408 eorum
1193 365 1253 426 per
1270 341 1338 424 Spi·
1372 363 1374 421 ς

243 447 341 510 ritum
362 446 514 512 sanftum
538 447 744 513 diffundatur
766 461 867 531 atque
890 451 954 512 illis
978 450 1145 524 inhaereat,
1162 459 1218 511 aut
1242 449 1338 510 etiarn

243 551 394 631 gratiam,
410 557 476 632 qua
490 552 719 632 justificamur,
735 575 807 616 esse
824 563 955 618 tanturn
978 554 1124 616 savorem
1144 553 1216 627 Dei,
1233 552 1275 614 A.
1293 551 1338 614 SJ'
1372 585 1374 645 ἐ

288 666 355 731 133
392 666 438 716 '1⁰
456 654 574 736 Script.
591 656 649 736 (A)
666 657 721 719 Ex
738 667 835 720 textu
854 657 885 721 S.
905 656 1017 719 Pauli:
1038 659 1056 688 '⁸‘
1071 657 1165 720 Sicut
1180 657 1268 718 enim
1286 674 1339 735 per
1372 689 1374 696 ,

243 753 502 820 inobedientiam
536 761 631 822 unius
662 759 805 824 hominis
836 771 1027 843 peccatores
1063 761 1234 823 constituti
1265 767 1339 819 sunt

245 857 365 921 multi:
396 861 442 922 ita
464 870 499 923 et
522 870 580 942 p‘er
606 865 703 926 unius
729 865 971 940 obeditionem,
991 864 1071 945 justi
1101 863 1339 926 constituentur

245 960 339 1023 multi
354 961 368 988 ”
383 974 403 1025 ¹.
440 965 552 1032 ,Unde
574 967 642 1028 sic:
666 987 710 1029 ex
727 969 903 1050 Apostolo,
919 971 1037 1032 eodem
1055 970 1156 1032 modo
1172 967 1337 1030 constitui-

245 1083 317 1129 mur
330 1064 410 1144 justi
427 1087 485 1149 per
502 1068 669 1132 Christum
695 1091 732 1133 ac
756 1073 928 1136 constituti
950 1092 1063 1135 sumus
1080 1082 1269 1153 peccatores
1285 1089 1338 1150 per

246 1166 434 1248 Adamum;
457 1173 548 1252 atqui
569 1193 629 1254 per
643 1174 816 1238 Adamum
833 1197 909 1240 vere
925 1187 958 1240 et
974 1177 1149 1239 intrinsece
1172 1173 1335 1237 constituti
1374 1203 1375 1207 =

244 1291 357 1334 sumus
369 1283 569 1359 peccatores,
581 1287 618 1339 ut
631 1298 674 1340 ex
688 1284 795 1359 graeca
808 1300 889 1341 voce
901 1278 1176 1349 κατασταθήσονται
1189 1287 1223 1339 et
1235 1278 1335 1338 Prote·
1374 1281 1375 1286 ’

245 1376 404 1438 stantium
429 1377 636 1442 confessione
659 1383 867 1465 colligitur²;
891 1402 970 1462 ergo
993 1401 1052 1462 per
1075 1380 1242 1443 Christum
1261 1377 1334 1458 justi

245 1478 420 1542 intrinsece
436 1483 676 1560 constituimur,
693 1508 733 1549 eo
758 1489 864 1570 magis
887 1487 965 1567 quia
983 1484 1016 1548 S.
1034 1483 1157 1546 Paulus
1175 1483 1256 1545 infra
1271 1482 1334 1562 (20)

246 1583 339 1645 addit
354 1585 505 1664 gratiam,
519 1589 584 1665 qua
594 1586 821 1666 justificamur,
832 1611 930 1672 super
941 1585 1098 1651 delictum
1115 1586 1333 1648 abundavisse.

289 1685 348 1767 (Β)
369 1688 453 1750 ltem
470 1690 610 1755 dicitur:
635 1692 783 1756 “Salvos
800 1714 860 1756 nos
878 1693 955 1755 fecit
971 1711 1028 1773 per
1040 1691 1206 1752 lavacrum
1221 1707 1333 1769 regene-

246 1790 390 1864 ratiom's,
403 1801 436 1853 et
449 1796 667 1858 renovationis
679 1795 822 1878 Spiritus
835 1794 951 1870 sanfti
960 1813 1059 1874 quem
1073 1791 1192 1854 effudit
1208 1794 1239 1853 in
1256 1811 1331 1852 nos...

246 1902 281 1956 ut
290 1893 461 1974 justificati
469 1897 585 1976 gratia
594 1900 705 1980 ipsius,
716 1901 842 1964 heredes
854 1901 956 1962 simus
968 1897 1150 1960 secundum
1163 1915 1254 1976 spem
1265 1895 1332 1956 vita

246 1997 405 2059 aeternae”
417 2009 439 2060 ³.
487 1999 523 2061 In
548 2001 603 2062 illo
626 2012 721 2065 tcxtu
744 2004 937 2085 justificatio
953 2002 1130 2065 exhibetur
1146 2001 1195 2062 uti
1211 2017 1332 2080 regene-

247 2100 331 2161 ratio
354 2110 387 2163 et
410 2104 589 2179 renovati0,
607 2105 673 2167 imo
697 2117 734 2169 ut
753 2106 871 2169 effusio
893 2105 1036 2188 Spiritus
1055 2101 1161 2166 saneti
1184 2104 1216 2164 in
1239 2103 1332 2164 nobis.

246 2202 352 2283 Atqui
369 2207 575 2285 regeneratio
591 2216 624 2268 et
640 2209 811 2271 renovatio
828 2210 991 2272 internam
1008 2207 1331 2271 communicationem

247 2305 385 2386 alicujus
401 2307 476 2370 vitae
492 2308 671 2388 spiritualis
688 2311 886 2392 important;
910 2310 994 2372 sicut
1010 2311 1097 2371 enim
1111 2310 1278 2391 generatio
1290 2317 1332 2369 est

246 2409 323 2470 vitae
339 2411 606 2486 communicatio,
622 2413 668 2474 ita
684 2416 888 2496 regeneratio
912 2425 962 2476 est
986 2434 1081 2475 novae
1103 2415 1181 2478 vitae
1198 2432 1333 2476 commu·

248 2509 393 2585 nicatio;
416 2520 449 2574 et
465 2513 550 2574 sicut
567 2513 599 2574 in
617 2516 684 2576 vita
702 2517 842 2580 naturali
867 2537 1065 2579 renovamur
1080 2537 1138 2598 per
1153 2517 1268 2579 virium
1284 2515 1332 2576 ad·

247 2613 415 2684 ditionem,
430 2613 475 2674 ita
487 2614 520 2676 in
534 2615 601 2677 vita
614 2619 774 2697 spirituali
793 2639 987 2681 renovamur
1003 2639 1061 2700 per
1077 2620 1215 2681 internae
1231 2618 1332 2700 gratia

248 2717 509 2794 incrementum;
533 2719 666 2784 aliunde
689 2722 807 2785 effusio
832 2724 974 2805 Spiritus
998 2720 1102 2786 sanfti
1123 2725 1278 2806 supponit
1293 2731 1331 2783 ta·

248 2821 313 2883 lem
330 2823 666 2886 communicationem
686 2826 766 2887 nihil
783 2827 870 2888 aliud
890 2847 962 2889 esse
979 2826 1040 2888 nisi
1059 2826 1255 2890 infusionem
1271 2845 1332 2906 gra·
1375 2809 1376 2878 l

248 2923 303 2985 tiae
327 2921 585 3002 modificantis
612 2938 645 2988 et
670 2927 852 3009 Apostolus
876 2931 991 2992 addit:
1015 2928 1213 3010 “justificati
1231 2925 1333 3011 gratiri

248 3027 350 3107 ipsius
362 3027 387 3100 '’,
411 3037 447 3089 ut
470 3047 514 3088 ex
538 3028 600 3090 hoc
624 3041 783 3112 appareat
807 3053 867 3094 nos
892 3053 949 3114 per
973 3034 1112 3113 gratiam
1138 3035 1169 3096 in
1194 3031 1334 3095 cordibus

248 3129 368 3192 nostris
384 3127 540 3191 diffusam
553 3131 727 3213 justificari
742 3157 748 3212 ;
772 3137 861 3217 quod
879 3135 1093 3198 confirmatur
1107 3155 1188 3199 voce
1204 3133 1334 3203 heredia·

282 3305 290 3336 ¹
304 3305 384 3356 Rom.
400 3301 435 3366 V,
455 3317 494 3372 19.

282 3387 292 3418 ²
307 3391 378 3443 Haec
391 3389 466 3442 enim
481 3390 566 3444 habet
579 3393 617 3445 D.
634 3393 742 3461 Alsoia'
753 3395 859 3460 (Greek
873 3395 965 3463 Test.)
980 3395 1007 3446 in
1021 3395 1096 3447 hunc
1109 3395 1201 3447 locum
1215 3414 1220 3448 :
1241 3396 1255 3420 ‘¹
1267 3390 1335 3446 llulti

245 3477 316 3544 salii
324 3487 388 3530 sunt
402 3489 564 3544 peccatores
579 3495 633 3530 non
649 3481 739 3534 solum
754 3492 783 3533 ut
797 3482 867 3534 tales
878 3481 976 3550 habiti,
989 3481 1033 3535 vel
1044 3491 1072 3534 ut
1084 3482 1154 3535 tales
1165 3480 1336 3551 imputatione

248 3565 407 3618 existentes.
424 3565 547 3630 (Dicitur
559 3565 676 3631 etianr):
696 3568 775 3620 multi
782 3568 857 3635 fient
865 3569 932 3637 justi
952 3585 1008 3620 non
1029 3586 1077 3637 per
1091 3567 1248 3638 simplicem
1262 3568 1336 3636 impu-

246 3651 384 3704 tationem
398 3649 469 3703 sicut
488 3651 516 3703 in
536 3653 670 3718 superiori
684 3669 760 3720 casu,
778 3655 828 3708 sed
848 3657 964 3707 realiter
979 3661 1007 3707 et
1023 3656 1174 3710 radicaliter
1191 3657 1258 3710 fient
1273 3651 1337 3724 justi,

249 3737 349 3789 eodem
363 3735 449 3789 modo
465 3753 519 3803 quo
539 3736 620 3805 primi
640 3739 752 3792 realiter
771 3751 798 3793 et
817 3738 964 3794 atlualiter
983 3740 1049 3794 fafli
1070 3753 1134 3796 sunt
1154 3739 1335 3811 peccatoresl.

252 3823 331 3876 Idem
350 3833 546 3890 argumentum
566 3841 684 3878 nervose
704 3826 816 3894 exponit
835 3827 984 3892 Newmon,
1000 3827 1077 3883 tert.
1094 3829 1129 3882 V.
1145 3847 1181 3883 on
1200 3830 1336 3898 Justificat.

254 3909 377 3974 105-1063
397 3916 424 3959 et
439 3917 537 3975 postea
551 3908 630 3962 addit
653 3926 709 3962 non
729 3911 819 3963 solum
839 3912 1006 3965 vocabulum
1013 3913 1129 3980 justum
1142 3914 1179 3967 de
1192 3911 1337 3968 christianis

251 3991 396 4062 praedicari
411 3993 438 4045 in
454 3993 605 4062 Scriptura,
616 3997 666 4049 sed
680 3997 765 4050 etiam
779 3998 921 4051 multoties
935 4013 993 4052 rem
1004 3999 1103 4067 ipsam,
1112 4017 1161 4054 seu
1172 3999 1337 4056 sanititatem

250 4097 314 4133 vere
324 4079 485 4148 justificatis
499 4083 590 4135 tribui.
630 4085 713 4152 Quod
726 4086 826 4153 probat
837 4101 873 4138 ex
887 4086 973 4139 Hebr.
991 4087 1076 4152 Xlll,
1091 4100 1136 4152 τις
1156 4101 1171 4142 2
1187 4088 1250 4142 Cor.
1265 4087 1338 4151 lV,t:

251 4166 327 4234 Eph.
347 4167 369 4232 1,
383 4181 408 4230 4,
420 4165 449 4234 6;
468 4169 549 4220 Rom.
567 4170 650 4236 Vlll,
665 4183 698 4235 27
712 4171 768 4239 (op.
783 4172 827 4228 cit.
843 4190 869 4242 p.
889 4175 1021 4240 roo-108).

287 4253 297 4284 ³
314 4249 369 4306 Tit.
389 4253 446 4316 111,
462 4269 485 4322 5.
