2758 4652
236 191 301 243 608
659 191 716 246 DE
734 191 907 242 ORDINE.

235 379 368 458 gravius
390 387 514 457 peccat,
531 377 648 438 ceteris
670 375 813 457 paribuS,
829 376 965 438 clericus
987 377 1019 438 in
1043 377 1145 439 sacris
1160 378 1326 440 ordinibus

236 481 446 557 constitutus,
461 480 488 541 si
506 479 631 561 aliquid
649 481 850 542 contrarium
868 477 1037 542 sandtitati
1054 490 1143 560 agat,
1158 500 1259 561 quarn
1276 483 1327 543 ali·

235 585 309 666 quis
325 582 496 664 religiosus
512 582 568 662 qui
586 602 652 644 non
669 581 770 654 habet
786 583 936 646 ordinem
953 602 1082 646 sacrum
1093 585 1118 646 ”.

279 686 330 768 (b)
348 687 387 749 In
405 684 564 749 Ecclesiae
581 671 721 748 exordio
742 687 857 766 gratiae
878 688 981 767 gratis
997 688 1086 749 datae
1102 708 1193 768 saepe
1213 689 1331 770 saepius

235 810 362 853 sacram
380 789 623 855 ordinationem
641 788 932 864 comitabantur,ut
948 792 1073 853 donum
1092 791 1332 864 miraculorum,

235 895 360 957 donum
374 894 571 974 linguarum,
583 895 718 975 ‘spiritus
731 893 914 975 prophetiae
925 903 1034 968 etc.,ut
1043 913 1087 956 ex
1101 894 1184 956 libro
1194 894 1332 956 Adiuurn

235 1007 335 1079 patet
384 997 497 1060 Hodie
510 1015 583 1060 raro
595 997 786 1076 hujusmodi
802 997 973 1077 privilegia
985 999 1221 1071 conceduntur,
1232 1017 1332 1078 quum

235 1111 304 1164 tam
323 1101 507 1163 necessaria
525 1121 591 1162 non
609 1101 675 1162 sint
690 1121 697 1177 ;
721 1099 778 1161 sed
800 1100 923 1162 dantur
939 1111 1050 1164 tamen
1073 1101 1202 1164 auxilia
1217 1103 1333 1182 quibus

235 1205 378 1266 ordinati
395 1204 542 1265 scientiae
559 1204 804 1284 scripturarum,
818 1223 920 1265 sacrae
936 1201 1098 1266 dodtrinae
1115 1205 1334 1284 acquisitioni,

234 1317 267 1369 et
284 1328 391 1384 rerum
405 1307 627 1388 spiritualium
642 1307 922 1369 administrationi
940 1308 1047 1387 magis
1065 1307 1176 1370 idonei
1191 1305 1334 1370 effician-

234 1419 295 1486 tur,
311 1410 496 1472 dummodo
513 1419 624 1474 tamen
642 1408 758 1475 officiis
775 1410 836 1472 rite
851 1409 1015 1471 obeundis
1031 1409 1148 1472 sedulo
1164 1419 1199 1472 et
1215 1410 1335 1472 indesi-

234 1522 351 1574 nenter
367 1513 568 1575 incumbant.
616 1513 713 1576 Patet
729 1532 772 1574 ex
791 1512 943 1592 precibus
960 1512 1040 1592 ipsis
1056 1532 1132 1593 quae
1149 1512 1181 1573 in
1194 1511 1336 1594 Pontifi-

233 1615 298 1676 coli
311 1615 519 1696 reperiuntur
535 1635 596 1695 pro
612 1615 791 1677 collatione
808 1614 968 1696 cujusque
981 1615 1117 1693 ordinis,
1129 1623 1162 1679 et
1178 1635 1222 1677 ex
1241 1635 1336 1696 argu-

235 1727 349 1780 mento
366 1717 604 1780 convenientiae
618 1717 688 1797 jam
706 1738 806 1799 supra
822 1718 932 1782 allato

335 1907 421 1984 Art.
444 1905 497 1982 ΙΙ.
519 1905 582 1982 De
601 1905 768 2002 singulis
788 1904 994 1982 ordinibus
1014 1906 1055 1982 in
1075 1905 1238 2005 specie¹.

639 2084 665 2140 l.
689 2083 743 2141 De
765 2075 938 2143 tonsurd.

269 2228 309 2280 28.
351 2222 521 2280 1⁰Tonsura
534 2228 650 2276 nonest
664 2218 747 2288 orde,
754 2219 836 2288 iuxta
846 2237 1039 2278 communem
1053 2219 1265 2293 theologorum
1276 2241 1341 2280 sen·

235 2311 367 2375 tentiam,
378 2309 430 2367 sed
438 2307 651 2379 proambnlum
662 2306 699 2364 ad
710 2306 838 2376 ordines,
850 2317 879 2363 et
892 2305 1051 2366 delinitur:
1067 2310 1235 2366 carentonio
1245 2328 1337 2377 socru,

235 2399 271 2454 ab
289 2397 415 2454 Ecclesid
434 2395 578 2464 instituta,
594 2395 651 2466 qud
670 2393 719 2450 oir
736 2393 899 2464 baptr'zatus
917 2400 945 2448 et
960 2393 1157 2464 confirmatus,
1178 2397 1337 2467 specialiter

235 2485 298 2540 Deo
311 2483 427 2538 dicatur
437 2488 466 2538 et
476 2482 507 2538 in
518 2481 622 2536 cirrum
636 2479 817 2549 adscribitur,
835 2491 867 2534 nt
877 2498 905 2536 se
917 2480 960 2535 ad
968 2480 1082 2537 ordines
1093 2482 1238 2552 disponat.
1282 2487 1341 2541 An·

235 2571 308 2641 tiqui
322 2569 459 2626 nudiores
472 2577 504 2625 ut
519 2567 677 2638 Gregorius
689 2566 862 2622 Turonensis
874 2575 904 2624 et
917 2567 946 2623 S.
957 2567 1100 2633 isidorus,
1110 2570 1174 2640 ejus
1191 2570 1340 2642 originem

236 2658 263 2716 S.
271 2658 357 2714 Petro
365 2654 546 2724 adscribunt,
556 2655 629 2712 dum
638 2653 775 2711 nonnulli
785 2653 921 2711 moderni
931 2654 1026 2711 multo
1039 2655 1224 2726 probabilius
1236 2669 1341 2715 tenent

236 2762 301 2802 eam
313 2742 430 2800 nonnisi
444 2753 549 2814 quarto
560 2741 605 2798 vel
619 2742 725 2812 quinto
739 2740 848 2798 saeculo
858 2741 948 2799 fuisse
961 2741 1125 2800 institutam
1133 2752 1151 2800 ².
1193 2743 1341 2802 Rationes

236 2843 334 2892 autern
348 2849 400 2887 cur
412 2830 510 2902 capilli
529 2829 567 2886 ad
587 2847 706 2886 coronae
725 2828 855 2900 speciem
875 2838 905 2886 et
923 2829 1149 2887 similitudinem
1163 2832 1339 2903 tondentur.

236 2930 303 2978 sunt
317 2919 391 2977 utin
406 2917 579 2975 memoriam
594 2925 747 2974 revocetur
760 2934 955 2988 corona,quae
968 2935 1004 2974 ex
1017 2917 1109 2990 spinis
1123 2930 1268 2977 contextu
1282 2921 1339 2977 Sal-

236 3008 342 3065 vatoris
357 3007 446 3063 nostri
461 3005 550 3077 capiti
571 3005 625 3062 luit
645 3004 791 3076 imposita,
807 3004 846 3062 ad
863 3004 1073 3062 declarandum
1086 3004 1198 3075 regiam
1212 3005 1341 3077 dignita·

236 3107 295 3152 tem
303 3095 364 3164 qud
374 3093 470 3151 clerici
482 3101 632 3158 ornantur,
641 3101 671 3148 et
680 3091 719 3148 ad
730 3091 968 3162 significandum,
978 3109 1030 3163 per
1038 3090 1215 3164 capillorum
1224 3093 1340 3150 subtra-

236 3181 375 3248 dtionem,
388 3180 509 3237 clericos
525 3197 569 3235 res
584 3178 702 3234 inutiles
715 3187 744 3235 et
757 3177 923 3234 mundanas
937 3186 1130 3235 contemnere
1143 3178 1262 3237 debere
1272 3201 1289 3235 s

270 3385 279 3415 1
294 3370 325 3419 S.
344 3366 370 3417 Τ
367 3365 440 3417 hom.
458 3365 523 3432 Sup.
539 3380 585 3432 qq.
601 3377 642 3430 37,
653 3381 699 3433 40;
720 3364 841 3428 Brousis,
856 3379 928 3431 pars
941 3364 979 3429 ll,
993 3361 1060 3416 sest
1075 3379 1086 3415 1
1102 3380 1144 3431 sq.
1152 3381 1160 3432 ;
1184 3361 1341 3434 straturis,

236 3472 263 3524 q.
280 3453 336 3518 Vl;
354 3454 387 3506 de
400 3453 584 3520 Augustinis,
599 3469 625 3505 a.
642 3454 699 3521 3-6;
718 3447 827 3520 Eggcr‚
843 3467 870 3502 n.
887 3451 937 3522 625
952 3466 993 3520 sq.
1012 3449 1130 3504 Munera
1144 3460 1172 3505 et
1186 3451 1286 3504 officia
1298 3470 1343 3505 cu-

232 3540 348 3610 juslibet
361 3537 467 3592 ordinis
481 3538 526 3606 pic
540 3549 568 3592 et
581 3539 690 3592 erudite
703 3539 845 3606 descripta
859 3538 984 3592 invenies
997 3537 1072 3607 apud
1087 3539 1195 3592 Cateclr.
1210 3540 1239 3591 T
1235 3542 1342 3593 nitent.

237 3646 262 3698 p.
279 3629 319 3694 ll,
331 3628 367 3681 de
381 3625 498 3692 Ordine,
512 3643 537 3680 n.
554 3639 586 3690 27
601 3643 654 3696 sq.;
677 3628 763 3692 Olr'er,
776 3623 871 3678 Traitd
885 3626 935 3678 des
950 3625 1000 3678 SS.
1012 3624 1129 3688 Ordres;
1148 3627 1183 3678 de
1195 3627 1345 3696 Lanmgcs

239 3712 426 3768 Instrutlions
445 3713 694 3782 eccldsinstiques3
723 3714 841 3779 Bacuee,
862 3709 1047 3767 Instruftions
1066 3722 1093 3766 ct
1113 3710 1310 3767 Mdditations
1329 3717 1344 3766 'a

236 3805 341 3871 l’usage
354 3803 404 3855 des
419 3801 591 3855 Ordinands.

272 3897 281 3919 ¹
296 3891 337 3943 Ci.
352 3891 490 3954 Martene,
505 3907 548 3958 op.
564 3889 608 3942 cit.
624 3889 670 3942 lib.
687 3889 709 3955 1,
723 3905 745 3940 c.
761 3887 786 3952 8,
799 3905 822 3942 a.
837 3900 864 3952 73
886 3887 1024 3954 chariton,
1039 3903 1082 3956 op.
1098 3887 1154 3954 cit,
1167 3903 1212 3955 ap.
1228 3889 1344 3958 illrgnr,

238 3976 290 4028 vol.
301 3976 364 4040 XX,
374 3977 436 4042 796;
458 3976 604 4043 Gasparrr',
616 3993 641 4028 n.
654 3988 697 4044 37.
736 3977 873 4039 Tonsura,
887 3986 1023 4045 quatenus
1037 3974 1203 4042 capillorum
1217 3975 1345 4030 brevita-

240 4071 296 4113 tem
309 4061 451 4128 importat,
467 4063 607 4132 antiquior
620 4074 662 4116 est
676 4080 683 4130 ;
703 4062 762 4126 sed,
778 4071 915 4130 quatenus
934 4073 975 4116 est
995 4060 1107 4114 abrasio
1120 4061 1298 4130 capillorum
1319 4065 1346 4116 in

240 4145 343 4198 vertice
363 4147 462 4212 capitis
481 4147 518 4199 ad
536 4148 652 4201 modurn
672 4165 791 4214 coronae,
805 4147 926 4217 primum
939 4167 956 4204 a
968 4149 1114 4204 monachis
1134 4160 1277 4218 usurpata
1291 4163 1344 4204 est.

240 4231 342 4284 deinde
355 4249 372 4284 a
385 4233 566 4288 saecularibus
579 4235 689 4288 clericis
703 4236 777 4289 circa
791 4253 854 4289 saec.
866 4237 902 4292 V.

275 4324 285 4354 ³
301 4317 405 4370 Catech.
420 4319 497 4374 Rom.
514 4320 549 4374 de
564 4322 680 4384 Ordine,
696 4339 722 4376 n.
740 4339 781 4391 31.
