2770 4646
276 160 342 212 2⁴6
534 205 536 210 .
724 165 864 218 CAPUT
881 166 922 215 11.

274 343 365 426 Ergo
381 343 457 409 talis
472 346 573 410 debet
589 367 661 410 esse
677 349 746 412 vita
762 347 941 411 christiani.
986 345 1109 409 Merito
1126 343 1225 425 igitur
1241 341 1274 404 S.
1285 339 1348 401 Ber·

273 448 478 513 nardus-ait:
501 450 658 514 “Pudeat
674 453 737 514 sub
752 453 887 534 spinato
899 449 1007 530 capite
1024 447 1212 510 membrum
1228 441 1290 506 fieri
1303 442 1348 502 de-

273 549 408 614 licatum
420 554 444 615 ”.
492 551 610 634 (Serm.
623 575 644 617 v
660 556 692 617 in
710 554 781 619 sest.
794 555 945 618 omnium
957 551 1023 632 s.s.)

271 652 322 734 (b)
340 653 395 716 Ex
413 665 507 737 parte
522 656 684 719 hominis:
707 657 927 722 conveniebat
942 665 980 718 ut
995 654 1098 716 homo
1113 650 1258 716 vietoriae
1273 667 1347 710 coro

271 775 348 820 nam
363 767 551 833 mereretur,
562 768 743 841 antequam
756 760 847 822 illam
862 760 1044 840 acciperet;
1065 755 1159 838 atqui
1176 754 1240 816 illae
1253 769 1346 834 poena·

270 856 380 919 litates
407 858 533 922 homini
561 860 713 941 praebent
740 863 905 944 optimum
934 861 1081 924 medium
1108 868 1145 921 ut
1173 855 1284 938 possit,
1304 871 1347 933 per

270 959 375 1024 multa
381 963 578 1044 (certamina,
591 982 749 1026 coronam
763 964 878 1046 gloriae
892 963 1009 1026 mereri
1025 983 1032 1025 :
1055 961 1119 1024 “ld
1133 957 1224 1041 quod
1239 958 1269 1019 in
1282 973 1346 1037 prae·

268 1063 355 1124 senti
372 1073 423 1126 est
440 1075 712 1128 momentaneum
730 1077 763 1130 et
780 1067 850 1130 leve
867 1064 1089 1130 tribulationis
1107 1072 1255 1124 nostrae...
1272 1069 1346 1119 reter-

268 1182 347 1226 num
364 1164 479 1245 glorias
496 1168 628 1249 pondus
644 1178 800 1250 operatur
817 1169 848 1231 in
866 1167 962 1230 nobis
973 1166 988 1191 '³
1001 1179 1020 1228 ¹.
1067 1165 1167 1245 Ergo.

267 1265 314 1345 (c)
327 1267 383 1330 Ex
396 1280 491 1350 parte
501 1270 649 1334 Ecclesioe
660 1295 671 1334 :
688 1271 907 1334 conveniebat
921 1279 956 1332 ut
969 1269 1121 1331 homines
1133 1268 1167 1330 in
1181 1264 1345 1328 Ecclesiam

267 1370 436 1448 intrarent,
454 1375 732 1457 Baptismumque
748 1375 937 1455 acciperent
959 1382 1094 1453 propter
1110 1370 1237 1432 motiva
1253 1385 1345 1447 super·

266 1475 439 1551 naturalia,
452 1497 518 1540 non
535 1487 648 1540 autem
666 1488 801 1560 propter
814 1474 978 1539 naturalia
991 1496 998 1551 ;
1021 1474 1113 1554 atqui
1131 1473 1159 1534 si
1172 1471 1344 1553 Baptismus

265 1576 396 1642 tolleret
412 1580 490 1643 vitae
508 1581 730 1662 poenalitates,
747 1581 842 1644 multi
865 1581 906 1642 ad
930 1578 1022 1640 illum
1044 1584 1273 1638 concurrerent
1292 1588 1343 1632 non

265 1691 401 1761 propter
416 1685 558 1763 gratiam
576 1694 633 1747 aut
649 1683 790 1766 gloriam
807 1681 1035 1756 obtinendam,
1050 1679 1108 1741 sed
1130 1688 1167 1740 ut
1187 1677 1342 1739 liberaren-

265 1789 317 1843 tur
332 1782 376 1844 ab
392 1783 613 1850 incommodis
630 1789 758 1852 illarum
777 1788 1020 1870 poenalitatum.
1067 1783 1158 1863 Ergo
1168 1793 1189 1844 2.

302 1926 351 1991 ²⁶·
391 1947 429 2004 3⁶
447 1933 546 1992 Tlrcsis
559 1953 571 1987 :
596 1934 721 1998 Gratia
742 1931 1026 2010 sacramentalis,
1049 1947 1112 2008 per
1134 1925 1340 2006 Baptismum

262 2023 402 2103 collata,
420 2033 477 2092 est
491 2029 610 2108 gratia
625 2030 884 2109 regenerativa,
898 2047 980 2094 cum
990 2029 1071 2110 jure
1086 2027 1133 2091 ad
1147 2022 1341 2090 obtinendas

260 2121 399 2202 gratias
420 2127 586 2191 actuales
607 2145 671 2206 pro
695 2127 769 2191 vita
790 2127 987 2192 christiana
1008 2132 1105 2191 recte
1126 2119 1338 2188 instituenda

264 2223 386 2281 Certum
401 2232 447 2281 est.

306 2318 371 2405 (A)
387 2321 506 2401 Scn'pt.
553 2321 688 2384 Etenim
706 2341 764 2402 per
778 2322 988 2404 Baptismum
1002 2321 1206 2385 rcmzscimur
1215 2339 1256 2381 ex
1268 2317 1338 2396 aqui

260 2433 292 2486 et
308 2423 434 2505 Spiritu
449 2423 498 2487 S.³
514 2434 548 2486 et
564 2424 725 2488 efficimur
732 2426 807 2508 filii
817 2426 884 2488 Dei
898 2447 956 2509 per
972 2425 1100 2498 fideml,
1115 2425 1162 2488 ita
1179 2433 1216 2486 ut
1229 2418 1337 2500 Baptis-

261 2546 334 2587 mus
357 2535 494 2588 vocetur
517 2527 683 2591 lavacrum
708 2531 960 2611 regenerationis
981 2539 1016 2592 et
1039 2523 1260 2590 renovationis
1278 2519 1336 2600 spi·
1362 2549 1363 2619 i

260 2629 341 2691 ritus
366 2629 416 2693 S...
441 2639 478 2692 ut
498 2629 671 2710 justificati
696 2633 803 2712 gratia
827 2633 938 2712 ipsius,
955 2632 1091 2694 heredes
1115 2630 1226 2704 simus,
1241 2641 1335 2687 secun·

258 2733 338 2794 dum
356 2733 547 2815 spem,vitae
564 2734 769 2810 aeternae'’⁵;
793 2734 884 2814 atqui
902 2734 966 2796 illae
978 2733 1211 2815 expressiones
1223 2729 1335 2792 eviden-

259 2843 308 2895 ter
324 2832 505 2914 important
522 2853 582 2894 nos
604 2853 663 2914 per
679 2833 890 2914 Baptismum
915 2833 1121 2914 spiritualem
1146 2830 1334 2894 nativitatem

258 2935 413 3015 accipere.
460 2933 573 3016 Quum
591 2945 703 2998 autem
729 2935 785 2997 illa
810 2936 963 2998 nativitas
988 2935 1083 2996 nobis
1107 2935 1253 3015 imponat
1269 2926 1334 2992 obli·

258 3039 427 3116 gationem
451 3038 582 3099 vivendi
600 3037 779 3100 christiane
794 3047 828 3100 et
845 3039 877 3098 in
895 3039 1043 3100 novitate
1058 3037 1136 3099 vitae
1152 3028 1333 3098 ambulandi,

258 3148 342 3200 teste
360 3137 392 3200 S.
411 3139 519 3214 Paulo,
532 3138 660 3201 nullum
677 3141 816 3202 dubium
834 3149 885 3201 est
901 3139 979 3220 quin
998 3149 1148 3220 tempore
1165 3146 1333 3219 opportuno
1360 3217 1361 3257 ,

258 3237 353 3300 nobis
370 3238 491 3299 dentur
507 3239 623 3318 gratiae
639 3237 786 3302 actuales
803 3239 845 3300 ad
863 3239 1031 3302 Christum
1050 3239 1255 3301 imitandum.

300 3340 358 3420 (B)
376 3341 454 3403 Rat.
476 3341 506 3402 Τ
502 3341 577 3404 lreol.
625 3342 781 3405 Essentia
797 3343 1019 3423 generationis
1035 3351 1086 3403 est
1107 3350 1143 3403 ut
1164 3341 1221 3402 det
1239 3335 1332 3418 genit0

257 3446 399 3526 primum
414 3465 485 3506 esse
498 3455 531 3507 et
543 3447 653 3506 viuere
667 3469 673 3522 ;
695 3447 786 3528 atqui
802 3447 1001 3527 Baptismus
1015 3445 1165 3509 tollendo
1178 3451 1330 3526 peccatum

256 3547 415 3629 originale
427 3558 460 3609 et
474 3545 613 3622 actuale,
624 3551 832 3630 gratiamque
844 3550 984 3630 primam
999 3547 1214 3621 infundendo
1224 3567 1261 3608 eo
1274 3543 1331 3623 ipso
1359 3545 1360 3575 ¹

255 3653 313 3713 (lat
334 3651 429 3712 nobis
449 3652 592 3731 primum
610 3671 682 3713 esse
706 3660 739 3713 et
756 3653 864 3713 vivere
886 3651 918 3713 in
935 3650 1051 3713 ordine
1066 3649 1246 3732 spirituali;
1267 3661 1329 3722 ergo

255 3765 305 3814 cst
320 3773 395 3814 vere
411 3761 651 3814 sacramentum
669 3754 937 3834 regenerationis.

299 3854 405 3936 Quam
418 3855 552 3935 quidem
566 3855 707 3934 gratiam
721 3857 923 3918 comitantur
933 3855 1070 3917 virtutes
1084 3853 1199 3916 infusae
1210 3871 1245 3914 ac
1257 3851 1328 3910 dona

257 3958 399 4037 Spiritus
417 3957 459 4032 S,
475 3979 519 4019 ex
543 3956 640 4020 dictis
665 3961 696 4019 in
719 3959 772 4020 Tr.
790 3960 828 4020 de
847 3957 974 4033 Gratiri,
998 3979 1027 4020 n.
1049 3959 1194 4036 176·182.
1239 3946 1325 4018 simul

433 4151 483 4216 lV,
496 4165 533 4216 17.
544 4147 638 4206 -‘·'S.
656 4151 753 4208 Tuom.
767 4173 794 4224 q.
807 4158 849 4224 69,
860 4174 885 4210 a.
900 4172 923 4225 3.
936 4157 1065 4225 -³Joa.
1081 4159 1135 4224 111,
1148 4171 1171 4226 5.

442 4237 666 4301 u,26.-³Tu.
683 4241 737 4307 111,
750 4255 771 4309 ς.
