2770 4652
240 160 308 210 498
450 159 508 208 ot:
527 158 821 208 POENITENTIAE
842 156 1142 206 sncnnnttmro.

237 343 383 406 tribunal
408 344 441 405 in
466 343 634 425 republica
657 341 837 405 christiana
864 341 1065 414 institutum,
1089 339 1131 400 ad
1159 337 1320 399 maximam

237 445 422 508 animarum
440 445 629 519 utilitatem,
646 444 711 506 sere
728 444 842 507 inutile
858 443 1034 506 evaderet?
1079 439 1227 504 Decebat
1241 440 1324 519 igitur

239 556 275 608 ut
292 565 440 608 recursus
456 545 498 608 ad
515 544 579 607 hoc
595 554 840 606 sacramentum
859 545 1064 608 necessarius
1081 544 1274 608 redderetur.

281 693 330 756 31.
384 679 627 745 corollarium:
668 682 776 744 Datur
814 681 916 762 igitur
953 689 1157 762 praeceptum
1195 676 1324 741 divinum

238 783 438 864 suscipiendi
456 804 592 846 sacram.
606 784 814 847 Poenitentiae
825 781 1009 864 respiciens
1026 803 1144 845 omnes
1160 781 1215 864 qui
1231 777 1327 860 gravia

239 896 377 966 peccata
393 897 469 967 post
487 887 696 968 Baptismum
713 887 961 948 commiserunt.
1002 886 1206 968 Hujusmodi
1223 900 1325 966 praece-

240 997 335 1068 ptum
353 989 481 1070 obligat
490 1001 596 1071 persa
611 991 746 1072 quidem
764 991 796 1051 in
814 989 960 1070 periculo
976 999 1009 1052 et
1026 990 1166 1052 articulo
1179 987 1294 1059 mortis,
1302 994 1327 1044 et

241 1091 340 1152 etiam
365 1092 538 1174 aliquoties
563 1094 595 1154 in
619 1094 696 1166 vita,
720 1103 753 1154 et
769 1103 831 1172 per
849 1093 1006 1163 occidens.
1028 1094 1167 1174 quando
1193 1099 1329 1172 peccator

243 1189 487 1255 Eucharistiam
511 1194 677 1273 suscipere
700 1203 840 1270 tenetur,
856 1204 893 1256 ut
909 1194 1058 1258 diximus
1074 1196 1131 1257 ubi
1148 1193 1191 1255 de
1206 1191 1328 1254 Euclar.

241 1295 285 1374 (n.
308 1299 378 1376 136)
394 1320 401 1359 :
424 1317 500 1378 quae
523 1297 658 1378 quidem
681 1297 783 1361 fusius
799 1308 1015 1379 exponuntur
1031 1300 1063 1360 in
1080 1297 1196 1360 Theoi.
1214 1293 1328 1357 moralis

241 1395 462 1475 tractatibus,
479 1399 535 1461 ubi
552 1400 653 1462 etiam
671 1401 781 1482 agitur
796 1402 838 1464 dc
854 1401 1078 1464 ecclesiastico
1102 1408 1266 1482 praecepto
1283 1417 1328 1459 an·

242 1519 316 1584 nuae
333 1501 556 1564 confessionis.

293 1698 378 1774 Art.
400 1696 453 1776 II.
476 1698 538 1775 De
567 1699 744 1799 partibus
769 1702 1002 1779 sacramenti
1035 1701 1289 1778 Poenitentiae.

285 1915 334 1980 32.
382 1898 506 1963 Omnia
529 1909 738 1961 sacramenta
761 1900 910 1980 partibus
938 1898 1169 1962 essentialibus
1192 1901 1330 1958 constant

243 2022 317 2082 qua:
342 2003 476 2065 nomine
500 2001 647 2062 materiae
671 2010 704 2062 et
729 2000 842 2064 lormae
866 2001 1104 2082 designantur;
1128 2002 1259 2080 insuper
1277 2006 1331 2058 tres

243 2102 336 2168 adius
360 2102 562 2184 poenitentis,
581 2103 738 2176 contritio,
760 2104 911 2182 corrJ‘essio
932 2115 967 2166 et
989 2102 1171 2182 samsona
1193 2101 1332 2164 dicuntur

243 2230 315 2272 esse
331 2209 425 2288 quasi
443 2209 581 2271 materia
598 2206 695 2287 hujus
708 2209 914 2272 sacramenti.
955 2207 1055 2272 Unde
1070 2205 1232 2272 dicimus:
1258 2214 1286 2264 10
1298 2201 1333 2262 de

244 2309 402 2381 attulerim·
426 2323 461 2372 20
476 2310 518 2372 de
525 2310 640 2388 formal
663 2330 741 2372 sacr.
763 2312 992 2388 Poenitentiae;
1018 2323 1052 2390 3⁰
1066 2312 1109 2372 de
1132 2307 1237 2370 tribus
1246 2303 1333 2386 pani-

244 2414 340 2476 lentt's
354 2413 485 2474 ollibus,

343 2581 362 2666 ᾖ
389 2583 413 2645 Ι.
437 2583 495 2645 Du
521 2596 690 2645 unrurun
714 2596 956 2646 sacunuunrt
983 2584 1249 2644 Pmnrrsnrnu.

290 2741 426 2824 Duplex
444 2741 582 2803 materia
598 2741 832 2823 distinguitur:
855 2742 919 2803 alia
937 2749 1072 2813 remota,
1088 2738 1153 2800 alia
1170 2737 1322 2818 proxima.

551 2913 578 2972 1.
604 2914 658 2973 De
680 2907 844 2975 materia
868 2906 1044 2974 remotas

289 3079 337 3142 33„
386 3065 528 3128 Materia
543 3064 752 3126 Poenitentiae
769 3073 897 3136 ramola,
910 3083 966 3125 seu
980 3065 1091 3145 potius
1105 3061 1295 3136 removenda,
1304 3067 1332 3122 ut

246 3170 340 3232 aiunt
364 3167 518 3249 theologi,
535 3175 612 3229 sunt
635 3166 749 3228 omnia
772 3176 909 3246 peccata
932 3175 1009 3247 post
1033 3166 1236 3248 baptismum
1258 3181 1333 3228 com·
1368 3155 1369 3192 Ι

248 3273 356 3346 missa,
370 3271 438 3333 sive
451 3270 612 3344 mortalia,
623 3273 691 3331 sive
708 3271 857 3345 venialia,
870 3271 938 3332 sive
949 3269 1017 3350 jam
1035 3290 1093 3351 per
1105 3269 1333 3332 absolutionem

248 3375 393 3448 remissa,
420 3374 487 3436 sive
515 3392 590 3448 non,
617 3372 680 3435 hoc
712 3383 825 3435 tamen
857 3373 1165 3453 discrimine-quod
1198 3367 1334 3434 mortalia

248 3477 395 3539 nondum
413 3486 567 3538 accusata
591 3485 624 3538 et
646 3475 800 3538 absoluta
823 3485 901 3538 sunt
925 3476 1063 3537 materia
1087 3475 1269 3547 necesson'a,
1284 3473 1298 3533 i.
1312 3490 1333 3531 e.

249 3581 432 3642 necessario
455 3579 661 3659 subjicienda
684 3578 831 3640 clavibus
849 3578 1030 3656 Ecclesiae;
1053 3579 1195 3641 venialia
1219 3581 1332 3640 vemet

249 3683 401 3746 mortalia
419 3681 488 3762 jam
513 3681 658 3756 remissa,
675 3691 751 3743 sunt
776 3682 915 3744 materia
937 3681 1095 3764 srffcr‘ens
1115 3693 1146 3744 et
1165 3683 1271 3754 libera,
1285 3680 1299 3739 i.
1313 3696 1331 3735 e.

247 3809 322 3868 quae
354 3796 472 3867 potest,
499 3785 556 3847 sed
586 3805 652 3846 non
682 3786 865 3848 necessario
896 3785 996 3848 debet
1023 3783 1164 3847 clavium
1194 3775 1332 3867 potestati

248 3889 373 3968 subjici.

286 4094 292 4116 ¹
305 4089 335 4140 S.
353 4087 446 4138 Titum.
460 4101 511 4155 3p.
523 4103 549 4155 q.
562 4088 605 4152 84,
617 4105 640 4141 a.
653 4103 684 4152 23
698 4090 814 4155 Suareo,
823 4087 894 4156 disp.
907 4088 1027 4151 XVlll;
1047 4086 1214 4140 Salmontr'c.
1223 4086 1289 4154 disp.
1303 4081 1331 4133 ll:

252 4174 372 4238 lirour'u,
386 4189 413 4240 q.
432 4173 486 4239 ΙΙΙ,
503 4189 527 4226 c.
542 4187 566 4236 2,
582 4191 607 4226 a.
628 4191 652 4238 13
672 4172 813 4237 Bt'lluort,
830 4173 901 4243 disp.
919 4175 940 4237 l,
956 4192 981 4228 a.
997 4189 1023 4242 ²3
1042 4174 1075 4227 de
1088 4171 1268 4244 Augustinus,
1280 4189 1301 4240 p.
1312 4165 1332 4220 ll

252 4276 278 4312 a.
294 4261 325 4320 ⁶3
348 4257 443 4322 Billot,
456 4257 495 4309 th.
513 4271 535 4326 5.
