2738 4646
196 175 251 224 DE
270 175 490 225 MYSTERIO
508 174 782 225 PRAESENTIAE
804 175 967 224 nanus.
1061 174 1126 226 335
1222 245 1226 250 Δ

45 351 209 432 dogmatis,
231 355 402 435 quomodo
424 355 584 436 explicari
611 363 751 437 possunt
778 354 968 418 testiinonia
993 354 1128 417 Patrum

45 456 242 530 anteriorum,
272 457 456 539 inquibus
486 457 572 520 clare
609 460 726 524 eadem
758 455 909 521 doctrina
947 456 1128 538 reperitur?

44 554 106 618 Nec
126 558 247 638 pariter
263 559 405 621 mutatio
420 558 617 622 insensibilis
631 559 763 622 admitti
785 567 919 641 potest:
945 560 1019 640 quis
1039 559 1127 622 enim

42 677 177 740 unquam
208 662 341 724 credere
371 663 494 743 poterit
529 658 715 724 doctrinam
754 681 885 734 novam,
914 661 1065 724 sensibus
1095 671 1128 724 et

43 761 149 824 rationi
172 765 280 844 prima
302 763 386 827 facie
408 765 618 840 contrariam,
641 775 675 831 et
697 776 774 828 cum
803 765 898 847 praxi
923 775 992 828 tam
1016 762 1128 828 stricte

42 881 228 941 connexam,
240 865 340 932 fuisse
352 866 395 928 ab
407 866 582 929 universali
601 867 750 930 Ecclesia
767 877 944 949 receptam,
956 867 1035 949 quin
1053 865 1128 929 ullae

42 984 177 1046 unquam
204 969 462 1050 protestationes
488 989 508 1032 a
536 968 706 1033 Fidelibus
729 969 781 1032 vel
810 970 1001 1032 Pastoribus
1032 966 1127 1032 iactae

42 1065 174 1134 suerint?
201 1071 290 1136 Nam
303 1072 341 1143 si,
353 1081 488 1154 propter
499 1073 662 1153 quasdam
676 1073 826 1138 incautas
840 1073 1007 1136 Paschasii
1024 1092 1128 1136 asser-

41 1168 146 1246 tiones,
160 1173 203 1235 de
227 1174 329 1236 modo
352 1195 419 1255 quo
439 1175 590 1238 Christus
614 1185 664 1238 est
688 1176 721 1238 in
745 1175 965 1249 Eucharistid,
980 1175 1079 1254 longa
1094 1184 1127 1237 et

41 1274 147 1337 acerba
163 1286 236 1341 orta
251 1287 301 1341 est
318 1280 551 1355 controversia,
567 1298 678 1342 nonne
699 1278 846 1342 acerbior
867 1288 939 1342 orta
961 1278 1085 1352 suisset,
1099 1277 1127 1340 si

40 1375 152 1458 dogma
176 1380 295 1462 ipsum,
318 1392 417 1447 antea
440 1383 574 1465 penitus
598 1383 760 1464 ignotum,
783 1381 826 1444 ab
850 1401 917 1443 uno
939 1381 989 1444 vel
1014 1380 1127 1462 paucis

41 1482 246 1557 praedicatum
264 1484 401 1548 suisset?
428 1485 528 1567 Quod
545 1485 679 1567 quidem
695 1483 911 1548 confirmatur
923 1504 966 1546 ex
982 1481 1126 1563 eoquod

40 1580 138 1646 Graeci
154 1586 366 1663 schismatici,
382 1589 449 1653 imo
472 1598 506 1651 et
529 1586 629 1652 sec‘tae
652 1587 839 1662 orientales,
852 1587 921 1668 jam
938 1607 1011 1648 saec.
1029 1586 1068 1649 V.
1085 1585 1128 1648 ab

42 1683 181 1749 Ecclesia
210 1699 386 1772 separatae,
409 1701 445 1755 ut
477 1691 681 1764 Nestoriani,
704 1709 835 1770 semper
865 1689 1065 1753 crediderint
1094 1698 1127 1752 et

41 1785 139 1851 adhuc
154 1794 291 1855 credant
313 1793 346 1855 in
368 1793 488 1856 realem
506 1793 718 1875 praesentiam
736 1791 868 1868 Christi,
884 1792 930 1854 ita
952 1800 988 1854 ut
1008 1791 1125 1853 saltem

5 1911 6 1916 ¹
41 1907 136 1970 usque
151 1895 193 1956 ad
210 1895 368 1958 saeculum
386 1907 542 1978 quartum
560 1895 642 1960 fides
665 1896 699 1958 in
724 1894 804 1957 iliud
822 1895 946 1975 dogma
960 1893 1128 1955 ascendat.

42 1990 100 2054 Sed
124 1995 328 2079 impossibile
351 2007 401 2061 est
425 2008 461 2063 ut
485 2019 543 2081 per
558 1999 620 2063 tria
644 1998 753 2080 priora
776 1996 897 2060 saecuia
920 1995 986 2058 tale
1003 1996 1127 2075 dogma

41 2092 131 2159 suerit
143 2097 369 2164 introductum
387 2111 458 2165 tum
475 2111 610 2182 propter
626 2100 732 2163 zelum
749 2119 816 2181 quo
832 2097 999 2162 christiani
1016 2093 1129 2161 stridte

41 2201 231 2277 apostolicas
247 2203 442 2267 traditiones
455 2204 640 2279 servabant,
651 2213 722 2266 tum
736 2212 871 2284 propter
882 2199 1127 2281 persecutiones

41 2321 106 2382 quae
123 2307 279 2372 vetabant
295 2329 337 2371 nc
351 2309 484 2390 dogma,
500 2311 588 2392 quod
611 2311 717 2391 prima
739 2308 821 2371 facie
840 2318 909 2369 tam
926 2304 1126 2368 contrarium

41 2403 187 2472 humanae
209 2412 328 2474 rationi
352 2423 500 2494 apparet,
520 2413 674 2494 deposito
697 2411 774 2475 fidei
798 2410 984 2474 adderetur.
1038 2407 1128 2486 Ergo

40 2508 99 2571 tale
113 2512 237 2594 dogma
252 2516 296 2577 ab
311 2515 486 2597 Apostolis
501 2517 601 2590 venit,
613 2527 647 2578 et
663 2515 706 2578 ab
722 2516 795 2598 ipso
811 2514 949 2578 Christo.

180 2701 264 2778 Art.
297 2699 350 2778 ΙΙ.
375 2701 438 2778 De
464 2699 584 2779 modo
613 2701 825 2801 prasentia
853 2703 976 2780 realis.

77 2893 315 2958 Demonstrata
330 2895 469 2957 veritate
493 2896 679 2976 praesentire
703 2895 807 2970 realis,
823 2895 1063 2976 disputandum
1081 2917 1129 2958 re·

41 3009 145 3060 manet
159 3000 201 3062 de
218 3003 335 3062 natura
352 2997 511 3080 ejusdem,
526 3019 569 3060 sc.
587 3019 594 3060 t
623 3012 654 3062 1⁰
671 2999 723 3062 Dc
735 2999 831 3060 modo
846 3019 912 3080 quo
926 2998 1076 3063 Christus
1083 2999 1132 3081 fit

37 3108 167 3175 presens
182 3103 214 3164 in
233 3101 442 3164 Eucharistia
461 3123 468 3177 ;
492 3113 527 3163 20
545 3101 597 3164 De
614 3101 704 3164 nrodo
720 3121 787 3182 quo
802 3100 913 3163 ear'stit
934 3102 965 3162 in
990 3101 1129 3180 eddem3

44 3215 71 3279 3⁰
84 3203 368 3286 Depermanenrid
385 3204 472 3268 iilius
488 3205 686 3286 praesentiae;
709 3217 747 3282 40
761 3205 822 3266 Per
839 3205 975 3270 modum
993 3206 1129 3269 corolla-

43 3305 83 3380 rii,
95 3309 136 3370 de
150 3308 237 3370 cultu
256 3305 474 3371 Eucharistiae
491 3309 612 3371 debito.

104 3445 129 3502 1.
147 3445 202 3504 De
225 3445 332 3504 modo
355 3458 433 3517 quo
450 3444 632 3505 Christus
657 3444 698 3502 nt
721 3458 906 3517 praesens,
925 3459 992 3503 seu
1013 3445 1060 3502 de

348 3541 787 3600 transsubstantiatione
797 3538 816 3598 ¹.

79 3681 123 3746 34.
155 3669 273 3732 Status
287 3668 478 3760 quccste‘om's.
515 3681 545 3729 10
563 3668 662 3729 Notio
678 3669 1085 3732 Transsubstantiationis.

45 3839 145 3907 sanguis
160 3840 277 3894 Domini
296 3839 337 3906 (in
356 3838 546 3905 Eucharistia)
566 3838 601 3892 sit
621 3855 687 3892 vera
706 3855 772 3891 caro
791 3854 929 3907 verusque
949 3839 985 3892 sit
1005 3839 1130 3906 sanguis,

45 3928 220 3998 unusquisque
234 3927 319 3980 debet
332 3926 455 3992 credere,
464 3941 548 3978 nosse
561 3936 656 3979 tenere
667 3924 797 3978 confiteri
812 3924 915 3992 pariter
928 3934 956 3978 et
969 3924 1132 3984 incunttan·

46 4020 81 4062 ter
91 4030 212 4069 asserere
225 4013 316 4068 fidelis
325 4013 346 4065 '’.
384 4011 447 4082 (Ap.
462 4013 570 4082 Mrgne‚
586 4024 603 4066 t.
622 4013 716 4078 CXII,
734 4011 819 4080 1510).

75 4102 118 4152 ¹S.
132 4103 157 4154 T
154 4102 261 4167 homas,
270 4117 286 4170 3
295 4117 321 4169 p.
334 4116 360 4170 q.
374 4113 389 4166 7
394 4113 418 4168 5;
434 4100 550 4165 Suam,
560 4100 632 4167 disp.
647 4113 691 4166 50;
705 4099 906 4163 Bellarrm‘nus,
916 4099 934 4151 1.
946 4100 999 4166 ΙΙΙ,
1009 4116 1033 4152 c.
1045 4099 1133 4164 18·24;

46 4185 157 4252 Drouen,
172 4207 200 4260 q.
217 4189 270 4256 VI,
287 4187 355 4241 sect.
372 4203 406 4252 ²3
433 4188 523 4257 Lugo,
545 4189 617 4254 disp.
635 4187 711 4251 V11;
738 4186 877 4254 Billrmrt,
900 4187 967 4241 diss.
988 4188 1009 4255 Ι,
1025 4205 1050 4240 a.
1068 4201 1132 4256 5·7;

49 4273 194 4346 Frarrcelr'rr,
208 4277 246 4330 th.
261 4289 351 4344 13·15;
369 4275 402 4329 de
412 4273 593 4344 Arrgrrstr'm's,
610 4274 647 4328 th.
660 4288 687 4338 43
709 4273 803 4341 Pescla,
814 4291 840 4327 n.
852 4275 915 4338 667,
938 4273 1035 4340 Billot,
1046 4290 1072 4342 q.
1088 4286 1128 4342 75.
