2770 4646
122 165 170 214 DE
188 165 391 216 MATERIA
411 167 463 216 ET
482 167 631 216 Fortun
651 167 1051 219 SAGRAMENTORUM.
1086 169 1147 220 169

57 341 148 404 rebus
165 347 376 409 sensibilibus
399 348 576 424 uniantur;
607 369 651 410 ex
676 357 769 429 parte
791 348 940 421 hominis,
959 347 1025 428 qui,
1045 365 1146 427 quum

56 443 162 508 animal
188 458 221 510 et
248 461 373 530 corpore
401 451 630 524 constituatur,
660 450 896 513 convenienter
924 447 1148 512 sandtificatur

57 566 113 627 per
141 552 284 614 medium
316 562 473 614 constans
499 553 622 635 duplici
650 553 825 627 elemento,
852 553 953 614 verbo
983 551 1073 633 quod
1105 552 1148 614 ab

57 652 162 714 anima
183 655 328 718 creditur
349 663 383 718 et
406 676 440 717 re
463 657 609 718 sensibili
626 676 746 738 corpus
762 657 968 736 attingente;
993 663 1148 737 exparte

55 754 321 837 srgrnificatiom's:
343 779 402 840 per
423 759 523 821 verba
545 762 633 841 enim
658 761 765 842 magis
780 757 935 822 distindte
952 759 1149 839 exprimitur

57 859 141 937 quod
154 870 265 922 mente
276 862 470 944 concipitur,
483 863 688 944 proindeque
701 872 982 926 sacramentorum
997 860 1037 924 N.
1049 861 1147 941 Legis

57 960 249 1041 significatio
265 985 323 1046 per
339 965 450 1048 aliqua
466 967 566 1028 verba
581 967 795 1029 determinari
811 965 964 1029 debebat.

128 1161 213 1240 Art.
241 1161 295 1239 II.
324 1163 386 1239 De
411 1164 633 1241 mutatione
655 1164 817 1241 vitandi
839 1165 880 1240 in
908 1163 1073 1239 materiai

501 1299 540 1357 et
558 1278 696 1358 formal.

96 1477 148 1538 30.
196 1467 337 1530 Materia
363 1479 396 1531 et
422 1468 528 1531 sorma
550 1479 831 1534 sacramentorum
855 1470 898 1532 ab
922 1471 994 1551 ipso
1017 1469 1149 1556 ¹Christo

60 1567 283 1634 determinatae
299 1583 385 1648 sunt,
401 1584 437 1636 ut
453 1574 536 1636 inira
552 1575 687 1648 dicetur,
704 1595 764 1636 nec
779 1575 917 1656 proinde
933 1573 1005 1636 illas
1022 1584 1149 1635 mutare

60 1671 137 1736 licet.
184 1676 331 1739 Mutatio
345 1688 467 1753 autem,
477 1661 558 1760 quae'
567 1699 734 1741 occurrere
750 1689 868 1760 potest,
878 1689 928 1742 est
940 1678 991 1741 vel
1003 1678 1150 1740 substan-

61 1778 147 1839 tialis
171 1781 220 1842 vel
244 1781 469 1855 accr'dantalis,·
496 1785 584 1865 prior
608 1804 647 1845 ea
670 1793 721 1844 est
745 1804 818 1864 quae
842 1783 948 1864 ipsam
971 1783 1149 1844 essentiam

61 1885 251 1945 sacramenti
267 1885 416 1960 destruit,
432 1887 592 1968 posterior
612 1908 651 1949 ea
670 1897 721 1948 est
736 1908 811 1968 quae
827 1888 1024 1949 sacramenti
1041 1906 1150 1948 essen-

62 1983 135 2045 tiam
166 1986 239 2049 licet
265 1989 417 2060 retinens
441 1992 612 2053 materiam
640 1990 691 2052 vel
719 1991 858 2053 formam
885 1991 998 2053 leviter
1024 1990 1149 2051 alterat.

64 2084 123 2148 Hic
138 2089 238 2171 igitur
255 2101 320 2154 tres
336 2095 535 2173 quaestiones
551 2093 705 2175 pradlicae
720 2095 887 2157 solvendae
904 2095 1114 2156 inveniuntur

237 2257 268 2306 1⁰
287 2243 500 2320 Quandonam
516 2247 652 2307 murano
666 2247 710 2306 sii
723 2245 948 2307 substantialis
961 2247 980 2307 Ρ
1089 2275 1091 2280 ¹

101 2392 147 2454 31.
195 2377 254 2457 (A)
288 2377 405 2455 Quoad
439 2379 618 2454 mannam,
656 2381 796 2443 mutatio
832 2389 882 2441 est
918 2378 1150 2455 substantialis,

64 2481 200 2557 quando,
212 2483 393 2544 secundum
407 2502 618 2544 communem
633 2503 728 2544 usum
740 2492 773 2544 et
786 2482 997 2564 prudentium
1008 2482 1151 2544 aestima-

64 2581 192 2656 tionem,
205 2585 342 2646 materia
359 2584 507 2647 adhibita
521 2605 585 2646 non
599 2595 649 2647 est
661 2585 808 2665 ejusdem
825 2586 944 2667 speciei
961 2595 993 2647 et
1010 2587 1152 2647 nominis

65 2704 98 2744 ac
120 2689 257 2749 materia
280 2709 299 2749 a
323 2689 455 2752 Christo
478 2690 706 2752 determinata.
754 2691 930 2752 Diximus:
953 2691 1152 2751 “secundum

65 2808 252 2852 cornrnunrm
274 2813 401 2854 sensum
413 2795 437 2867 ”,
453 2795 529 2875 quia
554 2794 729 2866 Dominus,
744 2799 1024 2854 sacramentorum
1050 2799 1151 2851 mate-

66 2893 139 2957 riam
170 2897 433 2974 determinandO,
463 2917 674 2960 communem
706 2917 801 2959 usum
833 2905 866 2955 et
896 2894 1151 2956 aestimationem

67 2999 269 3080 potiusquam
294 3001 464 3082 physicam
492 3012 524 3064 et
551 3002 725 3063 chimicam
753 3009 856 3060 artem
882 2997 1050 3077 respexit:
1077 2996 1152 3058 hinc

67 3101 152 3165 adest
166 3106 307 3167 mutatio
319 3105 556 3180 substantialis,
566 3107 591 3166 si
606 3106 678 3168 loco
691 3123 795 3184 aquae,
808 3102 920 3164 vinum
934 3101 965 3161 in
981 3101 1153 3181 Baptismo

67 3205 272 3285 adhibeatur;
299 3209 377 3270 item
395 3209 516 3290 glacies
532 3219 565 3271 et
582 3210 651 3281 nix,
666 3207 816 3288 quamvis
832 3205 970 3268 chimice
986 3205 1051 3266 sint
1067 3205 1151 3284 ejus·

68 3305 135 3370 dem
156 3320 283 3372 naturae
306 3331 344 3372 ac
366 3332 462 3392 aqua,
477 3321 553 3374 sunt
571 3312 708 3374 materia
724 3310 834 3384 dubia,
850 3311 935 3389 quia,
950 3307 1048 3388 juxta
1064 3327 1151 3368 corn-

69 3427 193 3475 munem
210 3433 352 3488 sensum,
369 3434 434 3476 non
453 3425 646 3496 reputantur
668 3434 760 3494 aqua.
809 3413 837 3473 E
854 3422 968 3473 contra
984 3429 1070 3489 aqua
1087 3428 1151 3469 non

70 3509 235 3578 benedieta
257 3517 308 3578 vel
332 3538 419 3599 aqua
441 3519 548 3582 calida
574 3529 623 3580 est
648 3518 785 3579 materia
811 3516 928 3588 valida,
952 3515 1037 3593 quia,
1054 3513 1153 3592 juxta

70 3634 270 3682 communem
288 3621 444 3701 loquendi
462 3624 607 3696 modum,
624 3632 660 3683 ut
675 3641 751 3683 vera
767 3640 853 3701 aqua
869 3618 1087 3679 existimatur.

106 3761 151 3822 32.
189 3743 255 3832 (B)
274 3746 391 3824 Quoad
390 3749 547 3826 formam,
558 3749 698 3810 mutatio
709 3757 758 3808 est
771 3743 998 3807 substantialis
1010 3743 1153 3822 quando
1210 3767 1212 3772 ·

71 3865 107 3908 ex
122 3853 287 3914 communi
303 3852 475 3915 hominum
489 3853 623 3933 judici0,
634 3851 734 3913 verba
747 3848 894 3910 adhibita
910 3845 1063 3907 eumdem
1081 3865 1153 3906 sen-

72 3968 186 4018 sumac
203 3958 302 4020 verba
318 3977 337 4018 a
353 3957 485 4022 Christo
500 3955 720 4019 determinata
736 3972 801 4012 non
819 3950 962 4027 habent;
986 3948 1046 4010 hac
1062 3949 1104 4011 de
1121 3969 1154 4010 re

73 4069 125 4115 sex
139 4059 258 4122 dantur
273 4059 396 4142 regulae
413 4055 574 4141 praciicae,
591 4057 641 4118 his
658 4055 804 4117 versibus
819 4061 985 4116 contentae
1001 4075 1008 4114 :

235 4180 286 4238 Nil
299 4181 402 4238 formae
414 4179 525 4248 demas,
539 4177 580 4235 nil
592 4176 694 4247 addas,
711 4175 751 4234 nil
765 4175 897 4243 variabis,

235 4267 261 4324 T
263 4278 445 4325 ransmutare
458 4285 538 4335 cave,
553 4280 742 4336 corrumpere
755 4261 852 4331 verba,
865 4261 979 4320 morari.
