2794 4662
230 189 297 240 626
599 190 654 240 DE
674 188 969 241 Mn'rnmonlo.

272 441 357 518 Art.
379 440 409 517 Ι.
432 441 494 518 De
514 443 726 520 existentia
745 445 979 522 sacramenti
1001 441 1272 520 Matrimonii
1284 453 1306 518 ¹.

586 619 719 678 Status
735 619 977 692 quaestionis.

275 767 304 831 ό.
354 766 418 854 (Α)
438 770 583 834 Errores.
630 771 721 836 Olim
742 770 889 835 Gnostici
903 780 936 835 et
953 770 1135 832 Mam'clcoei
1150 768 1295 850 nuptias
1313 776 1344 830 ut

234 872 339 935 malas
351 874 563 950 damnarunt,
575 884 692 957 utpote
708 874 986 956 concupiscentia
1004 873 1212 936 incentivum
1225 883 1265 934 et
1280 891 1345 934 me·

234 977 326 1038 dium
358 997 425 1057 quo
456 989 661 1060 propagatur
688 977 849 1060 originale
877 986 1059 1059 peccatum.
1116 975 1347 1037 Protcstantes

235 1078 333 1159 longe
357 1088 435 1142 sunt
457 1079 592 1160 quidem
617 1081 660 1142 ab
682 1065 791 1142 errore
806 1079 1049 1160 prohibentium
1073 1078 1214 1152 nubere,
1240 1098 1346 1158 quum

236 1182 369 1263 nuptias
393 1203 493 1264 supra
516 1183 740 1265 virginitatem
764 1183 941 1258 extollant,
957 1182 1015 1245 sed
1039 1181 1276 1244 communiter
1295 1201 1347 1243 ne·

236 1295 326 1366 gant,
341 1286 533 1349 Rr'tualistr's
548 1289 709 1376 exceptis,
726 1287 976 1351 matrimonium
993 1305 1065 1348 esse
1081 1293 1347 1346 sacramentum.

236 1389 398 1452 Lutleerus
409 1391 573 1471 siquidem
592 1392 637 1453 ait
649 1403 681 1454 ²:
705 1390 987 1452 “Matrimonium
1005 1408 1101 1452 novae
1116 1388 1220 1468 Legis
1234 1407 1350 1450 sacra-

237 1502 386 1554 mentum
404 1513 469 1555 non
487 1504 550 1568 est,
567 1514 641 1556 cum
660 1494 722 1576 ipsi
742 1494 829 1556 desit
846 1491 958 1554 divina
980 1491 1157 1573 promissio
1168 1490 1185 1514 ’¹
1200 1510 1208 1566 ;
1237 1489 1350 1556 Calai·

237 1608 322 1657 nus³
338 1605 449 1659 autern
464 1596 607 1660 affirmat
621 1617 687 1662 non
702 1596 808 1676 magis
821 1595 946 1676 nuptiis
963 1595 1126 1656 rationem
1139 1595 1350 1656 sacramenti

237 1698 413 1759 convenire
426 1718 526 1779 quarn
541 1698 750 1780 agriculturae
764 1699 815 1760 vel
829 1697 891 1760 arti
905 1697 1049 1772 sutoriae,
1060 1716 1168 1778 neque
1181 1706 1220 1759 ut
1238 1717 1352 1759 sacra·

239 1809 388 1862 mentum
405 1799 537 1863 habitas
554 1801 654 1864 fuisse
671 1811 749 1863 ante
766 1801 916 1881 Gregorii
935 1811 1117 1882 temporat.

274 2023 327 2076 ¹8.
346 2023 372 2075 T
370 2021 443 2079 hom.
467 2025 533 2093 Sup.
550 2043 576 2094 q.
593 2041 636 2093 42,
652 2043 677 2080 a.
699 2039 759 2092 1·3;
782 2025 985 2086 Bellarmr'nus,
1008 2022 1044 2078 de
1063 2039 1135 2076 sacr.
1153 2018 1353 2084 Matrimonii,

238 2128 262 2166 c.
282 2128 340 2181 r·5;
360 2113 492 2178 Sanciae,
506 2115 523 2168 l.
543 2116 582 2176 ll,
598 2115 670 2183 disp.
691 2130 739 2178 ro;
761 2116 883 2177 Drouin,
899 2116 916 2169 l.
934 2115 968 2176 Χ,
985 2115 1021 2169 de
1034 2130 1105 2168 sacr.
1124 2112 1255 2168 Matrim.
1274 2131 1306 2183 q.
1326 2115 1355 2168 l:

238 2197 412 2264 Lieberman,
426 2216 486 2268 cap.
504 2201 541 2264 ll,
555 2217 580 2254 a.
599 2215 622 2268 ¹3
642 2202 772 2255 Perrone.
790 2203 835 2255 De
849 2201 973 2255 Matrim.
988 2199 1082 2255 christ.
1097 2200 1113 2253 l.
1131 2200 1153 2265 l,
1163 2197 1234 2254 secl„
1252 2199 1278 2264 1,
1290 2217 1315 2254 c.
1331 2218 1355 2260 1;
1393 2225 1394 2303 q

241 2285 378 2352 Currr’ire,
398 2287 443 2341 De
458 2287 650 2356 Matrimonio,
667 2304 694 2357 p.
714 2289 735 2350 l,
751 2286 819 2341 seit.
837 2303 860 2354 2,
878 2303 901 2341 c.
922 2302 932 2340 1
939 2305 946 2352 ;
966 2287 1115 2350 Pulmr'err',
1131 2303 1156 2340 c.
1174 2287 1214 2352 11,
1228 2287 1275 2340 th.
1296 2301 1355 2352 7q;

239 2372 271 2424 dc
285 2375 467 2442 Augustino,
480 2391 504 2428 a.
522 2391 547 2436 1;
566 2375 664 2441 Br'llol,
679 2375 717 2429 th.
732 2374 775 2442 36.

274 2455 284 2484 ²
299 2461 343 2513 De
357 2462 439 2526 Capt.
457 2461 555 2529 Babyl.
572 2460 586 2530 ἓ
600 2461 636 2516 de
651 2461 775 2515 Matrini.

274 2547 284 2578 ³
301 2546 390 2600 lnstit.
407 2548 422 2600 l.
440 2549 489 2614 lV,
503 2565 525 2601 c.
544 2563 584 2617 19,
601 2565 627 2602 n.
645 2561 686 2616 34.

278 2631 285 2660 ⁸
298 2635 326 2685 M
331 2634 428 2687 oderni
444 2637 636 2691 Protestantes
650 2637 769 2690 libenter
781 2644 939 2702 agnoscunt
954 2635 1168 2689 Matrimonium
1182 2634 1353 2704 religiosam

240 2738 303 2774 esse
323 2720 551 2777 institutionem:
578 2723 594 2750 “
606 2722 819 2777 Matrimonium
837 2739 893 2775 non
913 2735 956 2776 est
976 2733 1186 2777 sacramentum
1206 2739 1243 2776 eo
1267 2741 1353 2778 sensu

240 2827 296 2878 quo
313 2809 473 2880 Baptismus
487 2822 514 2866 et
530 2813 629 2875 Coena,
642 2827 733 2880 neque
747 2809 774 2864 in
789 2827 872 2864 sensu
888 2810 1026 2864 Ecclesiae
1041 2810 1189 2877 Romanae,
1203 2811 1276 2864 licet
1291 2827 1352 2864 san·

240 2895 316 2950 (turn
337 2897 492 2951 institutum
513 2899 674 2952 habendum
695 2898 739 2952 sit.
780 2899 850 2968 Ejus
869 2897 1020 2953 celebratio
1040 2909 1082 2952 est
1101 2896 1182 2951 ailus
1203 2897 1353 2966 religionis

241 2997 358 3040 tantum.
399 2988 483 3040 Hunc
496 3003 563 3055 ergo
577 2999 681 3041 statum
695 2987 792 3040 debita
805 2986 983 3040 solemnitate
996 3003 1029 3040 ac
1043 2985 1072 3039 in
1087 2985 1141 3038 Dei
1159 2984 1268 3040 timore
1285 2987 1356 3040 inire
1390 2971 1391 3063 l

241 3073 385 3126 debemus.
426 3073 605 3128 Coeremonia
619 3073 666 3127 liat
680 3089 728 3142 per
742 3072 846 3127 Christi
861 3073 1028 3140 ministrum,
1047 3072 1094 3142 qui
1113 3088 1185 3124 unus
1206 3071 1234 3124 in
1258 3073 1354 3140 legem

244 3159 297 3212 Dei
317 3159 369 3212 sibi
390 3159 587 3214 auctoritatem
603 3160 765 3225 vindicare;
788 3177 868 3226 unus,
882 3177 945 3230 quae
959 3157 1187 3213 contrahentium
1201 3169 1274 3212 vota
1290 3161 1355 3212 Deo

241 3257 446 3315 nuncupentur,
468 3248 592 3316 recipere
612 3264 646 3299 ac
666 3246 695 3299 in
716 3245 780 3300 adiu
803 3246 904 3300 referre
925 3256 1017 3315 potest
1025 3247 1047 3298 '’.
1084 3245 1206 3314 (Hodge,
1225 3261 1275 3312 op.
1291 3247 1353 3306 cit..

242 3345 260 3387 t.
281 3335 336 3396 111,
355 3351 380 3402 p.
398 3335 473 3404 377.)
510 3335 671 3387 Rz'tualt'stcr
689 3343 784 3388 autem
804 3333 872 3387 illud
891 3343 1048 3401 agnoscunt
1067 3343 1204 3402 tanquam
1225 3347 1320 3386 unum
1340 3353 1355 3385 e

242 3421 397 3474 minoribus
411 3422 595 3475 sacramentis
613 3440 618 3474 :
639 3423 655 3447 “
667 3422 746 3474 ldem
760 3422 796 3475 de
810 3419 909 3474 santio
922 3419 1097 3473 Matrimonii
1111 3419 1242 3472 instituto
1254 3419 1355 3475 dicen-

242 3509 316 3560 dum.
357 3507 439 3576 Quod
453 3507 576 3561 adhunc
591 3525 702 3562 sacrum
717 3508 799 3561 ritum
812 3507 921 3574 attinet,
931 3505 1027 3561 libenti
1042 3505 1138 3559 animo
1149 3506 1355 3560 demonstrare

242 3597 367 3650 valemus
382 3595 492 3649 titulum
506 3596 580 3650 hunc
594 3596 827 3650 sacramentalem
842 3595 895 3665 ipsi
908 3593 1071 3649 authentice
1084 3593 1221 3662 applicari
1243 3611 1334 3663 posse
1350 3616 1355 3650 :

242 3683 328 3735 Liber
346 3683 540 3735 Homr'lrbrmn
562 3685 597 3736 de
618 3685 679 3752 ipso
700 3695 845 3754 tamquam
866 3685 902 3737 de
923 3693 1100 3736 sacramento
1121 3683 1256 3751 loquitur,
1276 3685 1354 3752 quod

242 3770 331 3822 virum
346 3781 373 3823 et
392 3769 539 3822 mulierum
553 3770 650 3824 aeterni
671 3771 774 3824 amoris
794 3770 927 3839 ligamine
941 3769 1056 3823 vincit''.
1096 3769 1139 3822 Ex
1153 3769 1260 3822 eodem
1280 3770 1355 3822 libio

242 3855 355 3918 eruitur,
375 3855 582 3909 matrimonium
603 3857 747 3925 quoddam
768 3873 830 3909 esse
848 3857 912 3911 vitae
933 3872 1022 3923 genus
1040 3872 1056 3909 a
1075 3856 1148 3919 Deo,
1165 3871 1231 3908 cunr
1257 3857 1354 3909 adhuc

243 3941 328 3993 homo
342 3943 503 3995 innocentia
517 3943 668 4008 fruebatur,
686 3942 844 3996 institutum
857 3961 863 4005 3
882 3942 1030 4010 mysticam
1044 3942 1111 4009 Jesu
1126 3939 1234 3995 Christi
1254 3955 1285 3996 et
1300 3943 1354 3996 Ec·

243 4025 337 4079 clesiae
352 4027 483 4080 unionem
498 4030 669 4096 exprimere;
689 4029 726 4082 ad
740 4031 827 4082 Canae
840 4028 952 4098 nuptias
966 4028 994 4081 in
1010 4027 1138 4093 Galilaea,
1154 4028 1264 4082 Christi
1285 4047 1354 4098 pra·

244 4111 344 4174 sentia,
358 4112 504 4181 primoque
516 4115 576 4182 ejus
590 4124 656 4167 tunc
670 4114 783 4184 perac'to
797 4116 932 4169 miraculo
945 4115 1171 4169 cohonestatum.
1213 4115 1285 4182 Jure
1305 4116 1353 4184 ig.-

245 4207 289 4248 tur
309 4213 342 4248 ac
363 4197 463 4249 merito
483 4199 623 4253 internos
644 4203 813 4255 matrimonii
833 4219 1047 4256 sacramentum
1059 4201 1168 4255 dicitur.
1208 4203 1353 4270 (ilungar-

247 4283 315 4346 Dr'x,
329 4283 513 4336 sacramental
528 4285 648 4350 System,
662 4305 686 4355 p.
702 4288 802 4356 87·88).
