2794 4662
407 205 464 256 DE
483 199 777 254 unrnmomo.
1078 201 1145 254 665

27 401 104 444 sam
123 384 232 458 ducit,
247 395 385 448 vocatur
400 386 542 448 maritus
557 396 591 448 et
612 394 723 468 potest
744 383 816 467 ipse
831 384 911 448 dare
932 382 1079 446 libellum
1097 403 1144 446 re·

27 487 129 564 pudii
148 509 156 550 :
181 489 270 568 quod
284 489 338 569 jus
354 490 415 552 soli
432 489 581 569 legitimo
592 489 805 571 competebat
822 487 961 563 marito;
986 496 1146 568 praeterea

27 589 126 668 prior
143 592 282 654 maritus
298 593 491 674 prohibetur
507 609 646 655 uxorem
664 593 835 655 dimissam
853 593 965 654 denuo
981 591 1145 671 recipere;

28 710 147 770 porro,
166 694 194 754 si
211 694 376 756 vinculum
395 715 461 758 non
476 715 553 758 vere
568 695 714 757 solutum
739 692 865 768 suisset,
882 713 940 756 cur
955 693 1019 755 ista
1036 692 1145 773 prohi-

29 789 120 854 bitio
135 793 149 854 ?
174 795 315 876 insuper,
328 796 355 856 si
372 796 546 878 permissio
558 795 749 877 hujusmodi
764 815 830 856 non
844 796 1001 857 valuisset
1018 795 1049 856 in
1067 813 1144 856 con-

28 897 191 972 scientia,
209 897 264 960 lex
288 899 401 961 multis
422 898 594 962 adulteriis
609 899 818 960 occasionem
843 898 1061 978 praebuisset3
1085 896 1144 958 ini·

28 999 205 1078 quissima
228 1000 344 1064 suisset
367 1003 542 1065 mulierum
567 1002 723 1076 conditio,
739 1022 851 1082 quum,
871 1010 947 1082 post
970 1008 1144 1080 acceptum

30 1104 172 1182 repudii
196 1103 351 1182 libellum,
368 1116 529 1188 perpetuo
549 1105 790 1168 continentiam
812 1105 988 1167 observare
1011 1102 1143 1164 debuis-

31 1215 111 1267 sent
128 1228 136 1286 ;
162 1205 297 1271 tandem
314 1209 422 1288 Judaei
439 1229 555 1270 omnes
572 1209 658 1270 hanc
675 1207 979 1290 interpretationem
996 1201 1144 1286 amplexi

31 1318 129 1383 sunt,
148 1319 182 1370 et
203 1310 279 1372 licet
295 1313 371 1374 duae
387 1312 520 1388 scholae,
534 1312 727 1374 Sclrammai
747 1311 814 1374 scil.
831 1321 864 1374 et
881 1309 992 1384 Hillel,
1010 1309 1052 1371 de
1069 1327 1144 1370 cau·

31 1411 79 1470 sis
107 1421 248 1492 propter
270 1433 352 1494 quas
376 1415 555 1477 divortium
579 1416 715 1477 concedi
739 1415 845 1496 possit
868 1413 1087 1494 disputarent,
1111 1411 1144 1472 in

32 1513 101 1574 hoc
121 1523 237 1576 tamen
254 1517 506 1580 consentiebant
522 1519 612 1599 quod
628 1518 827 1599 quandoque
844 1516 963 1578 liceret.

33 1615 89 1694 (b)
112 1616 258 1680 Nonnisi
281 1620 344 1682 sub
359 1621 457 1683 certis
472 1621 673 1701 quibusdam
690 1619 926 1682 conditionibus
942 1614 1145 1680 concedeba-

35 1725 93 1777 tur
112 1716 255 1781 facultas
271 1721 424 1798 divortii;
449 1721 610 1804 imprimis
634 1743 700 1785 non
725 1724 831 1797 uxori,
848 1722 906 1783 sed
929 1729 1059 1782 tantum
1077 1718 1146 1780 viro

36 1822 272 1902 competebat;
297 1825 364 1886 imo
379 1825 450 1888 viro
467 1845 533 1886 non
551 1823 805 1906 permittebatur
821 1823 966 1903 quando,
983 1830 1061 1882 ante
1077 1838 1145 1880 ma·

37 1924 250 2001 trimonium‚
266 1947 341 1990 cum
366 1947 472 1991 uxore
495 1928 730 1990 commercium
754 1926 886 1988 carnale
909 1925 1078 1996 habuerat,
1094 1921 1146 1983 vel

38 2045 118 2088 earn
139 2027 261 2107 injuste
276 2042 490 2093 accusaverat
513 2032 602 2112 quod
628 2050 693 2092 non
710 2038 798 2092 esset
813 2029 906 2109 virgo
918 2039 937 2089 ¹.
985 2027 1146 2088 Praeterea

39 2149 111 2190 non
131 2131 280 2209 qualibet
296 2133 338 2195 de
354 2138 453 2196 causa
466 2134 515 2196 vir
528 2153 666 2196 uxorem
685 2132 853 2194 dimittere
870 2137 1007 2211 poterat,
1020 2127 1077 2190 sed
1095 2146 1146 2187 so·

40 2232 113 2294 lum
140 2245 275 2316 propter
290 2237 434 2318 aliquam
448 2239 634 2316 feditatem
650 2236 768 2316 (’ernat
781 2233 898 2312 dabar)
915 2253 989 2313 quae
1005 2251 1073 2292 vox
1089 2231 1145 2292 de·

41 2337 202 2417 signabat
219 2340 344 2421 aliquid
361 2350 457 2422 turpe
473 2352 506 2403 et
524 2341 743 2402 inhonestum.
792 2336 863 2398 Nec
884 2353 957 2396 eam
980 2333 1147 2395 dimittere

42 2442 303 2520 permittebatur
320 2445 390 2506 sine
405 2443 509 2506 libello
525 2443 653 2523 repudii
673 2441 797 2520 scripto,
816 2457 873 2520 per
889 2438 980 2518 quod
1004 2455 1070 2497 non
1095 2455 1145 2496 so-

42 2543 115 2605 lum
142 2547 377 2625 providebatur
393 2548 493 2610 statui
518 2546 640 2620 uxoris,
656 2546 714 2606 sed
736 2541 903 2604 difficilius
919 2539 1082 2600 evadebat
1098 2538 1146 2598 di-

41 2648 199 2711 vortium.
258 2649 422 2725 Tandem,
446 2650 582 2730 quando
610 2648 728 2710 mulier
751 2647 797 2706 sic
826 2644 999 2724 repudiata
1023 2661 1145 2703 novum

43 2750 166 2813 inierat
182 2755 439 2827 matrimonium,
456 2773 476 2814 a
498 2752 596 2833 priori
619 2752 738 2812 marito
755 2769 821 2810 non
838 2756 970 2828 poterat
985 2746 1096 2806 denuo
1114 2745 1146 2806 in

43 2872 189 2916 uxorem
207 2857 307 2937 recipi
322 2879 329 2918 :
352 2840 419 2938 quo
432 2854 533 2918 fiebat
546 2863 583 2916 ut
595 2855 644 2915 vir
658 2853 763 2933 magis
777 2863 873 2913 caute
886 2859 1007 2930 ageret.
1045 2847 1147 2908 Hisce

43 2955 145 3015 variis
163 2954 417 3021 formalitatibus
435 2956 604 3038 legislator
619 2975 711 3016 sacer
726 2955 807 3015 satis
824 2951 1023 3033 ostendebat
1038 2951 1146 3011 divor-

44 3059 92 3119 tia
117 3077 189 3119 esse
213 3061 292 3139 quid
317 3061 426 3122 minus
450 3057 641 3141 perlectum,
657 3077 763 3138 eaque
786 3058 872 3118 intra
893 3063 1001 3116 certos
1026 3052 1146 3114 limites

44 3158 245 3226 coarclabat.
294 3165 393 3226 Ratio
409 3175 519 3226 autem
537 3183 594 3224 cur
611 3162 703 3224 Deus
720 3161 820 3223 talem
838 3159 1029 3221 facultatem
1047 3157 1147 3219 dede-

45 3267 87 3326 rit
111 3264 164 3325 his
185 3265 293 3328 verbis
310 3266 432 3330 Christi
456 3267 621 3328 indicatur
644 3266 713 3326 “ad
735 3263 898 3326 duritiam
918 3262 1023 3323 cordis
1033 3261 1057 3334 '',
1081 3280 1147 3334 seu,

46 3378 83 3428 ut
107 3366 255 3447 explicat
273 3367 309 3431 S.
330 3369 360 3429 T
357 3369 468 3430 horreas
486 3371 524 3446 (a.
543 3368 576 3449 3)
593 3373 755 3448 “propter
777 3365 884 3445 majus
909 3363 1033 3426 malum
1059 3362 1146 3424 cohi-

46 3471 205 3546 bendum,
222 3470 289 3533 scil.
306 3471 536 3544 uxoricidium,
552 3471 594 3532 ad
611 3470 701 3551 quod
717 3470 825 3549 Judaei
849 3468 943 3548 proni
963 3475 1057 3528 erant
1073 3485 1147 3546 pro-

47 3584 121 3655 pter
137 3575 381 3655 corruptionem
400 3573 571 3636 irascibilis
583 3575 607 3635 ''.

88 3718 136 3786 53
184 3709 283 3768 These's
297 3721 331 3766 2⁶
345 3734 356 3768 .·
380 3707 652 3772 Matrimonium
676 3706 845 3782 fidelium,
867 3710 986 3767 ratum
1008 3708 1045 3767 et
1066 3720 1147 3766 con·

48 3809 280 3876 summatum.
297 3821 369 3868 non
384 3811 514 3883 potest,
531 3803 599 3869 sub
615 3803 696 3881 lege
711 3801 929 3878 evangelica,
942 3800 1062 3877 quoad
1076 3799 1148 3862 vin·

48 3903 167 3967 culum
190 3901 345 3981 dissolvi,
362 3902 472 3966 etiam
495 3906 641 3980 propter
661 3899 888 3963 adulterium.
937 3899 1072 3962 Certum
1097 3909 1148 3961 est

49 4018 81 4071 et
103 4008 179 4071 fidei
201 4008 393 4088 proximum
411 4018 526 4069 contra
543 4006 679 4068 Graecos
695 4015 729 4067 et
747 4006 975 4066 Protestantes
991 4021 1034 4062 ex
1058 4001 1088 4062 Τ
1086 4001 1145 4062 rid.

50 4113 137 4194 (sess.
156 4111 289 4187 XXIV,
312 4130 381 4173 can.
405 4111 465 4192 7):
489 4110 553 4174 “Si
577 4109 651 4189 quis
674 4107 798 4169 dixerit
823 4105 1008 4168 Ecclesiam
1032 4123 1147 4177 errare,

84 4319 91 4340 ¹
104 4311 188 4362 Deut.
203 4306 300 4371 XXII,
315 4319 354 4372 19,
368 4320 409 4373 ²9·
