2770 4652
212 174 282 223 ⁴⁴2
659 175 798 224 CAPUT
816 174 873 222 111.

212 355 304 424 catis,
321 355 438 435 poenis,
462 353 753 430 satisfactionibus,
777 365 811 417 et
834 355 907 416 aliis
930 355 1185 417 necessitatibus
1207 355 1309 416 offerri
1378 357 1379 436 l

213 457 353 519 debere:
379 457 419 519 A.
437 458 488 521 §.¹¹
505 457 607 538 (Sess
626 457 743 534 XXII,
760 479 831 520 can.
851 459 890 539 3).
1378 447 1379 460 J

258 558 325 626 166.
376 559 544 622 Probatur
566 581 693 641 argum.
715 563 891 641 generali:
918 563 968 644 (a)
997 563 1053 624 Ex
1083 560 1181 625 ditus
1209 583 1312 644 supra,
1378 625 1379 638 J

214 662 409 725 sacrificium
440 664 553 726 Missae
581 666 668 728 idem
697 676 747 728 est
772 664 1036 728 substantialiter
1061 685 1100 726 ac
1123 663 1311 727 sacrificium
1378 737 1379 742 J

214 766 329 840 crucis
343 786 380 827 ac
396 767 537 848 proinde
553 770 688 831 eosdem
705 765 842 832 effeetus
859 767 1124 830 substantialiter
1140 770 1314 848 producere
1378 751 1379 794 ³

208 869 324 945 debet,
337 870 438 951 juxta
455 871 535 933 illud
558 872 589 933 Τ
586 871 646 933 rid.
660 895 672 934 .·
688 877 703 904 “
717 871 810 953 cujus
826 872 960 951 quidem
979 871 1159 933 oblationis
1176 881 1315 934 cruentae

217 971 341 1035 fruetus
362 974 522 1055 perhanc
548 974 715 1056 (Missam)
739 977 903 1038 uberrime
927 974 1206 1056 percipiuntur”;
1228 976 1315 1055 atqui
1378 995 1379 1060 j

217 1075 413 1139 sacrificium
430 1079 534 1140 crucis
551 1079 801 1160 quadruplicem
826 1076 980 1140 effectum
1003 1097 1103 1159 supra
1123 1079 1315 1140 recensitum

217 1178 342 1254 habuit,
359 1189 396 1242 ut
412 1181 558 1244 latentur
574 1182 635 1264 ipsi
655 1183 902 1258 Protestantes;
925 1201 1012 1262 ergo,
1378 1161 1379 1182 J

260 1282 312 1363 (b)
326 1283 465 1364 Insuper
478 1284 674 1346 sacrificium
689 1285 803 1346 Missae
816 1283 982 1347 sacrificiis
994 1284 1142 1365 antiquae
1156 1283 1237 1365 legis
1248 1304 1317 1345 suc·
1378 1347 1379 1374 p

218 1383 325 1458 cessit,
342 1393 378 1444 ut
401 1395 534 1446 constat
554 1405 598 1447 ex
619 1393 715 1448 textu
741 1385 917 1448 Malachiae
941 1406 1041 1468 supra
1064 1389 1230 1468 exposito,
1253 1388 1318 1448 imo
1378 1381 1379 1460 J

218 1485 265 1546 eis
288 1485 385 1547 valde
410 1497 566 1566 praestat;
590 1489 682 1569 atqui
707 1487 866 1550 sacrificia
885 1489 924 1552 A.
942 1489 1043 1570 Legis
1067 1489 1156 1552 hunc
1180 1491 1319 1570 quadru-

219 1587 339 1668 plicem
367 1586 521 1650 effeetum
550 1590 778 1666 obtinuerunt,
803 1602 838 1653 ut
867 1592 898 1652 in
929 1592 981 1654 Tr.
1003 1593 1042 1656 de
1069 1593 1170 1657 Verbo
1194 1593 1318 1656 Incaru.

222 1686 269 1775 (n.
287 1693 364 1770 221)
381 1694 599 1772 exposuimus
614 1715 621 1768 3
644 1713 724 1774 ergo
739 1706 757 1755 ¹.
1378 1779 1379 1782 Ἴ

265 1797 333 1877 167.
378 1795 585 1876 Argumenta
599 1797 749 1877 speciali:
774 1797 861 1878 Quia
884 1818 962 1859 vero
986 1797 1209 1861 Protestantes
1225 1799 1321 1861 modo

220 1896 354 1977 speciali
368 1909 571 1980 negaverunt
587 1901 699 1962 lllissae
715 1900 910 1963 sacrificium
927 1920 998 1963 csse
1011 1903 1277 1983 propitiatorium
1290 1912 1321 1962 ct

222 2000 496 2082 impetratorium,
512 2014 709 2084 argumenta
725 2004 880 2085 specialia
897 2015 1012 2065 contra
1029 2004 1102 2065 illos
1118 2006 1322 2067 adducimus.
1378 2015 1379 2072 s

264 2104 323 2185 (A)
341 2104 460 2187 Quoad
479 2104 634 2169 effetlum
645 2107 920 2187 propitiatorium.
959 2105 1009 2186 (a)
1025 2106 1188 2182 Christus
1204 2105 1321 2168 sacrifi-

221 2209 307 2269 cium
321 2228 426 2271 coenae
439 2209 619 2285 offerendo
632 2230 789 2291 expresse
800 2210 903 2272 dixit:
917 2215 933 2239 ‘⁴
946 2209 1011 2270 Hic
1022 2218 1072 2271 est
1085 2211 1222 2290 sanguis
1233 2229 1323 2271 meus
1378 2243 1379 2254 κ

222 2311 278 2390 qui
310 2331 370 2391 pro
401 2311 495 2373 vobis
526 2311 714 2375 effundetur
745 2314 776 2374 ln
810 2312 1027 2376 remissionem
1053 2313 1323 2392 peccatorum’'2;
1378 2319 1379 2400 l

223 2415 315 2494 atqui
329 2414 525 2478 sacrificium
540 2417 653 2479 Missae
667 2417 754 2479 idem
772 2426 822 2478 cst
838 2436 876 2478 ac
893 2415 1088 2478 sacrificium
1101 2437 1216 2492 coenae,
1227 2415 1324 2496 juxta
1378 2451 1379 2460 κ

223 2515 325 2579 illud:
360 2518 466 2581 “Hoc
495 2519 593 2580 facite
617 2520 648 2580 in
674 2539 782 2581 meam
811 2519 1162 2580 commemorationem
1178 2518 1216 2596 ’';
1247 2539 1325 2600 crgo

225 2618 330 2679 Missa
347 2620 378 2681 in
398 2622 625 2683 remissionem
643 2632 850 2702 peccatorum
867 2620 1011 2684 offertur.

223 2720 274 2801 (b)
298 2721 523 2785 Confirmatur
546 2745 589 2786 ex
614 2726 758 2807 antiquis
783 2725 958 2806 Lz'turgt'is‚
982 2726 1013 2786 in
1042 2725 1161 2806 quibus
1186 2726 1324 2788 dicitur:

223 2829 238 2856 “
253 2825 433 2888 Offerimus
450 2827 509 2889 tibi
527 2848 587 2909 pro
604 2830 749 2909 peccatis
766 2831 937 2891 nostriset
954 2828 1149 2908 ignorantiis
1168 2828 1282 2910 populi
1284 2877 1324 2892 .....

225 2929 265 2991 ad
284 2931 452 3010 expianda
469 2929 616 2993 delicta...
634 2933 666 2992 in
683 2933 814 2994 veniam
832 2929 1027 2994 delictorum
1045 2932 1168 3012 populi,
1179 2933 1324 3013 requiem
1378 2967 1379 3002 r

224 3041 257 3092 et
275 3032 476 3114 refrigerium
495 3045 626 3115 patrum
646 3045 841 3108 nostrorum,
858 3035 914 3114 qui
937 3034 1188 3097 obdormierunt
1201 3035 1224 3097 '’.
1272 3036 1323 3098 Ita
1378 3089 1379 3094 ,

228 3134 381 3216 Lz'turgia
399 3136 434 3198 S.
448 3134 571 3212 Jacobt
590 3137 624 3198 S.
643 3137 772 3212 Basilii,
788 3147 819 3199 ct
835 3137 980 3215 Syriaca.

269 3237 329 3317 (Β)
347 3238 466 3318 Quoad
484 3237 638 3302 eisedlum
657 3240 923 3320 damnatorium,
941 3259 991 3300 res
1008 3249 1138 3302 constat
1161 3258 1205 3323 eu
1229 3241 1326 3301 variis

226 3339 374 3421 liturgiis,
388 3343 418 3402 in
437 3343 556 3423 quibus
573 3343 758 3404 declaratur
776 3343 913 3403 Missam
929 3341 1038 3404 offerri
1055 3348 1141 3423 “pro
1158 3345 1325 3404 communi

226 3444 437 3507 ecclesiarum
456 3466 546 3526 pace,
559 3468 618 3528 pro
635 3445 722 3509 recta
741 3446 855 3508 mundi
873 3447 1124 3526 compositione,
1141 3466 1200 3526 pro
1217 3447 1255 3507 iis
1271 3449 1325 3528 qui

227 3546 473 3611 infirmitatibus
498 3549 659 3625 laborant,
675 3551 738 3629 qui
756 3545 989 3610 afflictionibus
1013 3559 1208 3630 premuntur
1221 3549 1245 3624 ”,
1262 3570 1326 3611 uno

227 3653 327 3712 verbo
344 3673 403 3732 pro
420 3653 574 3714 omnibus
591 3631 759 3714 beneficiis
771 3650 997 3732 spiritualibus
1010 3659 1043 3710 et
1056 3646 1295 3728 temporalibus
1306 3661 1325 3708 3.

263 3860 270 3881 ¹
287 3851 371 3904 Unde
389 3852 488 3904 merito
510 3853 536 3903 T
533 3853 633 3904 n'dent.
648 3851 727 3916 (sess.
748 3851 845 3913 XXII,
864 3867 923 3917 cap.
946 3851 970 3917 r)
987 3849 1023 3903 de
1040 3847 1182 3900 oblatione
1199 3845 1325 3900 sacrificii

228 3937 322 3990 missae
336 3937 374 3990 nit
388 3956 393 3990 :
414 3937 430 3963 “
442 3938 513 3990 Haec
527 3937 647 4007 denique
662 3937 708 3990 illa
720 3947 772 4002 est,
785 3953 848 4005 quae
861 3952 910 4003 per
923 3935 1014 3988 varias
1027 3932 1237 3996 sacrificiorum,
1250 3943 1327 3986 natu-

229 4041 266 4076 rae
280 4035 307 4078 et
320 4025 390 4091 legis
403 4035 538 4094 tempore,
549 4025 745 4078 similitudines
756 4021 942 4092 figurabatur;
955 4032 1052 4091 utpote
1062 4037 1125 4090 quae
1137 4019 1213 4072 bona
1225 4019 1328 4084 omnia,

229 4129 278 4180 per
297 4113 344 4164 illa
363 4111 528 4178 significata,
547 4114 621 4166 velut
642 4113 751 4166 illorum
774 4111 899 4165 omnium
921 4107 1127 4164 consummatio
1147 4117 1174 4160 et
1196 4105 1327 4176 perletlio
1378 4163 1379 4168 ,

229 4197 455 4268 complentium

265 4289 374 4340 ἓΜιιῐί,
393 4287 500 4348 XXVI,
517 4287 557 4339 28.
574 4317 605 4324 -
618 4292 628 4322 3
642 4287 697 4340 Clr.
712 4287 741 4338 S.
758 4286 844 4355 Cyrr'l.
862 4286 974 4339 Hieros.
992 4285 1106 4339 Catech.
1117 4292 1199 4352 myst.
1216 4295 1240 4351 5,
1255 4300 1281 4336 n.
1294 4285 1317 4337 8.
