2738 4646
246 151 308 201 ³12
391 185 393 192 ·
704 147 842 199 CAPUT
859 146 884 196 1.

246 331 403 393 tutamini
414 329 453 393 ”l
490 330 526 394 Si
540 329 640 412 igitur
654 331 880 393 Protestantes
893 326 1119 409 metaphorice
1135 321 1320 405 interpretari

245 433 346 495 verba
365 433 487 498 Christi
504 433 617 508 velint,
633 433 712 514 ipsis
729 432 872 496 tribuere
887 430 1011 493 debent
1027 448 1162 492 sensum
1180 425 1263 510 apud
1276 425 1320 506 Ju-

244 541 336 602 daeos
360 551 540 621 receptum,
561 549 594 602 et
618 540 664 600 ita
687 535 862 598 transferre
884 535 985 596 verba
1008 531 1211 614 Evangelii:
1237 529 1319 591 “Nisi

245 643 409 724 meipsum
426 641 745 705 calumniaveritis
762 656 828 700 non
845 635 1010 699 habebitis
1026 636 1130 697 vitam
1147 635 1182 696 in
1198 630 1319 703 vobis'';

244 747 333 826 quod
358 745 494 827 quidem
518 746 656 808 omnino
680 752 850 824 repugnat.
898 738 993 802 idem
1009 737 1189 801 dicendum
1213 737 1253 798 de
1272 734 1319 796 lor-

244 849 333 912 mula
355 853 370 881 “
384 849 487 912 bibere
500 848 692 930 sanguinem
706 847 730 921 ”‚
746 865 822 927 quae
838 841 1047 924 nietaplrorice
1061 836 1229 904 intelletta
1244 836 1319 900 mab-

242 947 411 1010 dr'l‘iionem
441 948 620 1029 pessimam
649 944 809 1027 exprimit
822 955 843 1004 1,
900 942 971 1004 Nec
998 941 1107 1004 dicere
1136 938 1237 1020 juvat,
1260 955 1319 998 cun

243 1051 411 1114 nonnuliis
429 1050 703 1126 Protestantibus,
718 1046 881 1111 vocabula
897 1046 1093 1108 manducare
1107 1052 1141 1107 et
1157 1042 1256 1106 bibere
1269 1060 1320 1102 me

243 1153 414 1234 taphorice
428 1153 472 1216 de
489 1153 682 1235 accipienda
698 1149 850 1215 doetrina
866 1151 955 1232 apud
972 1147 1124 1213 auftores
1141 1158 1212 1210 tum
1228 1164 1320 1208 sacros

242 1266 313 1320 tum
338 1256 494 1339 profanos
513 1277 603 1339 saepe
626 1255 790 1336 intelligi3
817 1254 869 1318 hic
891 1254 979 1316 enim
999 1253 1109 1334 agitur
1124 1250 1167 1313 de
1182 1245 1321 1330 complexi

241 1357 395 1422 locutione
406 1360 625 1421 “manducare
635 1379 764 1421 comem
776 1367 810 1421 et
821 1357 925 1420 bibere
935 1357 1158 1439 sangm'nem”‚
1170 1375 1244 1437 quae
1256 1373 1320 1416 non·

242 1461 304 1523 nisi
321 1463 362 1525 de
379 1461 565 1544 insignibus
581 1461 709 1544 injuriis
726 1471 759 1525 et
776 1460 1060 1543 persecutionibus
1076 1469 1252 1540 usurpatur
1260 1469 1278 1517 ².

241 1583 1321 1608 b————·——-————--———-—-···——·‘''

241 1668 336 1730 frusta
349 1666 404 1734 (vel
416 1667 524 1735 rames)
538 1667 699 1732 comedere;
718 1668 774 1737 qua
788 1666 890 1737 phrasi,
899 1665 985 1720 etiam
999 1665 1028 1720 in
1038 1667 1172 1734 Targum,
1181 1675 1209 1719 et
1221 1665 1247 1717 in
1257 1663 1321 1716 ΙΙΙ.

244 1750 358 1818 Syriaco
371 1752 557 1821 frequentata,
565 1753 724 1806 obtretiatio
734 1762 761 1805 et
774 1752 919 1804 columnia
928 1746 1101 1819 exprimitur.
1141 1747 1322 1802 Assimilantur

243 1854 283 1892 sc.
299 1838 516 1892 calumniatores
535 1830 653 1892 canibus
671 1839 786 1905 rabidis,
803 1836 850 1907 qui
866 1837 954 1890 frusta
972 1835 1135 1905 corporibus
1149 1836 1244 1888 avulsa
1254 1832 1321 1886 ande

242 1915 379 1978 devorant
388 1922 409 1979 '’.
449 1925 511 1978 Nec
523 1924 605 1978 aliter
620 1922 754 1978 Gesem'us
766 1926 948 1990 (Thesaurus.
964 1922 1038 1992 Lips.
1056 1921 1131 1990 1829,
1144 1931 1162 1975 t.
1180 1921 1218 1986 ll,
1231 1937 1254 1988 p.
1267 1921 1318 1988 91l³

242 2009 372 2065 “Veram
386 2011 512 2064 formulae
526 2011 664 2065 rationem
677 2011 784 2064 dudum
798 2008 875 2064 retle
889 2009 1025 2063 intellexit
1033 2009 1115 2062 Aben
1125 2007 1207 2073 Esra,
1215 2023 1273 2060 eum
1284 2003 1321 2073 qui

242 2098 315 2152 'clam
329 2097 443 2153 alterius
456 2097 560 2151 sarnam
574 2098 687 2165 lacerat,
702 2097 791 2152 instar
803 2097 864 2166 ejus
876 2113 940 2151 esse
953 2113 1080 2163 monens,
1096 2093 1143 2166 qui
1156 2111 1263 2148 curnem
1273 2093 1322 2162 ejus

241 2187 382 2240 arrodit”.
422 2186 500 2239 Unus
513 2185 665 2254 opponitur
677 2189 768 2240 textus
781 2203 815 2240 ex
827 2185 884 2254 Job
896 2183 1019 2252 (XXXI,
1033 2181 1077 2249 31)
1095 2201 1102 2237 2
1122 2182 1218 2250 “Quis
1235 2181 1278 2235 det
1294 2179 1322 2232 de

241 2273 373 2326 carnibus
382 2273 443 2341 ejus
454 2283 483 2325 ut
494 2273 684 2326 saturemur''?
704 2273 760 2326 Sed
774 2271 923 2336 immerito,
931 2287 1006 2336 nam,
1015 2280 1091 2324 textu
1102 2267 1234 2323 hebraico
1245 2268 1321 2336 inspe·

242 2357 296 2426 tto,
310 2375 409 2412 sensus
422 2369 465 2413 est
483 2375 489 2411 :
512 2358 610 2427 “Quis
624 2357 743 2426 reperiet
756 2358 878 2427 aliquem
892 2356 938 2427 qui
952 2357 1086 2410 decarne
1100 2355 1129 2423 (i.
1142 2373 1167 2410 e.
1179 2354 1261 2420 vidlu)
1272 2353 1321 2422 ejus

241 2463 298 2504 non
313 2447 348 2499 sit
363 2445 549 2510 saturatus”?‚
563 2461 612 2498 seu
626 2445 688 2498 aliis
699 2445 791 2499 verbis
804 2444 963 2499 declaratur
972 2429 1117 2498 liberalem
1127 2441 1231 2497 vidium
1244 2440 1320 2508 hospi-

242 2531 316 2586 tibus
335 2541 363 2585 et
382 2531 552 2600 pauperibus
571 2548 588 2584 a
607 2531 653 2601 pio
673 2531 728 2600 Job
747 2530 958 2601 suppeditatum
981 2529 1087 2598 suisse;
1113 2529 1231 2598 proinde
1251 2528 1322 2583 rerba

242 2617 400 2686 hujusmodi
415 2617 580 2682 litteraliter,
590 2634 646 2671 non
660 2617 852 2686 metaphorice
866 2616 1048 2684 intelligenda
1061 2627 1135 2671 sunt.

279 2705 347 2759 ¹Cl.
367 2705 459 2759 Levr't.
484 2707 539 2772 111,
562 2720 605 2774 173
633 2706 700 2771 Vll,
720 2705 765 2770 26;
794 2705 864 2772 Sap.
887 2704 938 2768 ΧΙ,
959 2715 986 2768 7;
1013 2700 1102 2773 Apoc.
1124 2701 1249 2771 XV1,6;
1273 2701 1319 2754 lsr.

243 2794 349 2858 XLIX,
366 2796 408 2846 26.

276 2886 286 2909 ²
300 2881 382 2950 Quod
396 2881 522 2950 agnoscit
541 2891 700 2950 protestans
718 2881 744 2932 Τ
741 2881 845 2932 ittmnn
860 2877 1053 2946 (Meletemata
1065 2895 1156 2946 sacra,
1170 2877 1242 2948 Lips.
1259 2876 1320 2935 1816,

241 2986 267 3039 p.
278 2969 359 3035 274):
377 2969 393 2996 ‘⁴
405 2970 561 3023 Provocant
575 2968 611 3022 ad
622 2985 703 3022 usum
717 2967 850 3037 loquendi
864 2967 1030 3036 scriptorum
1044 2966 1225 3034 profanorum
1235 2963 1276 3036 qui
1288 2960 1321 3016 usi

241 3055 344 3111 suerint
357 3054 449 3109 verbis
462 3056 540 3108 edere
553 3066 581 3110 et
594 3054 682 3108 bibere
694 3055 729 3108 de
749 3071 783 3110 eo
802 3054 849 3122 qul
869 3051 1003 3107 imbuitur
1019 3053 1137 3122 alicujus
1156 3051 1284 3117 dodlrini,
1299 3063 1322 3101 ut

242 3157 305 3195 eam
319 3140 452 3210 suscipiat
466 3153 493 3196 et
508 3142 616 3210 probet.
656 3143 749 3210 Atque
763 3140 792 3194 id
806 3139 922 3210 quidem
935 3139 1113 3194 verissimum
1126 3149 1178 3206 est,
1189 3137 1321 3208 scriptores

242 3244 351 3296 graecos
364 3239 392 3282 et
406 3228 508 3282 latinos
522 3229 673 3297 usurpasse
688 3228 774 3281 verba
786 3228 865 3280 edere
877 3237 904 3280 et
918 3227 1006 3280 bibere
1022 3227 1077 3280 hoc
1090 3226 1247 3295 significatu
1261 3241 1266 3277 :
1282 3239 1322 3276 eos

241 3332 307 3370 vero
320 3315 374 3369 hoc
387 3315 435 3369 tali
449 3315 534 3369 modo
548 3332 614 3369 usos
631 3313 719 3368 iuisse
735 3314 862 3367 formulis
875 3313 954 3366 edere
965 3329 1077 3367 carnem
1089 3319 1118 3366 et
1128 3309 1322 3379 br'beresangui·

243 3416 304 3452 nem
315 3398 432 3468 alicujus
443 3398 471 3450 id
482 3397 577 3451 doceri
588 3407 681 3467 potest
692 3414 727 3451 ne
738 3413 794 3450 uno
805 3396 919 3466 quidem
929 3397 1083 3468 exemplo'’.
1105 3396 1183 3451 Hinc
1191 3392 1323 3465 D.Als0rd

242 3483 348 3552 (Greek
361 3487 387 3538 T
383 3490 431 3539 est.
444 3484 471 3537 in
482 3483 508 3538 h.
520 3484 586 3550 loc.)
598 3483 843 3553 interpretationes
854 3483 1061 3552 metaphoricas
1071 3477 1155 3552 hujus
1166 3481 1218 3537 loci
1228 3493 1254 3535 ut
1265 3496 1320 3550 prae·

243 3569 370 3640 posteras
383 3571 482 3640 rejicit,
499 3569 550 3624 sed
563 3570 646 3622 simul
660 3579 689 3622 ut
703 3569 853 3622 litteralem
866 3568 916 3638 (l)
928 3571 1001 3623 hanc
1019 3569 1150 3638 proponit
1168 3570 1320 3639 explanatio

243 3672 307 3709 nem
321 3675 328 3710 ι
348 3653 481 3712 “Christi
495 3672 609 3709 carnem
623 3654 794 3709 manducare
808 3656 883 3709 idem
894 3666 936 3710 est
949 3673 982 3710 ac
996 3655 1022 3708 in
1035 3653 1092 3708 vita
1105 3657 1202 3709 nostra
1215 3651 1319 3710 interiori

243 3739 316 3793 illius
337 3740 462 3808 corporis
483 3757 499 3792 a
520 3739 637 3792 mortuis
658 3738 769 3794 excitati
791 3739 955 3808 mysterium
973 3739 1137 3809 exprimere,
1154 3750 1183 3794 et
1203 3735 1319 3809 quidquid

242 3825 324 3892 hujus
338 3825 463 3892 corporis
477 3825 514 3878 ad
527 3841 580 3880 nos
594 3825 741 3896 pertineat,
756 3824 784 3878 id
798 3825 925 3894 digerere
937 3841 971 3879 ac
987 3823 1015 3877 in
1029 3834 1156 3878 nostram
1170 3839 1318 3880 camenas·

243 3927 352 3966 sumere
362 3929 368 3974 ;
388 3911 455 3964 item
465 3913 561 3966 bibere
572 3913 632 3981 ejus
643 3913 809 3980 sanguinem
820 3912 889 3966 nihil
903 3911 978 3966 aliud
989 3923 1128 3988 estquam
1138 3912 1167 3966 in
1177 3913 1232 3966 vita
1242 3909 1318 3963 nostri

243 3996 374 4063 interiori,
396 3999 499 4053 oblatae
518 4017 568 4068 pro
588 4012 704 4068 peccato
724 3999 924 4054 satisfadlionis
943 3999 1108 4069 mysterium
1128 4002 1282 4071 exprimere.
1297 4007 1317 4048 et
1359 3991 1360 4020 l

243 4083 379 4154 quidquid
394 4085 594 4139 satisfatlionis
607 4087 744 4156 effusique
758 4105 808 4157 pro
821 4087 903 4142 nobis
917 4087 1062 4156 sanguinis
1076 4088 1114 4141 ad
1128 4105 1180 4142 nos
1193 4087 1317 4160 pertineat.

243 4171 271 4223 id
286 4167 412 4235 digerere
430 4187 464 4223 ac
483 4171 512 4223 in
531 4185 658 4227 nostrum
671 4191 815 4228 assumere
829 4175 1026 4244 sanguinem¹'.
1067 4173 1237 4244 Huiusmodi
1253 4175 1316 4227 inter·

244 4253 431 4323 pretationem
444 4255 528 4312 nimis
541 4268 698 4312 contortam
710 4276 773 4314 esse
787 4277 870 4314 nemo
884 4270 926 4315 est
944 4261 990 4332 qui
1008 4275 1064 4314 non
1077 4261 1174 4316 videat
1192 4271 1220 4316 et
1237 4257 1315 4314 mirum
