2752 4648
196 157 252 208 DE
271 157 491 208 ursmaro
503 156 784 210 ,PRAESENTIAE
803 153 969 204 nultus,
1069 153 1137 205 363

319 275 393 284 4...-
422 271 1003 282 ---.--.—-—-—-—--———-——--.-.
1027 269 1130 278 -.-.—-=

50 333 105 394 hec·
118 335 281 395 accidentia
299 353 351 394 seu
371 335 570 408 phaenonrena
589 334 706 393 realiter
718 332 856 402 existunt,
867 334 950 404 Juxta
968 331 1136 390 doctrinam

50 439 124 492 supra
134 423 308 495 expositam,
322 433 373 480 aut
392 422 496 480 saltem
516 420 661 480 realitera
676 421 742 478 Deo
755 419 970 492 producuntur,
986 419 1009 475 si
1028 419 1135 476 admit·

50 519 115 566 tatur
132 509 235 581 opinio
257 509 401 580 Cartesii;
428 508 451 565 si
475 517 574 566 autem
597 525 632 564 ex
652 507 708 564 illis
729 503 935 565 accidentibus
955 505 1135 564 concludere

49 595 126 652 velint
138 596 231 668 ipsam
245 595 441 654 substantiam
455 595 540 666 panis
554 593 657 652 etvini
675 609 835 658 remanere,
850 592 1048 665 decipiuntur,
1064 592 1135 664 quia

48 681 168 752 judicant
180 684 219 741 de
231 683 353 754 objecto
367 700 428 740 uon
439 699 502 752 suo,
513 683 552 740 de
565 680 686 753 obiecto
696 681 779 753 quod
791 681 830 739 ad
843 680 939 738 solum
953 680 1134 738 intellectum

49 768 169 838 pertinet,
194 769 279 840 cujus
301 767 431 826 officium
453 777 496 826 est
516 767 650 839 judicare
671 766 710 826 de
732 765 912 827 substantiis.
961 765 1134 825 Interiectus

48 863 135 911 autem
149 872 208 913 non
221 853 378 928 decipitur,
391 855 462 928 quia
475 854 631 927 perfidem
645 853 836 922 illuminatus,
850 854 904 912 scit
923 853 1007 926 panis
1026 863 1055 912 et
1074 853 1133 910 vini

49 939 228 999 substantiam
243 960 304 1000 non
318 942 446 1014 amplius
460 942 489 999 iu
505 942 691 1000 Eucharistial
704 941 835 1002 existere.
853 941 893 1011 (S.
912 941 968 998 Tr.
978 957 996 1009 4
1008 939 1075 998 dist.
1095 958 1134 1008 rr,

49 1043 72 1096 Q·
86 1047 106 1084 ¹·
120 1047 145 1086 a.
160 1031 197 1100 1·)
420 1091 424 1098 .
600 1090 603 1096 ,

76 1115 112 1180 ⁶2.
147 1115 291 1172 Instant:
310 1115 487 1175 Accidentia
506 1115 592 1188 panis
611 1127 640 1174 et
659 1115 729 1184 vini,
743 1115 832 1173 etiam
852 1124 919 1187 post
937 1115 1133 1178 consecratio-

49 1217 116 1268 nem,
127 1203 183 1258 ru‘m
195 1202 349 1260 nutriendi
359 1202 486 1262 retinent
498 1223 505 1274 ;
525 1202 606 1275 atqui
621 1219 681 1260 non
695 1212 821 1274 possunt
834 1201 954 1270 nutrire,
967 1200 1022 1257 nisi
1042 1217 1133 1258 rema·

49 1299 108 1345 neat
118 1287 282 1346 substantia
295 1289 380 1362 panis
393 1301 422 1348 et
435 1290 495 1348 vini
509 1311 516 1356 ;
535 1307 614 1360 crgo.

81 1370 156 1442 Resp.
195 1372 277 1443 Nego
296 1372 442 1438 minorem,
459 1391 527 1430 nam
549 1391 594 1430 res
614 1372 726 1445 duplici
748 1373 840 1431 modo
860 1371 997 1444 explicari
1019 1382 1115 1446 potest
1126 1391 1135 1443 ;

50 1459 83 1522 (a)
94 1457 138 1516 illa
156 1458 322 1517 accidentia
341 1459 533 1518 solummodo
551 1459 662 1517 nutrire
681 1458 828 1530 incipiunt
845 1458 968 1530 quando
985 1459 1045 1530 jam
1064 1458 1134 1516 alte-

50 1552 136 1602 rantur
155 1546 183 1602 iu
203 1545 379 1613 stomacho;
400 1547 541 1617 jamvero,
554 1544 683 1603 alteratis
700 1545 915 1615 accidentibus,
928 1563 988 1604 nou
1006 1544 1134 1617 amplius

50 1642 167 1692 remanet
180 1633 347 1690 substantia
359 1632 492 1704 corporis
506 1632 625 1704 Christi,
643 1634 695 1692 sed
708 1633 799 1692 altera
811 1633 976 1691 substantia
989 1632 1132 1700 succedit,

50 1716 72 1770 ri
83 1719 161 1787 cujus
173 1719 342 1778 accidentia
360 1720 444 1792 panis
456 1731 486 1778 et
499 1719 559 1777 vini
572 1737 677 1778 omnes
690 1719 812 1778 eftectus
832 1719 997 1792 producere
1010 1731 1135 1793 possunt

50 1819 115 1872 quos
126 1807 209 1876 panis
222 1816 251 1864 et
264 1805 366 1863 vinum
380 1806 550 1865 naturaliter
560 1817 691 1864 causant.
731 1809 771 1877 (b)
782 1807 880 1864 Aliam
893 1807 1073 1865 solutionem
1088 1825 1135 1865 ex·

50 1887 121 1948 hibet
133 1892 161 1949 S
179 1892 329 1949 Thomas:
348 1893 484 1951 “Melius
497 1893 660 1952 dicendum
675 1893 791 1952 videtur
803 1893 887 1964 quod
905 1892 933 1949 in
952 1892 1016 1964 ipsa
1032 1897 1137 1950 conse!

49 1975 174 2048 eratione,
186 1979 264 2036 sicut
276 1977 441 2037 substantia
450 1980 536 2052 panis
550 1979 578 2036 in
590 1997 698 2052 corpus
706 1979 814 2039 Christi
830 1978 1004 2037 miraculose
1014 1995 1135 2036 conver·

49 2062 114 2134 titur,
128 2066 166 2122 ita
179 2065 348 2122 miraculose
359 2066 548 2124 occulentibus
560 2067 710 2125 confertur
722 2066 805 2139 quod
817 2065 984 2131 subsr'stant,
995 2065 1078 2137 quod
1091 2075 1135 2124 est

50 2151 188 2221 proprium
201 2151 374 2211 substantiae
391 2174 397 2211 :
411 2165 440 2211 et
453 2172 506 2226 per
519 2171 706 2226 consequens
720 2153 802 2226 quod
814 2153 912 2210 onrrrr'a
919 2152 1035 2224 possint
1037 2153 1136 2223 facere

48 2244 71 2290 et
82 2238 388 2310 patr‘quoesubstantr‘a
409 2250 509 2313 posset
529 2240 625 2299 facere
644 2252 674 2298 et
693 2240 763 2312 pati,
779 2239 803 2296 si
822 2238 988 2298 substantia
1000 2239 1117 2297 adesset
1127 2259 1136 2311 ;

50 2323 119 2381 unde
130 2325 192 2383 sine
206 2343 284 2383 novo
299 2325 441 2385 miraculo
454 2337 483 2386 et
497 2328 642 2386 inebriare
655 2339 684 2386 et
698 2328 808 2387 nutrire
820 2335 850 2384 et
864 2326 1018 2384 incinerari
1036 2338 1066 2384 et
1083 2344 1136 2398 pu·

50 2409 143 2468 trelieri
156 2423 289 2483 possunt,
301 2413 410 2472 eodem
420 2415 552 2472 modoet
565 2415 670 2474 ordine
681 2433 715 2472 ac
729 2415 752 2471 si
766 2413 930 2472 substantia
943 2413 1027 2485 panis
1037 2424 1066 2472 et
1076 2413 1135 2470 vini

49 2495 152 2555 adesset
161 2498 183 2556 '².
224 2499 324 2566 (Cont.
338 2500 426 2558 Gent.
441 2500 458 2556 l.
473 2501 526 2570 IV,
540 2519 565 2557 c.
578 2503 632 2571 66.)
645 2501 805 2558 —Eodem
819 2501 879 2558 iere
893 2499 985 2558 modo
998 2499 1135 2572 explicari

49 2582 115 2641 valet
131 2586 285 2656 quomodo
304 2599 455 2646 venenatae
468 2588 582 2660 species
596 2588 710 2660 possint
729 2588 1000 2648 communicantem
1019 2579 1136 2656 necare3

49 2688 107 2729 nam
126 2692 282 2745 venenum,
304 2685 409 2747 utpote
429 2676 551 2736 materia
571 2686 718 2744 extranea,
736 2675 765 2731 in
785 2691 893 2746 corpus
907 2685 936 2732 et
949 2674 1136 2745 sanguinenu

50 2755 145 2816 Christi
159 2778 219 2819 non
233 2770 373 2831 mutatur,
386 2763 438 2820 sed
451 2763 547 2820 solum
563 2763 647 2835 panis
660 2775 688 2820 et
702 2761 761 2819 vini
774 2761 980 2819 accidentibus
993 2761 1132 2830 adhaeret,

50 2845 221 2918 proindeque
246 2864 316 2905 suos
341 2847 465 2905 lethales
489 2849 621 2917 effectus,
642 2848 731 2906 etiarn
758 2847 877 2920 peracta
902 2847 1136 2915 consecratione,

50 2931 200 2997 producere
213 2944 321 3006 potest.

75 3023 111 3086 64-
147 3020 270 3078 Instant
281 3024 386 3078 ilerum
399 3043 409 3077 .·
429 3022 459 3079 Si
473 3023 587 3094 species
600 3022 804 3080 eucharisticae
815 3020 926 3091 analysi
942 3019 1076 3077 chemica
1094 3038 1136 3078 re·

50 3105 194 3174 solvantur,
211 3107 283 3163 nihil
298 3107 326 3163 in
342 3108 412 3179 ipsis
426 3109 574 3167 invenitur
587 3109 641 3166 nisi
657 3109 742 3180 panis
756 3108 856 3166 etvini
871 3106 1047 3186 substantia;
1066 3126 1136 3178 ergo

51 3191 103 3248 talis
115 3194 279 3252 substantia
292 3195 348 3252 sub
361 3196 405 3253 eis
419 3208 528 3254 manet.

75 3278 153 3351 Rcsp.
194 3281 275 3337 Dum
290 3281 417 3352 analysis
430 3281 565 3340 chemica
578 3282 712 3340 dissolvit
730 3282 896 3340 accidentia
916 3281 1001 3353 panis
1018 3291 1048 3338 et
1065 3281 1133 3351 vini,

51 3379 77 3417 eo
89 3365 149 3436 ipso
161 3384 271 3439 corpus
284 3367 396 3426 Christi
411 3369 440 3424 in
455 3369 510 3426 illis
524 3387 588 3427 esse
602 3369 711 3427 desinit
725 3373 826 3440 (supra
840 3387 868 3425 n.
885 3372 942 3440 55);
963 3385 1018 3425 nec
1029 3367 1136 3423 mirum

50 3452 128 3508 estin
150 3453 308 3526 speciebus
328 3455 530 3514 eucharisticis
549 3456 674 3514 inveniri
697 3454 893 3528 proprietates
915 3453 998 3525 panis
1017 3464 1046 3511 et
1065 3453 1133 3522 vini,

50 3551 128 3604 quum
159 3541 223 3599 istae
254 3553 442 3613 perseverent
467 3543 495 3598 in
521 3543 736 3610 accidentibus,
764 3541 819 3599 Dei
845 3540 1028 3612 operatione,
1056 3539 1138 3609 juxta

50 3620 72 3676 S.
86 3625 220 3683 Thonram
234 3631 336 3698 <supra
350 3646 377 3684 n.
391 3631 447 3699 63),
459 3637 510 3686 aut
529 3629 633 3686 saltem
654 3647 670 3685 a
693 3629 758 3685 Deo
778 3627 972 3699 suppleantur
985 3626 1083 3682 statim
1102 3644 1137 3684 ac

50 3725 141 3782 corpus
155 3712 268 3772 Christi
282 3714 393 3772 recedit
407 3732 424 3772 e
437 3714 603 3786 speciebus,
615 3717 697 3785 juxta
710 3713 858 3786 quosdam
872 3713 953 3770 alios.

14 3861 15 3884 ,
75 3816 110 3880 65
147 3815 195 3884 (Β)
218 3815 380 3887 Repugnat
401 3817 569 3875 accidentia
590 3836 735 3874 remanere
757 3817 817 3874 sine
837 3815 959 3888 subsella
978 3815 1027 3872 cui
1048 3815 1136 3874 inhae-

14 3891 16 3984 l
50 3909 134 3970 reant3
153 3902 235 3972 atqui
252 3901 282 3958 in
293 3901 479 3960 Eucharistiai
491 3903 658 3962 accidentia
672 3905 757 3975 panis
768 3914 796 3961 et
808 3903 867 3960 vini
881 3903 954 3961 nulli
964 3902 1138 3961 substantiae

51 3979 198 4058 inhaerent3
217 4005 298 4058 erg0.

76 4070 151 4145 Resp.
193 4073 275 4146 Nego
288 4075 438 4146 majarum,-
448 4094 526 4140 nam,
537 4094 572 4134 ex
586 4077 674 4134 dictis
688 4095 784 4150 supra,
799 4078 881 4136 Deus
894 4087 973 4136 certe
987 4088 1084 4149 potest
1098 4078 1111 4134 l
1127 4109 1136 4118 ·

50 4169 101 4214 tere
113 4177 164 4232 per
176 4179 208 4218 se
222 4161 372 4232 quidquid
385 4163 455 4220 iacit
474 4180 527 4234 per
539 4181 643 4221 causas
656 4165 802 4222 secundas
814 4185 821 4235 ;
840 4163 932 4236 atqui,
947 4175 1016 4222 ante
1033 4181 1137 4221 conse-

50 4249 204 4320 crationem,
222 4251 303 4308 Deus
323 4252 487 4309 sustinebat
508 4253 684 4317 accidentia,
699 4252 850 4310 mediante
870 4252 1032 4309 substantia
1052 4250 1136 4322 panis
