2794 4662
416 201 473 250 DE
491 195 783 249 MATRIMONIO.
1085 183 1150 238 679

42 387 93 440 tat
111 398 218 442 earn...
256 379 354 461 Quod
370 382 395 442 si
409 379 549 444 infidelis
561 380 711 456 discedit,
723 377 887 441 discedat:
908 395 969 437 non
985 373 1069 436 enim
1084 392 1149 434 ser-

40 482 151 542 vinni
165 482 322 559 subjectus
336 493 387 546 est
403 484 503 548 frater
518 495 576 548 aut
592 505 683 547 soror
699 485 731 546 in
748 480 937 563 hujusmodi
949 480 964 506 ”
1057 477 1148 558 Jam-

39 605 124 648 vero
142 585 196 648 his
211 585 319 650 verbis
336 586 520 668 Apostolus
536 586 688 651 concedit
704 584 896 647 facultatem
913 579 1061 643 solvendi
1078 578 1147 640 vin-

40 689 160 750 culum
178 690 420 752 matrimoniale
436 710 496 772 pro
512 691 642 753 casibus
659 691 691 752 in
709 688 793 750 thesi
815 685 1002 768 expressis;
1024 681 1147 744 etenim

39 793 92 872 (a)
111 792 169 855 hic
186 793 273 856 lideli
291 814 450 868 converso
468 793 588 856 Paulus
605 791 757 855 concedit
773 789 915 872 speciale
930 786 1146 868 privilegium,

38 905 73 958 et
90 895 233 976 quidem
249 916 310 978 pro
326 896 554 961 determinatis
575 893 831 958 circumstantiis
845 913 851 968 ;
874 890 976 972 atqui,
991 889 1018 950 si
1035 907 1146 968 agere-

38 1006 94 1060 tur
119 1000 228 1062 solum
252 1000 294 1062 de
317 1000 569 1081 separationen
592 1008 660 1060 toro
684 1007 715 1059 ct
739 993 856 1069 mensal,
878 1012 944 1056 non
968 1002 1081 1054 autem
1104 989 1146 1052 de

37 1099 212 1164 solutione
235 1101 366 1178 vinculi,
390 1121 456 1164 non
480 1101 615 1164 daretur
637 1101 780 1182 speciale
802 1098 1019 1181 privilegium,
1043 1115 1143 1176 quum

37 1205 211 1284 separatio
235 1205 277 1268 sit
301 1224 477 1267 commune
500 1204 682 1267 remedium
708 1204 740 1266 in
763 1202 861 1266 simili
886 1221 983 1280 casu;
1012 1199 1145 1262 aliunde

36 1306 134 1368 nulla
152 1307 375 1370 declaratione
391 1327 475 1389 opus
491 1316 562 1370 erat
578 1316 614 1369 ut
630 1307 755 1387 conjux
773 1305 879 1368 fidelis
896 1303 1144 1367 acohabitatio-

36 1429 79 1472 ne
99 1410 267 1485 liberetur,
282 1430 385 1490 quum
402 1431 445 1472 ex
462 1410 639 1492 hypothesi
662 1410 877 1493 impossibilis
892 1411 935 1472 sit
952 1431 959 1485 ;
982 1427 1060 1488 ergo
1075 1407 1143 1487 agi-

36 1521 92 1574 tur
116 1513 162 1574 de
185 1512 349 1574 solutione
373 1512 516 1588 vinculi;
538 1511 590 1594 (b)
613 1513 745 1576 additur·
769 1524 896 1594 partem
921 1510 1052 1574 fidelem
1078 1527 1143 1570 non

35 1635 112 1678 esse
124 1614 267 1696 amplius
277 1615 448 1688 subnnan
457 1615 626 1684 serur'tntn
634 1615 784 1695 jamvero
795 1615 934 1677 servitus
944 1612 1144 1694 hujusmodi,

35 1717 245 1782 discessione
276 1720 378 1801 partis
411 1717 553 1782 infidelis
582 1718 652 1798 jam
680 1715 821 1801 poradta,
847 1717 927 1779 nihil
954 1716 1043 1779 aliud
1072 1735 1143 1778 esse

35 1831 155 1903 potest
171 1823 233 1884 nisi
252 1824 359 1904 ipsum
372 1822 540 1885 vinculum
556 1821 809 1896 matrimoniale,
822 1820 911 1902 quod
925 1838 1037 1882 revera
1049 1819 1142 1899 Apo-

34 1926 149 1989 stolus
173 1926 256 1990 insra
278 1927 350 2008 (27)
373 1927 511 2008 ligamen
534 1935 652 2000 vocat;
686 1923 900 1988 confirmatur
922 1944 965 1986 ex
990 1943 1030 1985 eo
1053 1924 1141 2003 quod

36 2050 154 2092 sermo
184 2030 374 2112 hujusmodi
406 2031 558 2111 dirigitur
585 2029 626 2092 ad
654 2048 917 2104 neo-conversos,
944 2026 1032 2108 apud
1058 2046 1142 2107 quos

34 2133 176 2215 vigebat
188 2133 361 2198 dissolutio
375 2134 585 2209 matrimonii,
596 2152 661 2196 non
679 2143 790 2195 autem
807 2131 951 2212 simplex
968 2130 1141 2211 separatio,

36 2235 167 2316 quique
183 2233 320 2316 proinde
336 2255 417 2298 voce
432 2235 574 2297 discedat
587 2235 787 2299 solutionem
804 2234 924 2298 vinculi
948 2232 1143 2296 naturaliter

34 2337 271 2417 intelligebant
286 2359 293 2413 ;
316 2338 364 2418 (c)
381 2338 515 2400 tandem
539 2339 655 2401 crescit
671 2338 719 2400 vis
736 2337 931 2420 argumenti,
948 2337 974 2398 si
991 2337 1141 2398 animad-

32 2441 177 2503 vertitur
192 2441 365 2503 antithesis
381 2461 480 2522 quam
499 2441 614 2503 Paulus
632 2441 774 2504 instituit
792 2441 881 2505 inter·
892 2439 1047 2521 conjugia
1054 2440 1138 2520 fide·

31 2543 119 2604 lium
137 2542 314 2623 dequibus
336 2544 416 2606 dicit
436 2543 466 2624 (ι
478 2544 508 2624 ι)
529 2545 617 2624 quod
639 2545 665 2606 si
687 2544 736 2606 vir
754 2544 951 2620 discesserit,
968 2543 1138 2605 mulierem

30 2647 208 2726 innuptam
226 2669 359 2711 manere
376 2648 505 2721 debere,
520 2658 553 2710 et
569 2649 750 2730 infidelium
767 2647 941 2722 connubia,
957 2648 999 2709 de
1018 2647 1138 2728 quibus

31 2751 177 2812 scribit:
208 2753 321 2833 “quod
343 2752 375 2813 si
401 2751 543 2832 infidelis
571 2752 713 2826 discedit,
739 2751 904 2814 discedat”
918 2775 931 2821 ,·
961 2751 1022 2812 hac
1048 2753 1136 2813 enim

32 2853 249 2934 oppositione
260 2855 340 2917 satis
350 2855 496 2918 ostendit
508 2855 540 2916 in
552 2854 669 2917 ultimo
681 2875 757 2917 casu
771 2855 823 2936 agi
835 2855 877 2916 de
887 2859 962 2917 vera
973 2854 1137 2916 solutione

29 2955 155 3018 vinculi
169 2968 193 3019 2.
241 2957 398 3021 Fatemur
421 2968 533 3020 tamen
558 2968 787 3039 argumentum
805 2977 870 3020 non
888 2978 960 3020 esse
976 2956 1137 3040 apodidti·

28 3079 119 3134 cum,
136 3060 197 3122 nisi
214 3063 352 3123 accedat
368 3058 547 3124 auetoriras
565 3062 680 3141 praxis
698 3061 863 3124 Ecclesiae.

72 3175 123 3241 66.
173 3171 240 3261 (B)
256 3177 285 3238 Α
291 3177 460 3239 ιιὲἲονίίαίε
469 3187 500 3238 et
503 3177 607 3257 praxi
618 3177 765 3240 Ecclesioe
778 3202 789 3241 :
805 3179 855 3258 (a)
874 3179 986 3240 Patres
998 3178 1133 3259 quidem

28 3279 181 3360 plerique
197 3281 239 3344 de
254 3280 317 3343 hoc
333 3283 503 3358 siluerunt,
516 3282 590 3361 quia
607 3282 686 3363 ipsis
702 3282 763 3344 hhc
780 3282 820 3345 de
837 3303 870 3346 re
886 3281 1049 3346 scribendi
1066 3302 1132 3344 non

26 3403 64 3444 se
80 3382 185 3445 dabat
198 3386 429 3465 opportunitas
444 3409 450 3464 ;
474 3384 624 3447 nonnulli
639 3395 760 3461 tamen,
771 3395 808 3448 ut
819 3385 1022 3460 Ambrosius,
1035 3384 1133 3465 Clrry-

25 3496 195 3562 sommus,
212 3487 242 3548 T
239 3487 467 3568 heophylnllnn
483 3487 605 3569 aliique
622 3489 667 3551 ita
684 3489 784 3551 locuti
801 3499 879 3550 sunt
893 3498 931 3552 ut
946 3487 1131 3553 doftrinam

27 3608 130 3669 supra
152 3590 340 3670 expositam
363 3591 508 3652 tenuisse
531 3592 708 3654 videantur
719 3603 740 3653 3.
786 3590 836 3672 (b)
856 3591 1060 3654 Innocentius
1075 3592 1137 3655 III

30 3693 62 3772 (1
75 3692 251 3771 160-1216)
269 3711 336 3754 rem
355 3701 468 3774 aperte
484 3693 673 3771 declaravit,
690 3705 724 3756 et
741 3694 783 3756 ab
800 3695 870 3773 ejus
887 3703 1044 3776 tempore,
1061 3694 1132 3758 hrec

65 3883 107 3935 'l
117 3883 179 3936 Cor.
195 3883 261 3950 Vll,
278 3894 365 3953 12-15.

63 3971 73 4002 '³
86 3971 238 4040 Apostolus
251 3970 357 4026 dircite
370 3989 425 4026 non
439 3973 560 4044 loquitur
573 3973 624 4027 nisi
642 3975 677 4028 de
696 3991 762 4028 casu
779 3992 834 4044 quo
851 3975 970 4030 infidelis
984 3977 1052 4029 nolit
1065 3993 1129 4030 cum

27 4059 148 4128 conjuge
161 4075 297 4112 converso
311 4060 447 4127 habitare,
461 4062 511 4116 sed
524 4062 580 4116 duo
593 4063 726 4130 postremi
744 4081 826 4118 casus
840 4065 867 4116 in
882 4065 971 4133 primo
985 4065 1128 4118 includun-

28 4159 72 4200 tur
84 4166 90 4200 :
103 4147 149 4201 ille
159 4147 235 4200 enim
245 4148 393 4200 moraliter
400 4149 523 4214 discedit,
533 4166 588 4218 quo
599 4166 654 4202 non
666 4151 723 4203 vult
734 4151 895 4204 cohabitare
906 4151 958 4206 nisi
971 4167 1034 4206 cum
1046 4153 1129 4206 Crea-

28 4234 96 4287 toris
110 4234 219 4304 injuria,
235 4244 282 4288 aut
296 4234 484 4303 pertrahendo
497 4236 607 4290 fidelem
621 4237 768 4305 conjugem
782 4238 819 4292 ad
832 4249 987 4308 peccatum.

62 4319 73 4350 ³
87 4322 211 4390 Quorum
224 4319 385 4374 testimonia
398 4321 461 4374 vide
475 4321 550 4392 apud
567 4319 708 4387 Carrr'lre,
721 4339 746 4376 n.
765 4325 825 4390 238,
842 4336 901 4378 not.
922 4343 942 4380 r.
