<?xml version="1.0" encoding="UTF-8"?>
<!DOCTYPE html PUBLIC "-//W3C//DTD XHTML 1.0 Transitional//EN"
    "http://www.w3.org/TR/xhtml1/DTD/xhtml1-transitional.dtd">
<html xmlns="http://www.w3.org/1999/xhtml" xml:lang="en" lang="en">
 <head>
  <title>
</title>
<meta http-equiv="Content-Type" content="text/html;charset=utf-8" />
  <meta name='ocr-system' content='tesseract 3.04.00' />
  <meta name='ocr-capabilities' content='ocr_page ocr_carea ocr_par ocr_line ocrx_word'/>
</head>
<body>
  <div class='ocr_page' id='page_1' title='image "./synopsistheolog01tanqgoog_0090.png"; bbox 0 0 2780 4646; ppageno 0'>
   <div class='ocr_carea' id='block_1_1' title="bbox 382 174 1164 228">
    <p class='ocr_par' dir='ltr' id='par_1_1' title="bbox 382 174 1164 228">
     <span class='ocr_line' id='line_1_1' title="bbox 382 174 1164 228; baseline 0.004 -4"><span class='ocrx_word' id='word_1_1' title='bbox 382 176 438 225; x_wconf 80' lang='lat' dir='ltr'>DE</span> <span class='ocrx_word' id='word_1_2' title='bbox 455 175 617 225; x_wconf 72' lang='lat' dir='ltr'>GRATIA</span> <span class='ocrx_word' id='word_1_3' title='bbox 638 174 835 226; x_wconf 70' lang='lat' dir='ltr'>acrum.</span> <span class='ocrx_word' id='word_1_4' title='bbox 1121 175 1164 228; x_wconf 84' lang='lat'>⁷5</span> 
     </span>
    </p>
   </div>
   <div class='ocr_carea' id='block_1_2' title="bbox 73 289 1163 299">
    <p class='ocr_par' dir='ltr' id='par_1_2' title="bbox 73 289 1163 299">
     <span class='ocr_line' id='line_1_2' title="bbox 73 289 1163 299; baseline -0.002 -1"><span class='ocrx_word' id='word_1_5' title='bbox 73 291 199 299; x_wconf 83' lang='lat'>--—</span> <span class='ocrx_word' id='word_1_6' title='bbox 397 289 1163 298; x_wconf 78' lang='lat'>.—-—--—-———-——-—-—·—-——-—-——.</span> 
     </span>
    </p>
   </div>
   <div class='ocr_carea' id='block_1_3' title="bbox 59 355 1161 2284">
    <p class='ocr_par' dir='ltr' id='par_1_3' title="bbox 65 355 1161 950">
     <span class='ocr_line' id='line_1_3' title="bbox 70 355 1161 439; baseline 0 -22"><span class='ocrx_word' id='word_1_7' title='bbox 70 355 291 437; x_wconf 85' lang='lat' dir='ltr'>dependenter</span> <span class='ocrx_word' id='word_1_8' title='bbox 312 375 333 418; x_wconf 92' lang='lat' dir='ltr'>a</span> <span class='ocrx_word' id='word_1_9' title='bbox 356 356 484 439; x_wconf 86' lang='lat' dir='ltr'>legibus</span> <span class='ocrx_word' id='word_1_10' title='bbox 507 366 643 419; x_wconf 80' lang='lat' dir='ltr'>naturae.</span> <span class='ocrx_word' id='word_1_11' title='bbox 701 356 889 421; x_wconf 89' lang='lat' dir='ltr'>Illustratur</span> <span class='ocrx_word' id='word_1_12' title='bbox 909 355 1069 438; x_wconf 90' lang='lat' dir='ltr'>exemplo</span> <span class='ocrx_word' id='word_1_13' title='bbox 1088 375 1096 417; x_wconf 77' lang='lat' dir='ltr'><em>z</em></span> <span class='ocrx_word' id='word_1_14' title='bbox 1134 355 1161 418; x_wconf 89' lang='lat' dir='ltr'>si</span> 
     </span>
     <span class='ocr_line' id='line_1_4' title="bbox 70 455 1160 532; baseline 0.001 -14"><span class='ocrx_word' id='word_1_15' title='bbox 70 457 212 520; x_wconf 87' lang='lat' dir='ltr'>medicus</span> <span class='ocrx_word' id='word_1_16' title='bbox 229 458 409 521; x_wconf 90' lang='lat' dir='ltr'>remedium</span> <span class='ocrx_word' id='word_1_17' title='bbox 426 455 547 521; x_wconf 86' lang='lat' dir='ltr'>efficax</span> <span class='ocrx_word' id='word_1_18' title='bbox 565 458 726 522; x_wconf 88' lang='lat' dir='ltr'>inveniret</span> <span class='ocrx_word' id='word_1_19' title='bbox 737 459 780 521; x_wconf 91' lang='lat' dir='ltr'>ad</span> <span class='ocrx_word' id='word_1_20' title='bbox 795 458 948 520; x_wconf 88' lang='lat' dir='ltr'>morbum</span> <span class='ocrx_word' id='word_1_21' title='bbox 965 457 1160 532; x_wconf 92' lang='lat' dir='ltr'>curandum,</span> 
     </span>
     <span class='ocr_line' id='line_1_5' title="bbox 68 557 1161 642; baseline 0.002 -22"><span class='ocrx_word' id='word_1_22' title='bbox 68 559 239 641; x_wconf 90' lang='lat' dir='ltr'>mediaque</span> <span class='ocrx_word' id='word_1_23' title='bbox 252 557 384 642; x_wconf 94' lang='lat' dir='ltr'>propria</span> <span class='ocrx_word' id='word_1_24' title='bbox 400 560 571 624; x_wconf 89' lang='lat' dir='ltr'>adhiberet</span> <span class='ocrx_word' id='word_1_25' title='bbox 583 570 619 623; x_wconf 89' lang='lat' dir='ltr'>ut</span> <span class='ocrx_word' id='word_1_26' title='bbox 630 570 743 642; x_wconf 92' lang='lat' dir='ltr'>posset</span> <span class='ocrx_word' id='word_1_27' title='bbox 760 561 882 641; x_wconf 92' lang='lat' dir='ltr'>ubique</span> <span class='ocrx_word' id='word_1_28' title='bbox 898 569 1058 622; x_wconf 86' lang='lat' dir='ltr'>terrarum</span> <span class='ocrx_word' id='word_1_29' title='bbox 1071 578 1161 622; x_wconf 91' lang='lat' dir='ltr'>com-</span> 
     </span>
     <span class='ocr_line' id='line_1_6' title="bbox 66 662 1160 746; baseline 0.001 -22"><span class='ocrx_word' id='word_1_30' title='bbox 66 664 178 743; x_wconf 89' lang='lat' dir='ltr'>parari,</span> <span class='ocrx_word' id='word_1_31' title='bbox 194 663 249 726; x_wconf 93' lang='lat' dir='ltr'>hic</span> <span class='ocrx_word' id='word_1_32' title='bbox 265 665 384 727; x_wconf 92' lang='lat' dir='ltr'>merito</span> <span class='ocrx_word' id='word_1_33' title='bbox 399 665 563 727; x_wconf 83' lang='lat' dir='ltr'>diceretur</span> <span class='ocrx_word' id='word_1_34' title='bbox 578 665 726 727; x_wconf 86' lang='lat' dir='ltr'>omnibus</span> <span class='ocrx_word' id='word_1_35' title='bbox 740 663 930 746; x_wconf 74' lang='lat' dir='ltr'>praebuisse,</span> <span class='ocrx_word' id='word_1_36' title='bbox 947 672 1074 726; x_wconf 89' lang='lat' dir='ltr'>remote</span> <span class='ocrx_word' id='word_1_37' title='bbox 1097 662 1160 725; x_wconf 86' lang='lat' dir='ltr'>sal·</span> 
     </span>
     <span class='ocr_line' id='line_1_7' title="bbox 66 763 1160 848; baseline 0.001 -23"><span class='ocrx_word' id='word_1_38' title='bbox 66 774 137 840; x_wconf 87' lang='lat' dir='ltr'>tem,</span> <span class='ocrx_word' id='word_1_39' title='bbox 154 765 339 829; x_wconf 92' lang='lat' dir='ltr'>remedium</span> <span class='ocrx_word' id='word_1_40' title='bbox 356 775 473 829; x_wconf 85' lang='lat' dir='ltr'>contra</span> <span class='ocrx_word' id='word_1_41' title='bbox 494 767 661 841; x_wconf 87' lang='lat' dir='ltr'>morbum,</span> <span class='ocrx_word' id='word_1_42' title='bbox 676 767 828 848; x_wconf 86' lang='lat' dir='ltr'>quamvis</span> <span class='ocrx_word' id='word_1_43' title='bbox 844 767 887 830; x_wconf 92' lang='lat' dir='ltr'>de</span> <span class='ocrx_word' id='word_1_44' title='bbox 903 763 992 829; x_wconf 73' lang='lat' dir='ltr'>ladio</span> <span class='ocrx_word' id='word_1_45' title='bbox 1008 763 1160 829; x_wconf 85' lang='lat' dir='ltr'>acciden-</span> 
     </span>
     <span class='ocr_line' id='line_1_8' title="bbox 65 867 672 950; baseline 0.007 -22"><span class='ocrx_word' id='word_1_46' title='bbox 65 867 170 930; x_wconf 86' lang='lat' dir='ltr'>taliter</span> <span class='ocrx_word' id='word_1_47' title='bbox 186 888 255 931; x_wconf 94' lang='lat' dir='ltr'>non</span> <span class='ocrx_word' id='word_1_48' title='bbox 272 869 427 931; x_wconf 90' lang='lat' dir='ltr'>omnibus</span> <span class='ocrx_word' id='word_1_49' title='bbox 443 868 672 950; x_wconf 87' lang='lat' dir='ltr'>applicaretur.</span> 
     </span>
    </p>

    <p class='ocr_par' dir='ltr' id='par_1_4' title="bbox 62 961 1158 1671">
     <span class='ocr_line' id='line_1_9' title="bbox 102 961 1158 1054; baseline -0.004 -20"><span class='ocrx_word' id='word_1_50' title='bbox 102 985 149 1051; x_wconf 83' lang='lat'>92.</span> <span class='ocrx_word' id='word_1_51' title='bbox 198 961 260 1051; x_wconf 85' lang='grc' dir='ltr'>(Β)</span> <span class='ocrx_word' id='word_1_52' title='bbox 276 971 414 1052; x_wconf 84' lang='lat' dir='ltr'>Insuper</span> <span class='ocrx_word' id='word_1_53' title='bbox 429 972 566 1053; x_wconf 86' lang='lat' dir='ltr'>quidam</span> <span class='ocrx_word' id='word_1_54' title='bbox 580 970 726 1054; x_wconf 83' lang='lat' dir='ltr'>theologi</span> <span class='ocrx_word' id='word_1_55' title='bbox 738 973 861 1035; x_wconf 89' lang='lat' dir='ltr'>docent</span> <span class='ocrx_word' id='word_1_56' title='bbox 872 972 1015 1034; x_wconf 90' lang='lat' dir='ltr'>salutem</span> <span class='ocrx_word' id='word_1_57' title='bbox 1028 970 1158 1032; x_wconf 91' lang='lat' dir='ltr'>illorum</span> 
     </span>
     <span class='ocr_line' id='line_1_10' title="bbox 62 1071 1157 1156; baseline 0.003 -25"><span class='ocrx_word' id='word_1_58' title='bbox 62 1071 237 1135; x_wconf 77' lang='lat' dir='ltr'>infantium</span> <span class='ocrx_word' id='word_1_59' title='bbox 248 1093 320 1136; x_wconf 92' lang='lat' dir='ltr'>esse</span> <span class='ocrx_word' id='word_1_60' title='bbox 336 1075 371 1134; x_wconf 87' lang='lat' dir='ltr'>in</span> <span class='ocrx_word' id='word_1_61' title='bbox 384 1095 483 1136; x_wconf 76' lang='lat' dir='ltr'>mareu</span> <span class='ocrx_word' id='word_1_62' title='bbox 493 1083 679 1154; x_wconf 79' lang='lat' dir='ltr'>parentum,</span> <span class='ocrx_word' id='word_1_63' title='bbox 691 1095 732 1136; x_wconf 91' lang='lat' dir='ltr'>eo</span> <span class='ocrx_word' id='word_1_64' title='bbox 741 1094 839 1139; x_wconf 92' lang='lat' dir='ltr'>sensu</span> <span class='ocrx_word' id='word_1_65' title='bbox 852 1075 952 1156; x_wconf 87' lang='lat' dir='ltr'>quod,</span> <span class='ocrx_word' id='word_1_66' title='bbox 964 1073 990 1135; x_wconf 93' lang='lat' dir='ltr'>si</span> <span class='ocrx_word' id='word_1_67' title='bbox 1004 1082 1157 1156; x_wconf 91' lang='lat' dir='ltr'>parentes</span> 
     </span>
     <span class='ocr_line' id='line_1_11' title="bbox 62 1174 1152 1257; baseline 0.002 -23"><span class='ocrx_word' id='word_1_68' title='bbox 62 1193 101 1234; x_wconf 88' lang='lat' dir='ltr'>ex</span> <span class='ocrx_word' id='word_1_69' title='bbox 117 1179 184 1236; x_wconf 75' lang='lat' dir='ltr'>una</span> <span class='ocrx_word' id='word_1_70' title='bbox 202 1185 298 1256; x_wconf 86' lang='lat' dir='ltr'>parte</span> <span class='ocrx_word' id='word_1_71' title='bbox 314 1195 429 1238; x_wconf 91' lang='lat' dir='ltr'>omnes</span> <span class='ocrx_word' id='word_1_72' title='bbox 446 1177 535 1256; x_wconf 87' lang='lat' dir='ltr'>leges</span> <span class='ocrx_word' id='word_1_73' title='bbox 548 1176 733 1257; x_wconf 84' lang='lat' dir='ltr'>prudentiae</span> <span class='ocrx_word' id='word_1_74' title='bbox 750 1186 928 1250; x_wconf 89' lang='lat' dir='ltr'>servarent,</span> <span class='ocrx_word' id='word_1_75' title='bbox 945 1175 1053 1238; x_wconf 91' lang='lat' dir='ltr'>sobrie</span> <span class='ocrx_word' id='word_1_76' title='bbox 1069 1174 1152 1237; x_wconf 87' lang='lat' dir='ltr'>vive·</span> 
     </span>
     <span class='ocr_line' id='line_1_12' title="bbox 62 1278 1152 1360; baseline 0.003 -25"><span class='ocrx_word' id='word_1_77' title='bbox 62 1285 129 1337; x_wconf 90' lang='lat' dir='ltr'>rent</span> <span class='ocrx_word' id='word_1_78' title='bbox 139 1285 212 1352; x_wconf 82' lang='lat' dir='ltr'>etc,</span> <span class='ocrx_word' id='word_1_79' title='bbox 226 1286 260 1340; x_wconf 92' lang='lat' dir='ltr'>et</span> <span class='ocrx_word' id='word_1_80' title='bbox 273 1298 316 1339; x_wconf 88' lang='lat' dir='ltr'>ex</span> <span class='ocrx_word' id='word_1_81' title='bbox 329 1279 432 1340; x_wconf 73' lang='lat' dir='ltr'>altera</span> <span class='ocrx_word' id='word_1_82' title='bbox 443 1278 554 1341; x_wconf 91' lang='lat' dir='ltr'>debite</span> <span class='ocrx_word' id='word_1_83' title='bbox 567 1288 707 1354; x_wconf 89' lang='lat' dir='ltr'>orarent,</span> <span class='ocrx_word' id='word_1_84' title='bbox 719 1278 870 1341; x_wconf 90' lang='lat' dir='ltr'>obtinere</span> <span class='ocrx_word' id='word_1_85' title='bbox 883 1286 1020 1360; x_wconf 85' lang='lat' dir='ltr'>possent</span> <span class='ocrx_word' id='word_1_86' title='bbox 1033 1287 1070 1339; x_wconf 89' lang='lat' dir='ltr'>ut</span> <span class='ocrx_word' id='word_1_87' title='bbox 1082 1297 1152 1357; x_wconf 90' lang='lat' dir='ltr'>par·</span> 
     </span>
     <span class='ocr_line' id='line_1_13' title="bbox 63 1378 1154 1463; baseline 0.001 -25"><span class='ocrx_word' id='word_1_88' title='bbox 63 1379 123 1439; x_wconf 86' lang='lat' dir='ltr'>vuli</span> <span class='ocrx_word' id='word_1_89' title='bbox 143 1379 198 1442; x_wconf 92' lang='lat' dir='ltr'>isti</span> <span class='ocrx_word' id='word_1_90' title='bbox 224 1381 388 1462; x_wconf 90' lang='lat' dir='ltr'>usquead</span> <span class='ocrx_word' id='word_1_91' title='bbox 413 1378 569 1463; x_wconf 83' lang='lat' dir='ltr'>baptismi</span> <span class='ocrx_word' id='word_1_92' title='bbox 595 1382 817 1462; x_wconf 87' lang='lat' dir='ltr'>receptionem</span> <span class='ocrx_word' id='word_1_93' title='bbox 843 1399 974 1462; x_wconf 84' lang='lat' dir='ltr'>semper</span> <span class='ocrx_word' id='word_1_94' title='bbox 999 1379 1154 1441; x_wconf 89' lang='lat' dir='ltr'>viverent.</span> 
     </span>
     <span class='ocr_line' id='line_1_14' title="bbox 62 1477 1155 1564; baseline 0 -23"><span class='ocrx_word' id='word_1_95' title='bbox 62 1477 142 1558; x_wconf 83' lang='lat' dir='ltr'>Quae</span> <span class='ocrx_word' id='word_1_96' title='bbox 163 1482 281 1562; x_wconf 91' lang='lat' dir='ltr'>opinio</span> <span class='ocrx_word' id='word_1_97' title='bbox 296 1482 376 1546; x_wconf 90' lang='lat' dir='ltr'>nulli</span> <span class='ocrx_word' id='word_1_98' title='bbox 394 1483 544 1564; x_wconf 84' lang='lat' dir='ltr'>dogmati</span> <span class='ocrx_word' id='word_1_99' title='bbox 561 1483 767 1558; x_wconf 88' lang='lat' dir='ltr'>contradicit,</span> <span class='ocrx_word' id='word_1_100' title='bbox 783 1483 841 1546; x_wconf 88' lang='lat' dir='ltr'>sed</span> <span class='ocrx_word' id='word_1_101' title='bbox 859 1502 902 1544; x_wconf 89' lang='lat' dir='ltr'>ex</span> <span class='ocrx_word' id='word_1_102' title='bbox 925 1481 1030 1544; x_wconf 85' lang='lat' dir='ltr'>altero</span> <span class='ocrx_word' id='word_1_103' title='bbox 1046 1480 1155 1560; x_wconf 90' lang='lat' dir='ltr'>capite</span> 
     </span>
     <span class='ocr_line' id='line_1_15' title="bbox 62 1582 802 1671; baseline 0.008 -29"><span class='ocrx_word' id='word_1_104' title='bbox 62 1582 147 1644; x_wconf 89' lang='lat' dir='ltr'>nullo</span> <span class='ocrx_word' id='word_1_105' title='bbox 163 1585 309 1671; x_wconf 84' lang='lat' dir='ltr'>positivo</span> <span class='ocrx_word' id='word_1_106' title='bbox 323 1593 520 1667; x_wconf 84' lang='lat' dir='ltr'>argumento</span> <span class='ocrx_word' id='word_1_107' title='bbox 536 1586 666 1666; x_wconf 89' lang='lat' dir='ltr'>probari</span> <span class='ocrx_word' id='word_1_108' title='bbox 683 1595 802 1666; x_wconf 90' lang='lat' dir='ltr'>potest.</span> 
     </span>
    </p>

    <p class='ocr_par' dir='ltr' id='par_1_5' title="bbox 59 1686 1155 2076">
     <span class='ocr_line' id='line_1_16' title="bbox 101 1686 1154 1769; baseline -0.001 -22"><span class='ocrx_word' id='word_1_109' title='bbox 101 1687 201 1749; x_wconf 92' lang='lat' dir='ltr'>Pauci</span> <span class='ocrx_word' id='word_1_110' title='bbox 215 1687 280 1764; x_wconf 91' lang='lat' dir='ltr'>alii,</span> <span class='ocrx_word' id='word_1_111' title='bbox 289 1708 365 1751; x_wconf 90' lang='lat' dir='ltr'>cum</span> <span class='ocrx_word' id='word_1_112' title='bbox 375 1687 535 1769; x_wconf 66' lang='lat' dir='ltr'>cottana,</span> <span class='ocrx_word' id='word_1_113' title='bbox 548 1688 749 1751; x_wconf 88' lang='lat' dir='ltr'>addiderunt</span> <span class='ocrx_word' id='word_1_114' title='bbox 762 1686 902 1750; x_wconf 83' lang='lat' dir='ltr'>infantes</span> <span class='ocrx_word' id='word_1_115' title='bbox 918 1686 1036 1748; x_wconf 88' lang='lat' dir='ltr'>salvari</span> <span class='ocrx_word' id='word_1_116' title='bbox 1048 1705 1154 1767; x_wconf 90' lang='lat' dir='ltr'>posse,</span> 
     </span>
     <span class='ocr_line' id='line_1_17' title="bbox 61 1786 1155 1872; baseline 0.004 -26"><span class='ocrx_word' id='word_1_117' title='bbox 61 1786 125 1850; x_wconf 90' lang='lat' dir='ltr'>sine</span> <span class='ocrx_word' id='word_1_118' title='bbox 140 1789 321 1871; x_wconf 90' lang='lat' dir='ltr'>baptismo,</span> <span class='ocrx_word' id='word_1_119' title='bbox 338 1801 512 1872; x_wconf 90' lang='lat' dir='ltr'>parentum</span> <span class='ocrx_word' id='word_1_120' title='bbox 538 1790 602 1853; x_wconf 87' lang='lat' dir='ltr'>lide</span> <span class='ocrx_word' id='word_1_121' title='bbox 618 1804 651 1854; x_wconf 92' lang='lat' dir='ltr'>et</span> <span class='ocrx_word' id='word_1_122' title='bbox 667 1791 858 1872; x_wconf 77' lang='lat' dir='ltr'>precibus1:</span> <span class='ocrx_word' id='word_1_123' title='bbox 890 1789 1021 1852; x_wconf 88' lang='lat' dir='ltr'>sedilia</span> <span class='ocrx_word' id='word_1_124' title='bbox 1037 1787 1155 1851; x_wconf 90' lang='lat' dir='ltr'>ultima</span> 
     </span>
     <span class='ocr_line' id='line_1_18' title="bbox 59 1891 1153 1976; baseline 0.002 -26"><span class='ocrx_word' id='word_1_125' title='bbox 59 1891 167 1971; x_wconf 92' lang='lat' dir='ltr'>opinio</span> <span class='ocrx_word' id='word_1_126' title='bbox 185 1901 259 1956; x_wconf 87' lang='lat' dir='ltr'>tuta</span> <span class='ocrx_word' id='word_1_127' title='bbox 276 1900 341 1957; x_wconf 90' lang='lat' dir='ltr'>non</span> <span class='ocrx_word' id='word_1_128' title='bbox 359 1905 426 1969; x_wconf 87' lang='lat' dir='ltr'>cst„</span> <span class='ocrx_word' id='word_1_129' title='bbox 434 1904 468 1956; x_wconf 90' lang='lat' dir='ltr'>et</span> <span class='ocrx_word' id='word_1_130' title='bbox 480 1895 574 1976; x_wconf 89' lang='lat' dir='ltr'>jussu</span> <span class='ocrx_word' id='word_1_131' title='bbox 590 1893 652 1956; x_wconf 82' lang='lat' dir='ltr'>Pii</span> <span class='ocrx_word' id='word_1_132' title='bbox 671 1893 706 1970; x_wconf 88' lang='lat' dir='ltr'>V,</span> <span class='ocrx_word' id='word_1_133' title='bbox 722 1891 892 1975; x_wconf 74' lang='lat' dir='ltr'>expundia</span> <span class='ocrx_word' id='word_1_134' title='bbox 909 1893 970 1956; x_wconf 88' lang='lat' dir='ltr'>luit</span> <span class='ocrx_word' id='word_1_135' title='bbox 986 1913 1030 1954; x_wconf 89' lang='lat' dir='ltr'>ex</span> <span class='ocrx_word' id='word_1_136' title='bbox 1047 1891 1153 1972; x_wconf 93' lang='lat' dir='ltr'>operi·</span> 
     </span>
     <span class='ocr_line' id='line_1_19' title="bbox 61 1991 545 2076; baseline 0.014 -25"><span class='ocrx_word' id='word_1_137' title='bbox 61 1991 115 2053; x_wconf 89' lang='lat' dir='ltr'>bus</span> <span class='ocrx_word' id='word_1_138' title='bbox 132 1994 287 2076; x_wconf 88' lang='lat' dir='ltr'>Cajetani</span> <span class='ocrx_word' id='word_1_139' title='bbox 307 1997 425 2060; x_wconf 81' lang='lat' dir='ltr'>Rornae</span> <span class='ocrx_word' id='word_1_140' title='bbox 440 1997 545 2060; x_wconf 92' lang='lat' dir='ltr'>editis.</span> 
     </span>
    </p>

    <p class='ocr_par' dir='ltr' id='par_1_6' title="bbox 59 2095 1152 2284">
     <span class='ocr_line' id='line_1_20' title="bbox 98 2095 1152 2182; baseline -0.003 -23"><span class='ocrx_word' id='word_1_141' title='bbox 98 2095 273 2180; x_wconf 80' lang='lat' dir='ltr'>Quidquid</span> <span class='ocrx_word' id='word_1_142' title='bbox 290 2101 341 2175; x_wconf 90' lang='lat' dir='ltr'>sit,</span> <span class='ocrx_word' id='word_1_143' title='bbox 354 2111 505 2182; x_wconf 89' lang='lat' dir='ltr'>parentes</span> <span class='ocrx_word' id='word_1_144' title='bbox 522 2101 645 2163; x_wconf 88' lang='lat' dir='ltr'>hortari</span> <span class='ocrx_word' id='word_1_145' title='bbox 661 2107 793 2181; x_wconf 85' lang='lat' dir='ltr'>oportet</span> <span class='ocrx_word' id='word_1_146' title='bbox 810 2107 847 2159; x_wconf 93' lang='lat' dir='ltr'>ut</span> <span class='ocrx_word' id='word_1_147' title='bbox 862 2097 962 2159; x_wconf 90' lang='lat' dir='ltr'>enixe</span> <span class='ocrx_word' id='word_1_148' title='bbox 975 2116 1034 2176; x_wconf 89' lang='lat' dir='ltr'>pro</span> <span class='ocrx_word' id='word_1_149' title='bbox 1047 2095 1152 2157; x_wconf 88' lang='lat' dir='ltr'>inlan-</span> 
     </span>
     <span class='ocr_line' id='line_1_21' title="bbox 59 2196 1150 2284; baseline 0.002 -28"><span class='ocrx_word' id='word_1_150' title='bbox 59 2197 141 2260; x_wconf 90' lang='lat' dir='ltr'>tibus</span> <span class='ocrx_word' id='word_1_151' title='bbox 163 2203 339 2265; x_wconf 90' lang='lat' dir='ltr'>nascituris</span> <span class='ocrx_word' id='word_1_152' title='bbox 355 2212 458 2279; x_wconf 89' lang='lat' dir='ltr'>orent,</span> <span class='ocrx_word' id='word_1_153' title='bbox 475 2203 588 2284; x_wconf 90' lang='lat' dir='ltr'>sicque</span> <span class='ocrx_word' id='word_1_154' title='bbox 610 2200 768 2283; x_wconf 89' lang='lat' dir='ltr'>baptismi</span> <span class='ocrx_word' id='word_1_155' title='bbox 791 2199 932 2281; x_wconf 83' lang='lat' dir='ltr'>gratiam</span> <span class='ocrx_word' id='word_1_156' title='bbox 950 2218 1011 2279; x_wconf 91' lang='lat' dir='ltr'>pro</span> <span class='ocrx_word' id='word_1_157' title='bbox 1026 2196 1150 2259; x_wconf 92' lang='lat' dir='ltr'>eisdem</span> 
     </span>
    </p>
   </div>
   <div class='ocr_carea' id='block_1_4' title="bbox 60 2299 687 2387">
    <p class='ocr_par' dir='ltr' id='par_1_7' title="bbox 60 2299 687 2387">
     <span class='ocr_line' id='line_1_22' title="bbox 60 2299 687 2387; baseline 0.011 -28"><span class='ocrx_word' id='word_1_158' title='bbox 60 2299 237 2380; x_wconf 88' lang='lat' dir='ltr'>obtineant,</span> <span class='ocrx_word' id='word_1_159' title='bbox 256 2305 466 2387; x_wconf 89' lang='lat' dir='ltr'>inquantum</span> <span class='ocrx_word' id='word_1_160' title='bbox 484 2304 551 2368; x_wconf 88' lang='lat' dir='ltr'>lieri</span> <span class='ocrx_word' id='word_1_161' title='bbox 569 2315 687 2386; x_wconf 89' lang='lat' dir='ltr'>potest.</span> 
     </span>
    </p>
   </div>
   <div class='ocr_carea' id='block_1_5' title="bbox 206 2488 999 2679">
    <p class='ocr_par' dir='ltr' id='par_1_8' title="bbox 206 2488 999 2679">
     <span class='ocr_line' id='line_1_23' title="bbox 206 2488 999 2586; baseline 0 -22"><span class='ocrx_word' id='word_1_162' title='bbox 206 2488 291 2566; x_wconf 89' lang='lat' dir='ltr'>Art.</span> <span class='ocrx_word' id='word_1_163' title='bbox 313 2490 386 2568; x_wconf 90' lang='lat' dir='ltr'>IV.</span> <span class='ocrx_word' id='word_1_164' title='bbox 407 2491 470 2567; x_wconf 90' lang='lat' dir='ltr'>De</span> <span class='ocrx_word' id='word_1_165' title='bbox 490 2491 716 2567; x_wconf 75' lang='lat' dir='ltr'>Concordii</span> <span class='ocrx_word' id='word_1_166' title='bbox 744 2488 877 2586; x_wconf 88' lang='lat' dir='ltr'>gratiae</span> <span class='ocrx_word' id='word_1_167' title='bbox 904 2514 999 2564; x_wconf 92' lang='lat' dir='ltr'>curn</span> 
     </span>
     <span class='ocr_line' id='line_1_24' title="bbox 442 2603 775 2679; baseline 0 -1"><span class='ocrx_word' id='word_1_168' title='bbox 442 2603 569 2679; x_wconf 89' lang='lat' dir='ltr'>libero</span> <span class='ocrx_word' id='word_1_169' title='bbox 598 2603 775 2679; x_wconf 81' lang='lat' dir='ltr'>arbitrio</span> 
     </span>
    </p>
   </div>
   <div class='ocr_carea' id='block_1_6' title="bbox 59 2759 1149 3357">
    <p class='ocr_par' dir='ltr' id='par_1_9' title="bbox 59 2759 1149 3357">
     <span class='ocr_line' id='line_1_25' title="bbox 99 2759 1147 2845; baseline 0.005 -24"><span class='ocrx_word' id='word_1_170' title='bbox 99 2759 175 2824; x_wconf 89' lang='lat' dir='ltr'>Post</span> <span class='ocrx_word' id='word_1_171' title='bbox 203 2781 243 2824; x_wconf 89' lang='lat' dir='ltr'>ea</span> <span class='ocrx_word' id='word_1_172' title='bbox 264 2783 339 2844; x_wconf 84' lang='lat' dir='ltr'>quae</span> <span class='ocrx_word' id='word_1_173' title='bbox 362 2763 605 2845; x_wconf 87' lang='lat' dir='ltr'>disputavimus</span> <span class='ocrx_word' id='word_1_174' title='bbox 629 2765 715 2826; x_wconf 88' lang='lat' dir='ltr'>circa</span> <span class='ocrx_word' id='word_1_175' title='bbox 739 2773 900 2838; x_wconf 87' lang='lat' dir='ltr'>naturam,</span> <span class='ocrx_word' id='word_1_176' title='bbox 918 2763 1147 2826; x_wconf 89' lang='lat' dir='ltr'>necessitatem</span> 
     </span>
     <span class='ocr_line' id='line_1_26' title="bbox 59 2861 1149 2946; baseline 0.008 -26"><span class='ocrx_word' id='word_1_177' title='bbox 59 2869 87 2920; x_wconf 88' lang='lat' dir='ltr'>et</span> <span class='ocrx_word' id='word_1_178' title='bbox 102 2861 385 2944; x_wconf 88' lang='lat' dir='ltr'>dispensationem</span> <span class='ocrx_word' id='word_1_179' title='bbox 402 2867 517 2946; x_wconf 85' lang='lat' dir='ltr'>gratiae</span> <span class='ocrx_word' id='word_1_180' title='bbox 534 2864 681 2940; x_wconf 69' lang='lat' dir='ltr'>actualis,</span> <span class='ocrx_word' id='word_1_181' title='bbox 694 2885 799 2946; x_wconf 89' lang='lat' dir='ltr'>pauca</span> <span class='ocrx_word' id='word_1_182' title='bbox 810 2864 1004 2944; x_wconf 89' lang='lat' dir='ltr'>adjiciamus</span> <span class='ocrx_word' id='word_1_183' title='bbox 1017 2875 1149 2946; x_wconf 89' lang='lat' dir='ltr'>oportet</span> 
     </span>
     <span class='ocr_line' id='line_1_27' title="bbox 60 2963 1147 3050; baseline 0.011 -30"><span class='ocrx_word' id='word_1_184' title='bbox 60 2963 137 3026; x_wconf 89' lang='lat' dir='ltr'>circa</span> <span class='ocrx_word' id='word_1_185' title='bbox 164 2968 303 3030; x_wconf 93' lang='lat' dir='ltr'>modum</span> <span class='ocrx_word' id='word_1_186' title='bbox 327 2989 394 3049; x_wconf 93' lang='lat' dir='ltr'>quo</span> <span class='ocrx_word' id='word_1_187' title='bbox 417 2970 523 3050; x_wconf 85' lang='lat' dir='ltr'>gratia</span> <span class='ocrx_word' id='word_1_188' title='bbox 548 2990 622 3032; x_wconf 94' lang='lat' dir='ltr'>cum</span> <span class='ocrx_word' id='word_1_189' title='bbox 657 2969 810 3030; x_wconf 89' lang='lat' dir='ltr'>libertate</span> <span class='ocrx_word' id='word_1_190' title='bbox 838 2967 1003 3029; x_wconf 90' lang='lat' dir='ltr'>conciliari</span> <span class='ocrx_word' id='word_1_191' title='bbox 1028 2979 1147 3048; x_wconf 91' lang='lat' dir='ltr'>potest.</span> 
     </span>
     <span class='ocr_line' id='line_1_28' title="bbox 62 3061 1147 3150; baseline 0.007 -24"><span class='ocrx_word' id='word_1_192' title='bbox 62 3061 103 3127; x_wconf 71' lang='lat' dir='ltr'>Ut</span> <span class='ocrx_word' id='word_1_193' title='bbox 114 3089 192 3132; x_wconf 89' lang='lat' dir='ltr'>vero</span> <span class='ocrx_word' id='word_1_194' title='bbox 205 3080 294 3132; x_wconf 89' lang='lat' dir='ltr'>certa</span> <span class='ocrx_word' id='word_1_195' title='bbox 306 3071 348 3133; x_wconf 90' lang='lat' dir='ltr'>ab</span> <span class='ocrx_word' id='word_1_196' title='bbox 362 3071 492 3134; x_wconf 90' lang='lat' dir='ltr'>incertis</span> <span class='ocrx_word' id='word_1_197' title='bbox 508 3091 725 3146; x_wconf 68' lang='lat' dir='ltr'>secernamus</span> <span class='ocrx_word' id='word_1_198' title='bbox 739 3071 881 3150; x_wconf 93' lang='lat' dir='ltr'>primum</span> <span class='ocrx_word' id='word_1_199' title='bbox 893 3070 1147 3134; x_wconf 81' lang='lat' dir='ltr'>Protestaotz&#39;mu</span> 
     </span>
     <span class='ocr_line' id='line_1_29' title="bbox 59 3169 1146 3255; baseline 0.006 -25"><span class='ocrx_word' id='word_1_200' title='bbox 59 3169 353 3248; x_wconf 75' lang='lat' dir='ltr'>chansenistarum</span> <span class='ocrx_word' id='word_1_201' title='bbox 368 3195 491 3238; x_wconf 79' lang='lat' dir='ltr'>errores</span> <span class='ocrx_word' id='word_1_202' title='bbox 506 3174 750 3255; x_wconf 84' lang='lat' dir='ltr'>confutabimus,</span> <span class='ocrx_word' id='word_1_203' title='bbox 768 3183 884 3254; x_wconf 89' lang='lat' dir='ltr'>postca</span> <span class='ocrx_word' id='word_1_204' title='bbox 902 3183 1013 3235; x_wconf 90' lang='lat' dir='ltr'>autem</span> <span class='ocrx_word' id='word_1_205' title='bbox 1031 3177 1146 3255; x_wconf 81' lang='lat' dir='ltr'>praeci-</span> 
     </span>
     <span class='ocr_line' id='line_1_30' title="bbox 60 3273 741 3357; baseline 0.012 -27"><span class='ocrx_word' id='word_1_206' title='bbox 60 3287 118 3347; x_wconf 89' lang='lat' dir='ltr'>pua</span> <span class='ocrx_word' id='word_1_207' title='bbox 133 3273 346 3354; x_wconf 77' lang='lat' dir='ltr'>theologorum</span> <span class='ocrx_word' id='word_1_208' title='bbox 361 3285 533 3354; x_wconf 80' lang='lat' dir='ltr'>systemata</span> <span class='ocrx_word' id='word_1_209' title='bbox 548 3287 741 3357; x_wconf 83' lang='lat' dir='ltr'>exponemus.</span> 
     </span>
    </p>
   </div>
   <div class='ocr_carea' id='block_1_7' title="bbox 99 3397 1100 3573">
    <p class='ocr_par' dir='ltr' id='par_1_10' title="bbox 99 3397 1100 3573">
     <span class='ocr_line' id='line_1_31' title="bbox 99 3397 1100 3488; baseline 0.006 -22"><span class='ocrx_word' id='word_1_210' title='bbox 99 3397 113 3484; x_wconf 68' lang='grc' dir='ltr'>ἓ</span> <span class='ocrx_word' id='word_1_211' title='bbox 140 3404 162 3467; x_wconf 93' lang='lat' dir='ltr'>l.</span> <span class='ocrx_word' id='word_1_212' title='bbox 180 3407 503 3473; x_wconf 76' lang='lat' dir='ltr'>Pnorassnurruu</span> <span class='ocrx_word' id='word_1_213' title='bbox 529 3423 575 3472; x_wconf 78' lang='lat' dir='ltr'>Er</span> <span class='ocrx_word' id='word_1_214' title='bbox 597 3422 906 3488; x_wconf 78' lang='lat' dir='ltr'>Jsusaursrnauu</span> <span class='ocrx_word' id='word_1_215' title='bbox 932 3419 1100 3472; x_wconf 74' lang='lat' dir='ltr'>sanuses</span> 
     </span>
     <span class='ocr_line' id='line_1_32' title="bbox 390 3515 756 3573; baseline -0.005 -1"><span class='ocrx_word' id='word_1_216' title='bbox 390 3515 392 3520; x_wconf 81' lang='grc'>’</span> <span class='ocrx_word' id='word_1_217' title='bbox 442 3521 756 3573; x_wconf 65' lang='lat' dir='ltr'>coururnuruna</span> 
     </span>
    </p>
   </div>
   <div class='ocr_carea' id='block_1_8' title="bbox 60 3633 1142 3818">
    <p class='ocr_par' dir='ltr' id='par_1_11' title="bbox 60 3633 1142 3818">
     <span class='ocr_line' id='line_1_33' title="bbox 95 3633 1142 3716; baseline 0.007 -23"><span class='ocrx_word' id='word_1_218' title='bbox 95 3644 142 3710; x_wconf 61' lang='lat'>93</span> <span class='ocrx_word' id='word_1_219' title='bbox 187 3633 407 3698; x_wconf 82' lang='lat' dir='ltr'>Protestontes</span> <span class='ocrx_word' id='word_1_220' title='bbox 422 3635 526 3710; x_wconf 91' lang='lat' dir='ltr'>multi,</span> <span class='ocrx_word' id='word_1_221' title='bbox 536 3636 718 3716; x_wconf 83' lang='lat' dir='ltr'>praesertim</span> <span class='ocrx_word' id='word_1_222' title='bbox 735 3657 813 3698; x_wconf 90' lang='lat' dir='ltr'>vero</span> <span class='ocrx_word' id='word_1_223' title='bbox 825 3636 1011 3698; x_wconf 82' lang='lat' dir='ltr'>Lutderom&#39;</span> <span class='ocrx_word' id='word_1_224' title='bbox 1024 3646 1057 3698; x_wconf 89' lang='lat' dir='ltr'>et</span> <span class='ocrx_word' id='word_1_225' title='bbox 1070 3636 1142 3700; x_wconf 84' lang='lat' dir='ltr'>Cal-</span> 
     </span>
     <span class='ocr_line' id='line_1_34' title="bbox 60 3727 1140 3818; baseline 0.013 -28"><span class='ocrx_word' id='word_1_226' title='bbox 60 3727 185 3807; x_wconf 71' lang='lat' dir='ltr'>uinisroe,</span> <span class='ocrx_word' id='word_1_227' title='bbox 201 3735 408 3797; x_wconf 92' lang='lat' dir='ltr'>contendunt</span> <span class='ocrx_word' id='word_1_228' title='bbox 429 3738 634 3799; x_wconf 90' lang='lat' dir='ltr'>voluntatem</span> <span class='ocrx_word' id='word_1_229' title='bbox 656 3737 801 3799; x_wconf 87' lang='lat' dir='ltr'>hominis</span> <span class='ocrx_word' id='word_1_230' title='bbox 823 3738 915 3818; x_wconf 89' lang='lat' dir='ltr'>lapsi,</span> <span class='ocrx_word' id='word_1_231' title='bbox 931 3737 993 3800; x_wconf 91' lang='lat' dir='ltr'>sub</span> <span class='ocrx_word' id='word_1_232' title='bbox 1012 3739 1140 3804; x_wconf 88' lang='lat' dir='ltr'>influxu</span> 
     </span>
    </p>
   </div>
   <div class='ocr_carea' id='block_1_9' title="bbox 96 3847 653 3858">
    <p class='ocr_par' dir='ltr' id='par_1_12' title="bbox 96 3847 653 3858">
     <span class='ocr_line' id='line_1_35' title="bbox 96 3847 653 3858; baseline 0.004 -2"><span class='ocrx_word' id='word_1_233' title='bbox 96 3847 203 3856; x_wconf 43' lang='grc' dir='ltr'>ᾕ-</span> <span class='ocrx_word' id='word_1_234' title='bbox 392 3852 479 3858; x_wconf 83' lang='grc'>--</span> <span class='ocrx_word' id='word_1_235' title='bbox 498 3853 653 3858; x_wconf 40' lang='grc' dir='ltr'>..ᾖ--.-</span> 
     </span>
    </p>
   </div>
   <div class='ocr_carea' id='block_1_10' title="bbox 59 3893 1139 4312">
    <p class='ocr_par' dir='ltr' id='par_1_13' title="bbox 59 3893 1139 4220">
     <span class='ocr_line' id='line_1_36' title="bbox 88 3893 1139 3966; baseline 0.009 -21"><span class='ocrx_word' id='word_1_236' title='bbox 88 3893 182 3948; x_wconf 87' lang='lat' dir='ltr'>lldem</span> <span class='ocrx_word' id='word_1_237' title='bbox 201 3897 258 3949; x_wconf 88' lang='lat' dir='ltr'>lere</span> <span class='ocrx_word' id='word_1_238' title='bbox 281 3895 436 3952; x_wconf 91' lang='lat' dir='ltr'>docuerunt</span> <span class='ocrx_word' id='word_1_239' title='bbox 456 3896 586 3961; x_wconf 76' lang='lat' dir='ltr'>Biomhr&#39;,</span> <span class='ocrx_word' id='word_1_240' title='bbox 611 3898 773 3965; x_wconf 82' lang='lat' dir='ltr'>Disputatio</span> <span class='ocrx_word' id='word_1_241' title='bbox 794 3899 1084 3966; x_wconf 86' lang='lat' dir='ltr'>physico-theologica</span> <span class='ocrx_word' id='word_1_242' title='bbox 1104 3901 1139 3954; x_wconf 89' lang='lat' dir='ltr'>de</span> 
     </span>
     <span class='ocr_line' id='line_1_37' title="bbox 59 3981 1139 4054; baseline 0.008 -25"><span class='ocrx_word' id='word_1_243' title='bbox 59 3981 173 4035; x_wconf 92' lang='lat' dir='ltr'>remedio</span> <span class='ocrx_word' id='word_1_244' title='bbox 191 3993 306 4036; x_wconf 80' lang='lat' dir='ltr'>aeternae</span> <span class='ocrx_word' id='word_1_245' title='bbox 323 3982 420 4036; x_wconf 90' lang='lat' dir='ltr'>salutis</span> <span class='ocrx_word' id='word_1_246' title='bbox 439 4000 490 4051; x_wconf 90' lang='lat' dir='ltr'>pro</span> <span class='ocrx_word' id='word_1_247' title='bbox 509 3984 630 4052; x_wconf 81' lang='lat' dir='ltr'>paruulis</span> <span class='ocrx_word' id='word_1_248' title='bbox 650 3985 678 4036; x_wconf 92' lang='lat' dir='ltr'>in</span> <span class='ocrx_word' id='word_1_249' title='bbox 697 3984 783 4037; x_wconf 88' lang='lat' dir='ltr'>uteris</span> <span class='ocrx_word' id='word_1_250' title='bbox 796 3985 906 4048; x_wconf 78' lang='lat' dir='ltr'>clausiS,</span> <span class='ocrx_word' id='word_1_251' title='bbox 920 3985 981 4038; x_wconf 89' lang='lat' dir='ltr'>sine</span> <span class='ocrx_word' id='word_1_252' title='bbox 999 3985 1139 4054; x_wconf 89' lang='lat' dir='ltr'>baptismo</span> 
     </span>
     <span class='ocr_line' id='line_1_38' title="bbox 60 4061 1136 4138; baseline 0.011 -24"><span class='ocrx_word' id='word_1_253' title='bbox 60 4061 256 4138; x_wconf 87' lang='lat' dir='ltr'>decedentibus,</span> <span class='ocrx_word' id='word_1_254' title='bbox 273 4086 383 4123; x_wconf 90' lang='lat' dir='ltr'>necnon</span> <span class='ocrx_word' id='word_1_255' title='bbox 396 4069 502 4124; x_wconf 77' lang='lat' dir='ltr'>Audior</span> <span class='ocrx_word' id='word_1_256' title='bbox 521 4069 725 4124; x_wconf 86' lang='lat' dir='ltr'>dissertationis</span> <span class='ocrx_word' id='word_1_257' title='bbox 742 4072 774 4124; x_wconf 78' lang='lat' dir='ltr'>de</span> <span class='ocrx_word' id='word_1_258' title='bbox 788 4072 973 4125; x_wconf 81' lang='lat' dir='ltr'>Intolerontr&#39;d</span> <span class='ocrx_word' id='word_1_259' title='bbox 993 4073 1136 4135; x_wconf 81' lang='lat' dir='ltr'>catholr&#39;cci‚</span> 
     </span>
     <span class='ocr_line' id='line_1_39' title="bbox 60 4148 260 4220; baseline 0.04 -18"><span class='ocrx_word' id='word_1_260' title='bbox 60 4148 171 4220; x_wconf 85' lang='lat' dir='ltr'>Taurini,</span> <span class='ocrx_word' id='word_1_261' title='bbox 187 4157 260 4210; x_wconf 85' lang='lat'>1868.</span> 
     </span>
    </p>

    <p class='ocr_par' dir='ltr' id='par_1_14' title="bbox 90 4239 1138 4312">
     <span class='ocr_line' id='line_1_40' title="bbox 90 4239 1138 4312; baseline 0.004 -20"><span class='ocrx_word' id='word_1_262' title='bbox 90 4239 144 4293; x_wconf 76' lang='lat' dir='ltr'>’Ci</span> <span class='ocrx_word' id='word_1_263' title='bbox 160 4243 275 4310; x_wconf 79' lang='lat' dir='ltr'>Suorca,</span> <span class='ocrx_word' id='word_1_264' title='bbox 286 4242 321 4296; x_wconf 86' lang='lat' dir='ltr'>de</span> <span class='ocrx_word' id='word_1_265' title='bbox 337 4241 442 4308; x_wconf 73' lang='lat' dir='ltr'>Gratid,</span> <span class='ocrx_word' id='word_1_266' title='bbox 456 4243 472 4296; x_wconf 86' lang='lat' dir='ltr'>l.</span> <span class='ocrx_word' id='word_1_267' title='bbox 482 4244 516 4308; x_wconf 87' lang='lat' dir='ltr'>V,</span> <span class='ocrx_word' id='word_1_268' title='bbox 530 4259 553 4296; x_wconf 90' lang='lat' dir='ltr'>c.</span> <span class='ocrx_word' id='word_1_269' title='bbox 570 4259 598 4312; x_wconf 65' lang='grc' dir='ltr'>,μ</span> <span class='ocrx_word' id='word_1_270' title='bbox 618 4243 822 4306; x_wconf 81' lang='lat' dir='ltr'>Bellarrm&#39;nus,</span> <span class='ocrx_word' id='word_1_271' title='bbox 835 4243 871 4297; x_wconf 87' lang='lat' dir='ltr'>de</span> <span class='ocrx_word' id='word_1_272' title='bbox 882 4243 979 4297; x_wconf 71' lang='lat' dir='ltr'>Gratiis</span> <span class='ocrx_word' id='word_1_273' title='bbox 992 4255 1020 4295; x_wconf 89' lang='lat' dir='ltr'>et</span> <span class='ocrx_word' id='word_1_274' title='bbox 1033 4241 1080 4296; x_wconf 90' lang='lat' dir='ltr'>lib.</span> <span class='ocrx_word' id='word_1_275' title='bbox 1097 4261 1138 4296; x_wconf 89' lang='lat' dir='ltr'>ar·</span> 
     </span>
    </p>
   </div>
   <div class='ocr_carea' id='block_1_11' title="bbox 0 0 1394 4646">
    <p class='ocr_par' dir='ltr' id='par_1_15' title="bbox 0 0 1394 4646">
     <span class='ocr_line' id='line_1_41' title="bbox 0 0 1394 4646; baseline 0 1"><span class='ocrx_word' id='word_1_276' title='bbox 0 0 1394 4646; x_wconf 95' lang='lat' dir='ltr'> </span> 
     </span>
    </p>
   </div>
  </div>
 </body>
</html>
