2794 4662
407 161 462 210 DE
481 159 774 210 MATRIMONIO.

219 341 432 406 Corollarium
448 343 575 424 dejure
590 342 794 406 audomaro
809 339 916 402 civilis
932 339 967 401 in

369 445 610 507 matrimonium
627 445 815 526 infidelium.

71 565 112 618 39
162 535 306 603 Nonnulli
329 544 460 616 theologi
482 554 587 617 putant
610 545 725 602 Statum
749 561 809 600 non
832 541 941 599 habere
964 547 1140 612 potestatem
1246 591 1247 596 ,
1321 555 1324 562 ’

39 633 119 704 leges
132 633 247 691 serendi
260 633 299 692 de
313 632 507 690 matrimoniis
520 631 696 702 infidelium,
712 631 781 704 quia
795 633 868 698 haec,
884 631 953 689 licet
972 632 1029 688 sint
1043 647 1141 688 merus

39 718 221 788 contraitum
233 719 345 791 aliquid
359 719 485 790 religiosi
506 736 566 790 prae
584 735 616 776 se
646 727 739 788 erunt,
756 727 786 776 et
798 718 920 777 aliunde
932 718 1018 777 valde
1037 718 1140 775 timen-

40 807 112 863 dum
132 816 180 865 est
198 825 236 864 ne
254 807 361 877 Status,
377 807 400 864 si
421 805 477 878 ipsi
496 805 678 864 concedatur
696 805 869 877 huiusmodi
889 815 1032 880 potestas,
1046 805 1142 876 justos

39 889 150 949 limites
180 892 409 962 transgrediatur
438 903 529 965 atque
559 891 677 950 familiae
707 893 919 966 religionisque
943 890 1141 951 sanemarium

40 977 163 1036 invadat
172 973 190 1034 ¹.

74 1064 258 1123 Communis
267 1073 366 1124 tamen
379 1068 525 1125 sententia
538 1075 619 1125 tenet
632 1065 710 1125 hanc
724 1075 901 1139 potestatem
915 1064 1039 1138 principi
1054 1081 1143 1122 saecu-

39 1152 91 1209 lari
114 1161 297 1224 competere,
321 1152 361 1211 ita
382 1164 414 1211 ut
437 1155 529 1226 possit
549 1154 589 1212 ad
612 1153 725 1212 bonum
747 1170 908 1212 commune
929 1152 1144 1224 impedimenta

40 1238 212 1297 dirimentia
226 1249 360 1298 statuere.
401 1243 441 1309 (al
457 1241 526 1298 Hoc
540 1241 618 1298 enim
633 1251 734 1312 aperte
747 1241 929 1298 declaratum
943 1249 1013 1298 esta
1024 1238 1054 1296 S.
1070 1239 1101 1296 C.
1113 1239 1145 1295 de

41 1325 244 1398 Propagandi
268 1325 339 1383 Iride
363 1326 393 1382 in
419 1326 620 1385 Instruiiione
644 1344 711 1398 quae
738 1343 818 1384 anno
847 1330 910 1383 1821
938 1325 1019 1384 edita
1051 1324 1143 1382 iuit²:

40 1415 161 1471 “Licet
175 1413 250 1472 inter
262 1413 396 1472 infideles
407 1432 506 1472 verum
518 1415 554 1472 sit
569 1414 799 1485 matrimonium,
810 1414 884 1473 illud
897 1423 996 1472 tamen
1009 1412 1048 1471 ad
1062 1421 1145 1470 natu·

40 1517 79 1556 rae
92 1508 124 1556 et
138 1498 362 1556 communitatis
375 1497 505 1556 officium
519 1498 615 1557 referri
629 1497 839 1556 tantummodo
852 1506 959 1569 potest,
973 1513 1008 1554 ac
1021 1495 1147 1568 proinde

41 1601 57 1638 a
69 1585 137 1653 jure
149 1582 272 1638 naturali
287 1592 316 1639 et
328 1581 404 1639 civili
421 1581 508 1655 plane
517 1593 561 1640 est
576 1583 803 1642 moderandum.
844 1583 982 1654 Sequitur
989 1583 1057 1640 irinc
1061 1582 1146 1654 prin·

40 1669 115 1740 cipes
135 1668 292 1735 saculares,
317 1669 375 1726 siue
399 1669 500 1741 fideles
522 1670 578 1728 sim
605 1670 740 1743 infideles,
762 1671 960 1742 plenissimum
980 1677 1146 1742 potestatem

43 1757 169 1813 retinere
188 1754 220 1811 ia
240 1755 428 1812 matrimonia
448 1756 626 1815 subditorum
647 1759 817 1831 infidelium,
837 1766 872 1816 ut
887 1759 991 1816 scilr'ce!
1008 1758 1149 1830 appositio

42 1841 264 1916 impedimentis,
279 1860 341 1914 quie
352 1842 424 1914 juri
440 1845 577 1902 naturali
592 1864 627 1902 ac
643 1846 742 1903 diuino
760 1846 881 1904 adversa
899 1864 955 1903 non
973 1845 1041 1913 sint,
1052 1844 1148 1901 eadem

42 1949 101 1986 non
114 1929 208 1986 solum
221 1929 319 2000 quoad
332 1929 426 1987 ciuiles
438 1930 559 2002 efficias,
574 1931 623 1989 sed
638 1933 724 1989 etrum
737 1933 835 2003 quoad
843 1933 992 2006 conjugale
1003 1932 1149 1989 vinculum

40 2017 163 2089 penitus
174 2015 370 2073 remmam't
412 2017 504 2090 Quod
517 2018 606 2076 etiam
617 2019 826 2078 confirmatum
840 2030 913 2078 esta
928 2018 1061 2091 pluribus
1071 2017 1149 2076 deci·
1234 2051 1236 2054 -

43 2103 185 2162 sionibus
200 2103 229 2160 S.
249 2103 281 2161 C.
298 2103 333 2161 P.
350 2103 382 2160 F.
400 2115 429 2162 et
442 2104 473 2163 S.
493 2104 594 2177 Officii.

81 2194 126 2262 (b)
141 2191 186 2248 Ea
199 2191 276 2249 enim
287 2193 389 2250 omnia
402 2191 599 2251 determinare
619 2204 744 2265 possunt
764 2193 914 2266 principes
926 2210 995 2265 quae
1013 2193 1052 2251 ad
1071 2209 1149 2250 com-

44 2296 143 2336 mune
164 2278 278 2335 bonum
301 2277 395 2335 civilis
416 2278 566 2336 societatis
591 2279 749 2352 pertinent,
774 2279 941 2338 dummodo
966 2297 1011 2338 res
1031 2278 1071 2337 de
1092 2280 1149 2350 qud

44 2367 155 2438 agitur,
181 2373 284 2436 utpote
307 2383 396 2433 sacra,
422 2364 461 2423 ab
482 2383 586 2423 eorum
606 2366 781 2424 auetoritate
801 2365 952 2425 subtracta
974 2383 1034 2424 non
1057 2364 1150 2422 fuerit.

45 2453 143 2524 Atqui
169 2451 297 2510 maxime
322 2452 443 2510 interest
468 2452 617 2510 societatis
641 2443 793 2512 civilisut
817 2462 897 2512 certa
922 2452 1026 2511 existat
1050 2468 1152 2509 norma

26 2537 227 2604 ,auctoritate
250 2538 370 2612 publica
392 2539 560 2610 constituta,
586 2540 752 2598 secundum
775 2557 866 2611 quam
888 2538 1076 2596 matrimonia
1100 2538 1153 2595 rite

45 2625 283 2697 contrahantur;
302 2626 367 2697 lege
380 2625 460 2684 enim
474 2635 586 2684 naturae
605 2626 662 2684 hoc
682 2625 752 2684 satis
771 2643 832 2684 non
852 2627 907 2684 luit
924 2625 1153 2684 determinatum

48 2713 80 2769 in
105 2711 193 2770 certis
216 2711 372 2783 adjunctis.
419 2712 551 2771 Aliunde
573 2713 795 2770 matrimonium
819 2729 1011 2785 paganorum,
1034 2711 1101 2769 licet
1124 2710 1153 2767 in

47 2796 233 2871 quibusdam
249 2797 419 2868 regionibus
432 2798 534 2870 aliquo
547 2799 603 2861 ritu
617 2799 755 2870 religioso
768 2799 989 2857 accidentaliter
1002 2813 1154 2855 consecre-

47 2895 108 2953 tur,
131 2901 192 2940 non
214 2895 258 2941 est
281 2901 386 2955 perse
408 2884 521 2957 aliquid
543 2901 669 2952 sacrum,
691 2902 789 2957 neque
808 2903 826 2942 a
846 2885 966 2943 Christo
987 2881 1152 2940 auctoritati

49 2971 198 3028 Ecclesiae
219 2970 274 3028 fuit
292 2969 469 3041 subjeetum,
489 2988 579 3042 ouum
598 2970 732 3028 Ecclesia
752 2971 865 3028 nullum
884 2972 931 3042 jus
950 2968 1004 3028 sibi
1025 2969 1154 3027 vindicet

48 3057 201 3117 diredium
220 3057 249 3113 in
270 3056 441 3129 hujusmodi
462 3057 659 3116 matrimonia.
700 3059 780 3130 Ergo
800 3069 930 3131 potestas
943 3058 1036 3115 civilis
1049 3057 1105 3114 hac
1116 3055 1155 3114 de

48 3164 82 3204 re
110 3144 190 3215 leges
216 3144 290 3202 ferre
313 3145 397 3203 valet.
427 3146 492 3204 Nec
517 3163 588 3204 sane
611 3147 658 3217 jus
682 3145 854 3218 Principum
883 3145 1022 3216 denegari
1045 3153 1151 3216 potest.

49 3232 125 3304 quia
144 3249 181 3288 eo
199 3229 281 3288 abuti
302 3240 444 3304 possunt3
463 3249 548 3290 secus
567 3233 658 3298 euim,
678 3243 753 3304 quot
770 3234 835 3304 jura
855 3231 964 3290 intacia
984 3229 1156 3288 manerent?

51 3319 122 3376 Nec
152 3318 346 3390 sapientiores
376 3338 440 3377 esse
470 3320 615 3379 debemus
641 3321 829 3392 quamipsae
855 3320 1000 3377 Romanae
1025 3311 1158 3388 Congrei

49 3417 197 3478 gationes.

158 3529 244 3606 Art.
270 3526 346 3605 ΙΙΙ.
374 3527 437 3604 De
461 3527 769 3627 proprietatibus
796 3523 1055 3602 matrimonii.

100 3679 189 3741 Duae
202 3686 280 3741 sunt
295 3678 506 3759 potissimum
523 3678 693 3742 christiani
711 3676 913 3741 matrimonii
927 3675 1156 3757 proprietates,

53 3782 169 3844 om'tos
184 3789 218 3842 et
233 3779 509 3843 z'ndis'solubilitas.

925 3884 1129 3892 —--.—-...-
1139 3886 1145 3890 .

57 3889 162 3974 πα
182 3917 316 3988 Parrum,
338 3922 383 3974 De
406 3919 531 3974 Matrim.
556 3888 668 3988 llfflo
689 3934 743 3986 sq.;
769 3917 854 3986 Feije,
876 3916 911 3970 de
935 3915 1156 3984 Impedimentis,

55 4007 170 4164 η’όῖρ.
187 4092 365 4160 Collatiam,
384 4111 412 4149 n.
437 4106 512 4159 1447,
532 4108 596 4146 curn
616 4091 692 4145 notd.
733 4089 788 4144 Cir.
801 4091 959 4155 Resemans,
981 4091 1026 4142 De
1046 4103 1156 4158 compe·

56 4181 149 4238 tentia
162 4180 237 4234 civili
251 4181 279 4233 in
293 4180 435 4234 vinculum
449 4179 596 4248 conjugale
610 4177 774 4244 infidelium,
783 4175 893 4242 Romae,
904 4175 970 4245 1887
975 4195 982 4240 ;
1003 4176 1155 4244 Cavagnis,

56 4271 74 4324 l.
91 4285 116 4322 c.
133 4284 161 4322 n.
180 4266 241 4338 1853
262 4267 410 4336 Casparri,
423 4282 466 4335 op
481 4265 527 4320 cit.
544 4283 572 4319 n.
588 4265 638 4332 287
653 4281 706 4334 sq.;
726 4265 817 4331 Sasse,
829 4265 868 4332 ll,
882 4279 907 4332 p.
921 4277 981 4332 470.
