2738 4646
231 152 295 204 aro
408 169 412 177 ·
540 123 590 206 ’,·
684 149 916 205 carur11.=
1014 157 1018 166 ·

233 334 440 410 concludere,
455 334 535 396 dum
553 330 734 394 versiculus
751 333 794 409 48
815 335 831 361 ‘¹
843 330 914 410 Ego
934 349 1007 391 sum
1021 327 1124 410 panis
1139 324 1232 388 vitee”
1245 333 1314 402 apte

233 437 449 518 posteriorem
464 445 592 516 partem
607 434 840 515 incipit,quum
853 432 934 495 nihil
948 433 1038 494 aliud
1049 431 1093 494 sit
1106 429 1167 492 nisi
1181 427 1313 510 repetitio

232 539 396 620 generalis
420 537 657 620 propositionis
674 558 693 599 a
709 537 843 600 Christo
866 537 1051 600 enuntiatae
1068 556 1075 610 ;
1106 553 1217 596 sensus
1237 530 1313 592 enim

233 652 284 707 est
303 665 309 705 :
333 661 397 723 ego
413 661 487 705 sum
506 641 602 722 panis
618 641 696 703 vitae
713 642 779 703 alio
795 652 829 704 et
845 640 953 704 altiori
971 640 1074 702 modo
1086 637 1157 718 jam
1174 655 1251 698 nunc
1264 636 1313 696 de·

233 745 436 822 clarando¹;
460 745 518 807 sed
536 745 678 825 insuper,

277 848 327 930 (a)
344 847 497 913 Occurrit
519 867 602 908 nova
618 847 853 930 pleraseologr'a,
869 855 926 910 seu‘
952 845 1071 909 modus
1096 843 1244 925 loquendi
1265 859 1315 902 no-

233 969 294 1024 vus
310 971 317 1027 ;
341 949 441 1011 verba
456 953 471 979 ‘⁶
486 949 683 1013 manducare
698 961 836 1027 carnem,
853 951 956 1015 bibere
969 949 1163 1030 sangninem
1176 948 1190 972 '¹
1212 944 1315 1028 quibus

235 1051 266 1115 in
284 1052 391 1135 prima
407 1061 501 1133 parte
517 1053 679 1120 sermonis
696 1053 849 1116 Christus
865 1059 1038 1134 nunquam
1058 1070 1138 1113 usus
1160 1059 1216 1124 est,
1231 1048 1259 1110 in
1273 1067 1315 1108 se-

234 1156 343 1219 cunda
357 1163 453 1237 parte
469 1153 590 1234 saepius
607 1155 816 1219 adhibentur.
864 1156 970 1236 Atqui
989 1154 1045 1217 illa
1060 1153 1163 1216 verba
1177 1171 1237 1214 non
1252 1169 1315 1232 pos-

234 1267 311 1320 sunt
328 1255 437 1320 referri
455 1257 496 1322 ad
514 1255 668 1320 eumdem
692 1277 813 1339 panem
831 1281 839 1336 ;
867 1279 943 1321 nam
968 1258 1000 1318 in
1022 1277 1081 1319 usu
1105 1255 1254 1336 loquendi
1267 1253 1315 1332 Ju-

234 1363 393 1435 daeorum,
409 1381 506 1424 voces
523 1361 653 1441 “panrlr,
669 1361 758 1424 cibus
768 1363 793 1437 '',
809 1361 1010 1425 adhibentur
1025 1361 1159 1441 quidem
1182 1359 1213 1420 in
1233 1373 1315 1419 sensu

235 1463 471 1546 metaphoric0‚
493 1464 534 1525 ad
560 1463 803 1544 designandam
827 1463 1014 1529 dodtrinam
1039 1484 1096 1526 seu
1122 1461 1220 1526 tidem
1230 1473 1249 1534 ²,
1267 1457 1315 1519 sed

235 1586 405 1648 nunquam
429 1566 579 1629 formulae
595 1572 610 1597 “
623 1567 820 1631 neandrecare
839 1589 977 1643 earnem,
993 1567 1096 1631 bibere
1115 1564 1291 1648 sanguinem
1303 1561 1316 1583 '’

235 1668 394 1731 adhibitae
419 1667 550 1730 suerunt
573 1669 615 1732 ad
640 1668 896 1750 significandum
914 1675 930 1702 “
942 1672 1077 1733 credere
1094 1669 1126 1731 in
1144 1669 1276 1748 aliquem
1286 1665 1317 1738 ”3

235 1771 292 1832 sed
315 1789 448 1832 sensum
471 1789 604 1850 prorsus
621 1772 788 1836 diversum
813 1774 985 1850 exhibent,
1001 1793 1043 1835 sc.
1060 1773 1200 1852 aliquem
1214 1769 1317 1833 calum·

236 1871 333 1940 m'are'.
351 1881 388 1935 ut
405 1872 489 1934 inira
505 1872 706 1954 probabitur.

278 1974 330 2057 (b)
348 1977 400 2037 De
422 1971 510 2038 sacto
532 1975 564 2038 in
585 1978 692 2058 prima
714 1987 808 2059 parte
826 1977 976 2043 Christus
993 1997 1053 2041 sua
1068 1977 1171 2040 verba
1187 1975 1317 2057 explicat
1359 2057 1360 2060 Ἴ

236 2078 360 2144 deiide
377 2079 409 2141 in
426 2079 573 2159 seipsum
589 2101 597 2156 ;
620 2085 636 2109 ‘⁴
649 2079 714 2160 Qui
731 2080 821 2142 vem't
838 2081 887 2142 ad
904 2099 1037 2144 menon
1054 2079 1186 2168 esuriet,
1201 2079 1252 2160 qui
1265 2095 1317 2138 cre·

235 2183 288 2245 dit
308 2182 340 2244 in
366 2202 419 2244 me
442 2197 509 2244 non
533 2182 623 2245 sitiet
646 2184 821 2264 unquam’'
840 2179 942 2269 (35);
964 2192 1115 2245 econtra
1138 2184 1170 2244 in
1192 2179 1317 2244 secundi

237 2293 331 2367 parte
346 2283 493 2347 declarat
509 2284 630 2360 cibum,
646 2304 746 2365 quem
762 2285 866 2360 dabit,
881 2305 1015 2349 carnem
1037 2295 1139 2348 suam.
1149 2304 1224 2347 vere
1238 2299 1318 2344 esse:

238 2394 335 2450 “earo
352 2407 426 2449 mea
442 2406 514 2448 vere
529 2397 577 2450 est
590 2387 678 2450 cibus
688 2389 703 2412 ”
723 2384 810 2472 (56).

280 2489 329 2570 (c)
354 2489 462 2563 Panis,
483 2489 524 2552 de
548 2510 615 2572 quo
638 2491 747 2571 agitur
771 2491 802 2552 in
827 2491 935 2571 prima
958 2500 1062 2571 parte,
1079 2510 1100 2551 a
1115 2489 1219 2551 Patre
1239 2487 1319 2548 datur
1358 2521 1359 2552 r

239 2593 304 2672 (32,
321 2609 370 2671 39,
386 2593 452 2672 44),
468 2594 548 2655 dum
566 2594 733 2656 secundus
750 2593 846 2674 panis
862 2613 884 2653 a
903 2591 1033 2657 Christe
1047 2593 1149 2655 datur
1163 2591 1233 2673 (52)
1247 2616 1255 2668 ;
1274 2605 1319 2670 per
1358 2553 1359 2647 i

238 2691 380 2773 priorem
393 2693 440 2754 ad
452 2691 617 2756 Christum
631 2696 787 2771 venimus,
801 2695 875 2758 Deo
892 2715 953 2758 nos
969 2695 1123 2758 trahente
1140 2695 1205 2776 (35,
1222 2695 1268 2773 36,
1280 2709 1318 2766 44.

237 2795 295 2877 45)
310 2817 317 2874 ;
341 2815 399 2878 per
411 2798 637 2878 posteriorem,
651 2797 803 2862 Christus
814 2819 835 2860 a
848 2797 939 2860 nobis
951 2797 1215 2864 neendueaturet
1229 2798 1259 2858 in
1276 2813 1318 2854 no·

239 2898 289 2961 bis
306 2899 435 2962 habitat
455 2896 541 2985 (57).
592 2901 697 2982 Igitur
713 2901 856 2982 quaestio
877 2920 943 2963 non
966 2909 1018 2962 est
1039 2901 1082 2963 de
1103 2901 1221 2962 eodem
1243 2914 1319 2980 pant,

239 3023 340 3083 quum
358 3001 545 3067 differentia
562 3005 648 3067 adsit
665 3006 751 3069 inter
767 3006 939 3086 utriusque
955 3002 1083 3065 datores
1099 3012 1133 3065 et
1150 3003 1278 3083 effecius.

283 3105 334 3184 (d)
352 3103 575 3169 Confirmatur
592 3107 710 3169 intima
726 3108 939 3170 connexione
955 3106 1112 3172 secundae
1136 3107 1238 3187 partis
1259 3117 1319 3164 cunt

240 3207 449 3269 institutione
464 3208 682 3272 Eucharistiae
701 3211 732 3271 in
750 3211 869 3273 ultimi
884 3213 997 3285 coena;
1020 3207 1074 3270 hic
1085 3209 1176 3272 enim
1191 3207 1320 3272 Christus

240 3309 405 3391 promittit
420 3310 510 3391 quod
528 3312 560 3372 in
578 3315 674 3374 coena
686 3313 789 3386 dedit,
801 3321 834 3375 et
850 3312 906 3392 qui
920 3312 1020 3373 verba
1031 3311 1173 3392 Joannis
1187 3307 1321 3390 incapite

240 3421 338 3473 sexto
362 3431 436 3473 cum
462 3413 570 3474 verbis
596 3414 896 3495 Evangelistarum,
915 3411 1136 3476 Eucharistiae
1160 3409 1320 3475 institutio·

240 3533 316 3575 nem
329 3515 735 3591 describentium,attente
752 3515 941 3589 coniert,de
957 3516 1076 3578 eadem
1094 3535 1128 3578 re
1145 3516 1178 3577 in
1196 3515 1320 3592 utrisque

240 3615 292 3695 agi
319 3635 384 3678 non
409 3628 522 3698 potest
545 3639 610 3681 non
636 3619 772 3681 videre:
807 3620 892 3682 sicut
919 3618 1009 3706 enirn
1024 3619 1131 3700 ,Jesus
1158 3619 1211 3681 hic
1232 3616 1319 3680 dicit:

240 3719 340 3781 “Nisi
358 3722 634 3785 enanduenveritr's
649 3733 683 3785 et
699 3721 845 3784 biberitis
854 3722 879 3798 '’,
897 3722 943 3783 ita
965 3721 998 3782 in
1021 3720 1140 3783 ultima
1156 3724 1248 3783 coena
1262 3716 1319 3780 ait:
1354 3747 1355 3750 ¹

241 3823 415 3884 “comedite
471 3825 614 3897 bibire'',·
638 3827 723 3887 sicut
746 3835 874 3885 carmem
899 3835 932 3886 et
954 3823 1149 3904 sanguinem
1172 3841 1257 3886 suum
1278 3815 1318 3878 hic
1354 3847 1355 3922 p

244 3965 1315 4014 *m-—ss-ss-——ae

278 4072 284 4093 ¹
297 4063 371 4124 Huic
384 4077 550 4140 argumento
560 4068 670 4123 accedit
684 4069 889 4136 parattettsmus
901 4029 1107 4139 interpridrem
1118 4081 1147 4124 et
1159 4067 1318 4140 posteriorem

244 4157 362 4216 partem,
377 4159 407 4202 ut
421 4150 698 4224 optimedeclaratur
711 4171 728 4206 a
742 4155 772 4208 C.
794 4155 945 4226 Wr's'eman,
959 4154 1161 4225 optim-tect.
1178 4157 1199 4209 1.

283 4233 363 4287 'Cin
377 4235 433 4288 Isa.
452 4235 509 4298 LV,
529 4251 582 4301 1-23
601 4239 687 4292 Prov.
706 4239 757 4303 tv,
775 4253 800 4307 5;
818 4242 908 4294 Eccle'.
925 4241 1032 4308 XXIV,
1047 4257 1070 4312 5.
