2758 4652
468 197 523 248 DE
541 199 714 250 ORDINE.
1073 199 1139 251 600

73 392 117 442 29.
159 375 354 434 20Tonsurati
365 377 459 436 clerici
465 391 607 436 vocantur
620 399 637 436 a
650 397 744 452 graeca
757 397 830 438 voce
843 381 943 449 κλῆρος
956 379 1037 450 (sors,
1052 383 1139 451 pars),

35 469 104 515 turn
119 463 191 530 quia
204 472 273 521 sunt
286 463 406 535 speciali
426 466 518 524 modo
539 484 606 538 pars
622 467 753 536 Domini,
770 479 833 526 tum
855 469 926 540 quia
940 467 1088 525 Dominus
1108 466 1139 526 fit

34 547 198 617 speciatim
212 567 314 607 eorum
329 569 396 624 pars
409 571 460 610 seu
474 552 629 626 hereditas,
645 557 727 627 juxta
740 556 812 614 illud
828 578 834 614 :
854 555 1002 614 Dominus
1008 563 1083 626 pars
1094 556 1138 612 lve-

34 635 174 692 reditatr's
187 655 260 695 ruere.
303 639 522 712 Dispositiones
535 643 573 701 ad
588 653 739 700 tonsuram
752 643 900 714 requisitae
913 644 955 700 sic
974 660 992 699 a
1008 642 1136 700 Trident.

33 721 274 782 describuntur:
305 727 323 758 ‘⁸
336 726 434 783 Prima
456 730 576 786 tonsura
597 747 657 787 non
680 729 832 788 initientur
851 730 901 802 qui
922 737 1139 786 sacramentum

34 808 285 870 Confirmationis
299 831 359 870 non
373 815 565 887 susceperint,
579 825 608 874 et
622 814 690 873 fidei
704 813 872 872 mdimenta
884 813 983 871 edocti
997 829 1059 869 non
1079 813 1138 871 tue-

33 895 103 964 rint,
117 897 232 968 quique
245 899 342 970 legere
355 911 384 958 et
394 901 522 960 scribere
532 903 672 970 nesciant,
684 911 714 958 et
724 900 763 959 de
775 899 886 972 quibus
895 899 1067 970 conjeotura
1078 917 1137 956 non

33 977 73 1035 sit
87 995 143 1036 eos
163 998 225 1038 non
245 984 392 1041 saecularis
411 985 514 1056 judicii
536 984 668 1056 fugiendi
690 984 802 1055 fraude,
818 984 870 1042 sed
892 992 924 1041 ut
938 983 1005 1041 Deo
1019 983 1136 1041 fidelem

31 1066 153 1122 cultum
168 1080 316 1139 praestent‚
333 1071 391 1128 hoc
403 1071 471 1130 vitae
484 1089 578 1144 genus
596 1071 720 1142 elegisse
728 1070 744 1098 ''
759 1074 838 1142 (sess.
856 1070 976 1140 XXIII,
991 1087 1054 1140 cap.
1069 1092 1086 1142 4
1099 1070 1137 1128 de

32 1151 196 1224 Reform).
237 1155 377 1228 Virtutes,
395 1175 470 1229 quas
483 1159 607 1216 clericus
627 1159 723 1216 colere
740 1157 841 1228 debet,
857 1166 926 1215 sunt
944 1157 1013 1228 iuga
1032 1156 1136 1214 mundi

31 1241 166 1310 eiusque
181 1242 376 1314 voluptatum,
390 1245 547 1315 honorum,
564 1256 592 1303 et
611 1245 723 1303 sordidi
744 1244 817 1302 lucri
830 1253 1021 1315 contemptus
1027 1264 1035 1314 ;
1054 1244 1136 1314 quod

30 1325 210 1395 exprimitur
229 1345 282 1400 per
302 1331 477 1402 capillorum
497 1333 667 1389 tonsionem
692 1342 722 1390 et
747 1330 836 1389 verba
855 1347 922 1388 earn
941 1329 1136 1390 comitantia:

31 1413 52 1440 “
68 1413 221 1472 Dominus
236 1433 303 1487 pars
317 1418 488 1476 hereditatis
502 1437 576 1477 meae
589 1429 619 1477 et
632 1418 732 1477 calicis
746 1417 805 1476 mei
822 1439 828 1474 ε
849 1427 881 1475 tu
894 1435 926 1476 es
939 1417 989 1488 qui
1001 1417 1136 1475 restitues

30 1495 232 1558 hereditatem
246 1519 343 1560 meam
357 1505 430 1562 mihi
441 1505 457 1530 '’
465 1525 473 1575 ;
502 1505 622 1578 insuper
635 1506 705 1565 unio
719 1523 787 1562 cum
801 1504 928 1574 Christ0,
946 1504 1069 1575 ejusque
1082 1503 1135 1560 vir·

30 1593 135 1642 tutum
149 1587 281 1660 imitatio,
298 1607 365 1661 quae
376 1592 581 1664 superpellicei
595 1594 765 1665 receptione
778 1602 808 1650 et
821 1591 867 1648 his
881 1589 977 1649 verbis
990 1589 1135 1662 signlfica·

30 1681 80 1727 tur
97 1693 104 1728 :
134 1674 273 1733 “Induat
287 1688 315 1735 te
331 1679 477 1736 Dominus
492 1697 602 1736 norum
620 1678 772 1738 hominem
786 1678 838 1750 qui
852 1677 1016 1736 secundum
1034 1677 1133 1734 Deum

29 1769 152 1816 creatus
165 1772 209 1818 est
223 1762 252 1818 in
264 1764 376 1834 justitia
389 1776 418 1822 et
431 1765 588 1824 sanctitate
600 1765 729 1824 veritatis
740 1765 763 1822 ''.

65 1865 108 1916 ³⁰·
147 1863 178 1918 30
193 1847 345 1920 Privilegia
359 1867 411 1922 per
424 1861 575 1910 tonsuram
590 1852 696 1909 collata
708 1859 777 1908 sunt
790 1850 927 1908 habilitas
940 1849 978 1907 ad
990 1849 1134 1907 beneficia

29 1943 60 1987 et
72 1932 322 2006 jurisdictionem,
340 1937 518 2008 immunitas,
536 1937 720 2009 privilegium
735 1937 789 1994 lori
803 1947 832 1994 et
846 1935 1031 2008 privilegium
1046 1953 1134 1993 cano·

29 2019 85 2088 nis,
104 2019 267 2092 dequibus
281 2023 348 2081 vide
362 2023 560 2081 Prolelirones
564 2025 648 2096 juris
659 2023 794 2081 canonici.

180 2145 228 2204 11.
254 2147 307 2205 De
330 2154 499 2221 quatuor
520 2149 738 2209 mlnoribus
761 2147 964 2206 ordinibus
975 2145 995 2206 ¹.

68 2288 112 2339 31.
158 2269 293 2341 Quatuor
315 2270 355 2327 illi
378 2270 498 2328 ordines
520 2270 687 2328 successive
712 2271 742 2326 in
764 2269 898 2328 Ecclesia
921 2269 1045 2327 instituti
1065 2281 1134 2329 sunt

29 2365 121 2425 prout
136 2355 304 2426 postulabat
319 2366 486 2428 temporum
502 2356 662 2415 necessitas
670 2377 679 2429 3
707 2357 772 2415 illos
784 2359 845 2428 lam
858 2356 945 2414 tertio
959 2357 1068 2414 saeculo
1086 2374 1132 2414 ex·

27 2442 140 2500 stitisse
161 2453 242 2500 certo
265 2452 381 2501 constat
404 2462 439 2502 ex
459 2443 516 2516 Ep.
537 2443 670 2502 Cornelii
688 2444 777 2515 Papae
797 2443 835 2501 ad
859 2441 1024 2500 Fabianum
1043 2442 1134 2513 (circa

27 2547 53 2583 a.
75 2531 142 2600 25²)
162 2529 213 2586 ubi
234 2530 400 2588 declaratur
421 2540 492 2588 tuno
514 2532 620 2590 Romae
638 2531 727 2590 luisse
752 2537 770 2560 ‘⁴
783 2549 875 2589 unum
894 2529 1079 2602 Episcopum
1092 2572 1130 2602 ...,

30 2616 223 2688 Presbyteros
232 2619 429 2690 quadraginta
440 2637 498 2688 sex,
510 2619 655 2678 diaconos
663 2628 786 2690 septem,
799 2617 1000 2698 subdiaconos
1009 2627 1134 2690 septem,

28 2705 173 2774 molytlros
185 2705 259 2762 duos
272 2717 301 2764 et
314 2706 518 2778 quadraginta,
526 2707 680 2765 exorcistas
692 2717 791 2764 autern
802 2717 831 2764 et
844 2705 958 2763 leHores
971 2723 1039 2762 cum
1048 2706 1132 2776 ostia·

27 2791 83 2846 riis
97 2791 313 2864 quinquaginta
326 2792 402 2851 duos
410 2793 432 2849 ''.

62 2897 107 2947 32
149 2896 176 2933 10
192 2878 372 2936 Ostiariatus
395 2891 438 2937 est
459 2880 534 2938 ordo
557 2898 626 2951 quo,
646 2879 805 2936 traditione
826 2878 964 2942 clavium,
983 2879 1133 2937 confertur
1153 2889 1161 2898 '

28 2977 165 3037 potestas
178 2967 329 3038 aperiendi
344 2978 373 3025 et
387 2967 546 3029 claudendi
560 2966 692 3025 ecclesiae
710 2967 823 3036 januas,
839 2963 960 3022 arcendi
980 2963 1129 3035 indignos,

27 3067 56 3110 et
71 3071 165 3111 sacrae
179 3055 370 3126 supellectilis
383 3055 550 3113 custodiam
562 3052 701 3110 habendi.
741 3051 875 3108 Materia
889 3060 932 3108 est
947 3049 1065 3108 traditio
1076 3052 1131 3108 cla·

28 3141 121 3211 vium,
130 3141 233 3213 formo
251 3152 350 3200 autem
369 3163 374 3199 :
404 3142 452 3200 Sic
470 3142 548 3212 agite
567 3139 651 3211 quasi
670 3137 811 3196 reddituri
829 3137 895 3194 Deo
915 3137 1058 3194 rationem
1078 3155 1132 3209 pro

28 3227 62 3283 iis
76 3227 168 3284 rebus
189 3245 257 3299 quae
276 3227 321 3285 his
340 3228 472 3286 clavibus
492 3227 694 3284 recluduntur.
743 3223 867 3280 Virtutes
887 3223 956 3282 huic
970 3225 1067 3281 ordini
1088 3243 1131 3282 re-

27 3314 216 3385 spondentes
229 3324 298 3373 sunt
312 3315 390 3373 zelus
404 3315 512 3372 domus
528 3313 593 3382 Dei,
608 3323 637 3370 et
656 3312 735 3370 zelus
756 3311 938 3382 animarum;
965 3329 1032 3369 nam
1053 3312 1128 3370 ordi-

28 3402 166 3459 nandum
180 3401 222 3458 sic
235 3401 377 3460 admonet
393 3402 529 3460 Pontifex
546 3422 552 3458 :
583 3400 694 3458 “Sicut
714 3397 914 3456 materialibus
933 3398 1066 3456 clavibus
1085 3415 1130 3456 ec·

28 3489 151 3545 clesiam
161 3487 306 3546 visibilem
317 3489 436 3560 aperitis
449 3499 478 3546 et
489 3488 634 3557 clauditis,
646 3489 727 3546 sicet
739 3487 916 3546 invisibilem
928 3487 982 3544 Dei
997 3487 1130 3556 domum,

27 3575 114 3631 corda
128 3593 161 3631 sc.
171 3575 316 3646 fidelium,
331 3575 415 3632 diliis
434 3582 463 3631 ct
478 3573 613 3644 exemplis
626 3573 727 3630 vestris
745 3572 887 3630 claudatis
897 3571 1017 3640 diabole,
1030 3580 1057 3628 et
1067 3581 1130 3642 ape-

29 3663 117 3719 riatis
130 3663 195 3719 Deo
204 3663 228 3719 ”.
1013 3683 1016 3688 ·

63 3766 106 3817 33.
148 3749 353 3806 2⁰Lelloratus
366 3759 410 3807 est
423 3749 497 3806 ordo
511 3749 585 3807 dans
600 3759 777 3819 potestatem
791 3748 913 3806 verbum
924 3747 981 3805 Dei
995 3748 1024 3805 in
1038 3748 1130 3805 eccle·

28 3836 72 3892 sid
92 3855 128 3894 ex
147 3836 264 3908 pulpito
283 3835 410 3908 legendi,
435 3846 465 3892 et
484 3836 629 3906 populum
655 3833 857 3892 catechizandi
880 3834 910 3890 in
936 3834 1023 3891 rebus
1050 3833 1125 3891 fidei.

30 3922 174 3980 Lectores
187 3923 350 3994 antiquitus
364 3922 541 3980 benedicere
555 3931 778 3992 consueverant3
797 3920 995 3978 diciturenim
1010 3921 1039 3975 in
1054 3921 1130 3976 Pon-

66 4115 74 4144 ¹
88 4105 133 4156 De
147 4101 253 4171 origine
267 4113 294 4158 et
308 4121 425 4157 numero
439 4104 577 4157 Ordinum
594 4105 745 4171 ltlinorum,
756 4105 851 4158 videre
862 4116 913 4171 est,
923 4115 1023 4174 praeter
1036 4103 1129 4158 aucto-

32 4207 76 4243 res
96 4190 206 4257 citatos,
225 4191 257 4245 L.
280 4193 434 4261 Duclresne,
457 4192 589 4260 Origines
618 4192 654 4246 du
683 4193 756 4246 culte
783 4192 916 4259 chre'tien,
940 4192 1027 4260 Paris,
1052 4193 1128 4259 1889,

32 4295 57 4345 P·
71 4291 124 4347 3²9
137 4295 178 4346 sq.

120 4398 244 4442 Svuorsrs
257 4397 301 4443 llt.
316 4423 337 4430 -
355 4412 383 4456 39
