2738 4646
190 173 245 223 DE
269 173 485 224 MYSTERIO
504 169 775 222 PRAESENTIAE
794 164 960 215 Rani-ts.
1060 157 1122 208 :315

1069 271 1125 280 ..ι-ι

32 361 85 414 reg.
102 363 145 415 21,
167 365 192 403 c.
207 349 243 417 r),
264 347 342 418 legat
364 347 593 416 Chrysosiouruur
613 343 725 414 (homil.
739 357 773 412 45
792 351 821 398 et
840 343 875 412 46
894 339 921 394 in
941 335 1030 410 Joad,
1045 333 1124 404 legat

31 431 229 504 Ept'rtlzam'uu
249 435 376 502 (Haeres.
390 437 444 506 55),
460 435 537 506 legat
555 431 740 490 Ambrosium
759 427 851 500 (lib.4
869 426 908 485 de
927 424 1120 487 Sacrament,

30 537 51 574 ‘³-
68 525 118 590 5l¹,
133 521 211 592 legat
224 522 421 593 Arugusir'uuui
436 521 497 591 (lib.
516 538 525 575 r
541 519 579 578 de
593 536 674 591 pecc.
689 535 759 574 mer.
774 531 831 586 cap
854 531 888 570 ao
899 521 929 570 et
943 527 986 578 24,
1001 519 1030 566 et
1043 507 1092 564 lib.
1110 525 1120 562 r

29 617 126 663 contra
146 607 299 680 Julianum
322 619 351 666 et
371 625 455 666 serm.
475 626 490 664 2
512 607 551 665 de
569 604 648 663 verb.
669 603 797 676 Apost.),
815 601 893 671 legat
912 597 1122 665 Hieronymum

29 692 207 752 (Commeat.
221 696 250 752 in
260 712 324 767 cap.
340 695 400 753 rad
412 695 547 768 Ephes.),
558 694 636 764 legat
650 688 842 761 Theophylum
850 685 911 756 (lib.
926 701 953 740 rr
966 680 1122 749 Paschal.),

28 779 100 851 legat
116 783 290 855 Gregou'uru
309 784 397 854 Nyss.
413 786 461 854 (ln
476 781 646 840 Ecclesiast.
661 789 691 836 et
710 777 759 834 lib.
772 775 811 833 de
830 769 953 846 perlecti
972 766 1120 826 christiani

29 867 152 927 hominis
166 871 281 942 torma),
294 871 371 943 legat
385 871 528 942 Cyrillum
541 868 611 936 (hoc
624 867 735 934 loco)...
773 859 910 920 Concilia
922 855 1032 926 omnia,
1043 871 1121 926 quae·

27 971 152 1026 cumque
165 957 246 1014 hunc
260 957 358 1015 locum
372 958 507 1023 citavere,
519 956 557 1014 de
569 953 762 1012 Eucharistiae
775 957 960 1008 sacramento
974 944 1122 1002 intellexe-

28 1053 95 1111 runt,
111 1041 305 1113 Ephesinuur,
325 1043 537 1108 Trriicutiuuur,
558 1041 652 1100 Conc.
678 1038 861 1097 Cabiloueuse
878 1042 906 1092 et
923 1033 1016 1092 Cone.
1038 1031 1120 1088 Seno·

27 1143 111 1182 neme.
153 1129 307 1186 Audacius
321 1149 400 1187 nunc
413 1130 483 1189 dico
495 1129 577 1202 quod
596 1127 656 1185 dixi
675 1127 705 1182 in
725 1122 879 1197 principio,
896 1119 1043 1180 neminem
1058 1115 1121 1173 sine

28 1214 185 1272 temeritate
199 1232 289 1287 posse
301 1235 318 1272 a
331 1225 374 1273 tot
390 1215 525 1278 Patribus
538 1213 568 1272 in
581 1232 612 1272 re
626 1225 685 1270 tam
699 1211 779 1284 gravi
792 1207 947 1268 dissentire
957 1205 998 1262 ''².

58 1349 92 1387 12
133 1353 165 1406 30
184 1336 346 1394 Solvuntur
363 1337 590 1394 Protesiauiiuru
608 1330 814 1406 difficultates&
853 1329 902 1398 (Α)
921 1325 1067 1395 Christus,
1090 1324 1119 1380 in

27 1427 116 1494 rapite
129 1433 224 1494 sextu,
240 1441 301 1480 non
315 1434 414 1495 potest
427 1423 508 1495 loqui
526 1423 564 1480 de
579 1418 783 1486 Eucharistia;
803 1434 871 1473 nam
885 1415 943 1474 tale
955 1413 1119 1472 sacramen·

28 1523 82 1567 tum
96 1511 232 1569 nondum
247 1521 308 1568 erat
322 1511 488 1568 institutum
499 1529 506 1580 ;
517 1507 601 1580 atqui
615 1506 746 1578 loquitur
758 1504 796 1562 de
809 1501 1040 1562 manducatione
1053 1517 1120 1572 quae

29 1595 80 1652 lieri
91 1607 215 1667 poterat,
223 1597 295 1655 dum
307 1597 476 1669 loqueretur
487 1617 493 1654 :
516 1599 533 1625 ‘⁸
544 1595 602 1668 Qui
614 1592 775 1651 manducat
785 1607 904 1648 carnem
915 1605 1021 1658 meam,
1032 1587 1116 1646 etc.''.

29 1681 110 1753 Resp.
124 1703 131 1742 ι
152 1683 236 1754 Nego
248 1685 394 1741 minorem.
435 1684 513 1741 Nam
530 1682 666 1740 Christus
679 1691 765 1736 antea
779 1684 874 1746 (versu
888 1678 934 1750 52)
947 1676 1119 1748 promiserat

28 1767 237 1827 Eucharistiam
252 1773 415 1841 profuturo
429 1783 563 1842 tempore
577 1780 702 1834 tantum,
715 1781 743 1824 et
756 1767 819 1837 ejus
833 1765 1039 1822 necessitatem
1054 1781 1118 1834 pro·

28 1857 221 1927 mulgaverat:
242 1856 311 1914 dein
329 1856 422 1914 modo
441 1853 584 1926 loquendi
602 1851 724 1920 utendo,
740 1848 791 1921 qui
808 1865 888 1920 saepe
903 1847 941 1905 ab
954 1846 1118 1905 oratoribus

28 1954 185 2014 usurpatur,
202 1942 344 2000 describit
362 1943 476 2000 futuros
495 1939 626 2010 effectus,
642 1947 784 2010 tanquam
799 1936 822 1993 si
836 1945 995 2007 praesentes
1008 1945 1115 1991 essent.

28 2029 109 2101 Quod
121 2032 185 2102 jam
200 2031 318 2096 lecerat,
331 2029 403 2087 dum
416 2029 587 2100 loqueretur
600 2026 638 2084 de
651 2024 826 2082 necessitate
840 2021 981 2093 Baptismi
996 2041 1002 2076 :
1017 2038 1118 2092 quam-

27 2117 62 2172 ris
74 2119 153 2175 enim
169 2117 227 2175 hoc
241 2127 459 2175 sacramentum
473 2113 607 2172 nondum
622 2113 715 2170 luerat
729 2110 903 2178 institutum,
919 2108 1009 2167 dixit:
1023 2107 1117 2164 “Nisi

28 2205 85 2274 <ritis
98 2216 218 2264 renatus
232 2205 352 2263 luerit...
366 2223 428 2261 non
442 2211 541 2276 potest
554 2201 673 2258 introire
687 2200 716 2256 in
730 2217 853 2270 regnum
869 2197 925 2254 Dei
935 2196 949 2222 ”
958 2197 975 2253 ⁴.

58 2339 92 2390 13
131 2327 182 2396 (Β)
193 2325 330 2385 Christus
342 2325 381 2383 de
394 2324 444 2381 itta
457 2321 688 2381 manducatione
700 2318 838 2390 loquitur,
850 2335 917 2389 quae
929 2315 1119 2374 infallibiliter

28 2411 107 2468 vitam
121 2424 263 2470 aeternam
277 2412 409 2470 confert:
429 2409 486 2467 “Si
501 2407 567 2482 quis
584 2405 807 2465 manducaverit
819 2423 855 2463 ex
867 2404 925 2461 hoc
939 2421 1025 2475 pane,
1041 2403 1118 2462 vivet

28 2495 52 2552 in
64 2509 204 2556 aternum
216 2499 231 2524 ''
245 2501 310 2572 (52).
348 2495 439 2568 Atqui
459 2496 516 2555 hoc
534 2497 572 2555 de
593 2493 777 2554 Euclraristia
790 2493 849 2551 dici
864 2491 974 2564 nequit,
988 2509 1055 2564 quae
1068 2492 1117 2549 ali·

28 2581 139 2650 quando
164 2581 203 2640 ab
229 2581 359 2654 indignis
384 2581 533 2653 recipitur,
556 2581 608 2639 sed
631 2581 727 2637 solum
752 2581 791 2638 de
813 2579 1043 2638 manducatione
1066 2597 1118 2652 per

28 2666 115 2724 fidem.
154 2669 243 2740 Ergo
291 2669 377 2739 Resp.
392 2689 403 2724 .·
427 2667 563 2726 Christus
586 2666 717 2738 loquitur
738 2667 776 2725 de
797 2665 1031 2725 manducatione
1050 2685 1118 2738 quae

28 2753 106 2812 vitam
119 2765 261 2814 aeternam
274 2756 398 2821 confert,
409 2753 513 2826 positis
520 2753 668 2825 ponendis,
685 2772 724 2810 sc.
738 2772 807 2811 cum
826 2755 935 2813 debitis
949 2754 1116 2825 dispositio·

29 2840 105 2898 nibus
115 2864 123 2909 ;
142 2841 226 2914 quod
244 2842 368 2912 quidem
384 2859 486 2900 vetum
506 2852 550 2898 est
570 2840 608 2898 de
629 2839 823 2910 Eucharistia‚
839 2859 906 2912 quae
917 2859 953 2896 ex
964 2859 991 2896 sc
1004 2842 1120 2897 confert

28 2927 106 2984 uitam
119 2939 271 2999 aeternam,
287 2927 455 2987 dummodo
469 2927 522 2985 rite
535 2927 704 2999 accipiatur.
742 2926 942 2985 Confirmatur
954 2944 989 2983 ex
1002 2925 1037 2982 iis
1051 2945 1117 2997 quae

29 3012 60 3070 de
71 3013 132 3087 ipsa
145 3015 206 3073 fide
218 3013 359 3072 dicuntur
373 3035 379 3072 :
399 3013 486 3087 “Qui
507 3014 666 3072 crediderit
683 3025 712 3072 et
731 3013 895 3084 baptizatus
914 3013 1008 3082 suerit,
1020 3014 1117 3071 salvus

29 3101 74 3158 erit
83 3122 91 3172 5
109 3103 160 3174 qui
178 3119 248 3159 vero
267 3119 328 3159 non
348 3101 515 3168 crediderit,
535 3101 785 3160 condemnabitur
795 3101 829 3132 ”⁵
840 3121 847 3172 3
866 3119 944 3170 nam,
958 3101 1116 3160 fatentibus

30 3187 90 3258 ipsis
104 3188 350 3258 Protestantibus‚
367 3207 427 3245 non
440 3189 538 3246 omnis
558 3188 632 3248 fides
649 3188 799 3260 justificat,
811 3188 863 3246 sed
881 3188 977 3247 solum
996 3207 1031 3247 ca
1050 3208 1116 3262 quae

30 3273 124 3334 debitis
135 3275 361 3334 conditionibus
374 3286 418 3334 est
431 3278 542 3334 vestita.

58 3479 154 3552 ¹Opus
167 3483 328 3553 hujusmodi
345 3501 402 3537 non
421 3502 440 3538 a
459 3485 488 3538 S.
504 3484 655 3538 Ambrosio
672 3485 807 3553 scriptum
826 3485 884 3552 tuit,
898 3485 948 3539 sed
962 3503 978 3537 a
992 3485 1119 3554 quodam

32 3567 80 3634 ejus
92 3571 236 3641 discipulo,
246 3571 293 3642 qui
307 3573 410 3640 stylum
423 3573 452 3626 S.
466 3569 599 3625 Dodloris
612 3572 746 3640 imitatur,
755 3585 784 3628 et
794 3590 827 3628 ex
837 3573 897 3640 ejus
907 3571 1018 3642 scriptis
1028 3573 1116 3626 multa

30 3669 146 3723 excerpit.

59 3743 120 3798 “lta
140 3744 335 3810 Muluianum,
354 3761 397 3814 op.
415 3745 459 3798 cit.
479 3746 506 3798 in
525 3763 596 3800 vers.
618 3759 658 3814 54.
699 3747 875 3802 Testimonia
899 3748 1012 3801 Parrum
1031 3745 1116 3802 citata

33 3825 85 3880 vide
96 3830 167 3898 apud
185 3828 301 3900 Cariam,
314 3849 359 3900 op.
374 3833 418 3886 cit
434 3849 461 3902 p.
478 3835 528 3900 362
542 3850 584 3902 sq.
628 3831 827 3888 Iri'deutiuum
841 3835 928 3889 noluit
941 3833 1054 3904 quidem
1069 3836 1116 3889 de·

33 3909 99 3967 finire
111 3927 193 3986 caput
207 3929 318 3972 sextum
332 3918 367 3972 de
382 3919 560 3973 Eucharistia
574 3919 787 3988 intelligendum
800 3937 871 3984 esse,
888 3922 939 3975 sed
957 3922 1017 3990 ejus
1035 3939 1116 3977 mens

33 4000 95 4056 ctare
108 4004 243 4074 colligitur
256 4022 290 4058 ex
303 4022 372 4058 sess.
387 4005 467 4072 xxi,
481 4023 504 4061 c.
524 4020 547 4070 1,
563 4008 609 4060 ubi
623 4008 677 4061 hoc
691 4018 776 4076 caput
789 4009 898 4062 citatur.

61 4089 229 4161 ³Praecipuae
254 4091 434 4146 difficultates
457 4093 640 4148 desumuntur
662 4111 695 4146 cx
716 4110 801 4162 opere
825 4097 857 4150 G.
880 4096 978 4162 Faber,
1001 4096 1117 4150 Christ's

36 4170 171 4233 Discourse
183 4189 212 4233 at
228 4179 416 4247 Caperaaum.
432 4181 587 4249 praesertim
600 4200 634 4236 ex
648 4182 740 4250 capite
753 4184 809 4235 Vll
817 4184 839 4237 l.

62 4261 144 4320 ⁴700.
163 4267 218 4333 lll,
234 4278 256 4334 5.
269 4295 305 4306 -
317 4263 327 4298 ⁵
339 4267 431 4324 Marc.
448 4268 528 4334 XVI,
545 4271 584 4322 16.
636 4303 638 4308 .
