2752 4648
207 161 262 211 DE
281 162 498 214 MYSTERIO
517 165 790 217 PRAESENTIAE
810 167 975 220 naar-18.
1073 171 1142 223 ³⁴5

54 339 250 419 substantia;
276 353 352 425 post
374 347 657 409 consecrationem
681 348 798 410 eadem
823 348 855 410 in
879 349 996 430 seipsis
1018 346 1142 412 directe

54 451 229 522 sustentat;
250 457 361 528 potest
377 449 465 510 enim
475 459 539 529 per
551 449 690 529 sceptrum
706 448 835 512 efficere
856 450 1016 532 quidquid
1034 470 1142 514 causae

54 547 197 608 secunda:
213 568 369 631 peragere
384 551 504 614 valent.
551 551 670 634 Neque
685 564 797 616 tamen
816 572 949 616 necesse
964 562 1015 616 est
1030 555 1143 616 omnia

53 648 227 713 accidentia
250 651 282 712 in
307 653 424 733 seipsis
447 654 640 718 immediate
663 657 839 720 sustentari
852 678 860 734 ;
883 657 954 718 sola
972 656 1142 738 quantitas

53 747 227 816 dimensiva
249 755 445 820 miraculose
466 759 499 820 in
523 759 632 840 seipsa
653 759 812 834 subsistit,
828 771 949 824 caetera
964 780 1043 824 vero
1058 761 1142 823 acci·

53 851 156 916 dentia
169 857 200 918 in
212 859 260 934 ea,
269 867 429 941 tanquam
442 862 475 923 in
488 861 760 925 vice-substantia
772 861 1009 943 subjedtantur.
1041 863 1141 945 Quod

53 957 91 1017 sic
112 962 240 1042 concipi
264 973 395 1044 potest:
418 974 562 1047 ponatur
581 967 795 1048 quantitatem
813 966 1030 1030 dimensivam
1046 967 1141 1048 panis

52 1057 118 1138 (vel,
132 1072 170 1125 ut
185 1065 257 1128 aliis
272 1065 390 1146 placet,
406 1069 518 1132 molem
542 1089 599 1131 seu
615 1069 794 1150 potentiam
816 1067 987 1131 resistendi
998 1068 1103 1131 simul
1112 1078 1144 1131 ct

52 1167 174 1248 agenda)
188 1167 359 1234 subtratto
376 1170 538 1253 subjedto,
554 1173 702 1253 accipere
717 1191 737 1234 a
753 1172 828 1234 Deo
843 1171 1140 1234 extraordinariam

46 1267 228 1342 ‚aculeatam
252 1273 286 1335 in
308 1295 341 1337 se
361 1274 579 1338 subsistendi:
602 1276 716 1338 omnia
738 1275 803 1339 alia
826 1274 1020 1349 accidentia,
1043 1273 1141 1348 color,

53 1382 169 1450 gustus,
177 1386 212 1440 et
222 1378 320 1441 etiam
328 1381 412 1443 odor
420 1379 599 1461 quantitati
611 1378 662 1442 vel
675 1377 751 1440 moli
764 1377 980 1440 inhaerebunt.
1006 1376 1140 1440 Etenim

54 1473 79 1534 in
95 1480 280 1556 quantitate
294 1482 488 1558 dimensiva,
499 1484 567 1546 duo
582 1481 824 1546 consideranda
839 1488 938 1542 sunt:
961 1497 1063 1542 unum
1080 1479 1141 1540 sci·

55 1576 129 1656 licet,
144 1601 212 1663 quo
234 1587 426 1649 naturaliter
448 1587 576 1668 indiget
599 1582 750 1666 subjedto
772 1582 981 1646 substantiali
1005 1584 1047 1646 ad
1070 1583 1141 1645 exi·

54 1685 198 1748 stendum
215 1696 249 1750 et
264 1691 486 1770 operandum;
509 1691 650 1755 alterum
666 1700 788 1764 autem,
800 1708 867 1769 quo
883 1687 1076 1751 naturaliter
1091 1696 1142 1750 est

53 1783 228 1864 subjectum
253 1791 483 1858 immediatum
507 1794 646 1856 aliorum
670 1792 892 1855 accidentium
916 1790 1141 1870 sensibilium;

54 1886 207 1966 siquidem
223 1893 322 1968 color,
337 1907 463 1978 gustus,
478 1899 570 1961 odor'
581 1899 712 1979 aliaque
734 1895 924 1977 hujusmodi
944 1895 1141 1957 substantiae

54 1990 215 2058 adhaerent
231 1998 399 2063 mediante
414 2003 602 2083 quantitate
617 1999 810 2073 dimensiva,
825 2017 900 2079 quae
921 1995 1046 2060 directe
1064 1997 1141 2059 sub-

53 2097 177 2158 stantiae
199 2097 345 2164 inhaeret.
391 2104 503 2168 Verba
525 2115 637 2169 autem
661 2101 926 2174 consecrationis,
941 2100 1062 2180 quibus
1084 2099 1142 2161 de-

53 2199 180 2262 struitur
194 2202 283 2283 prior
298 2205 379 2267 ordo
395 2208 563 2284 naturalis,
575 2209 621 2270 ita
633 2217 669 2270 ut
681 2208 751 2270 sine
763 2202 915 2286 subjecto
930 2203 1141 2267 substantiali

53 2304 212 2376 quantitas
236 2307 420 2373 dimensiva
443 2313 567 2374 existat
591 2320 625 2374 et
648 2320 810 2392 operetur,
837 2307 928 2371 nullo
956 2309 1057 2371 modo
1083 2309 1140 2371 de·

53 2410 175 2471 struunt
190 2409 330 2474 alterum
347 2414 495 2477 ordinem
513 2414 718 2491 naturalem;
740 2421 876 2476 manent
888 2409 1140 2473 enim'aceiden-

54 2506 101 2584 tia,
116 2520 148 2573 et
166 2512 242 2576 ideo
265 2535 340 2578 cum
364 2518 444 2599 ipsis
468 2529 580 2582 manet
596 2539 710 2582 eorum
728 2515 886 2580 naturalis
902 2516 985 2578 ordo
1000 2514 1042 2576 ad
1059 2515 1140 2578 invi-

53 2629 135 2674 cem:
158 2618 247 2681 unde
263 2620 473 2685 manifestum
491 2622 645 2703 estquod
662 2621 832 2702 quantitas
854 2619 1048 2694 dimensiva,
1064 2631 1140 2699 post

54 2721 335 2796 consecrationem,
356 2736 407 2787 est
430 2723 615 2806 subjectum
639 2725 778 2787 aliorum
802 2724 1033 2797 accidentium,
1056 2724 1141 2786 sicut

54 2828 115 2881 erat
129 2831 206 2884 ante
220 2829 511 2890 consecrationem.
556 2827 609 2910 (S.
631 2828 738 2890 raom.
758 2845 774 2906 3
792 2847 822 2908 p.
838 2847 867 2907 q.
886 2839 936 2905 77,
952 2845 979 2887 a.
996 2825 1039 2904 2.)

89 2935 134 3000 43
183 2926 267 2989 Haec
293 2931 458 2993 sententia
485 2933 629 2995 tenenda
655 2931 810 2993 videtur:
841 2940 891 2991 est
917 2929 1005 2990 enim
1034 2931 1139 3012 magis

54 3039 286 3093 consentanea:
310 3031 360 3112 (a)
375 3033 480 3096 verbra
497 3033 747 3106 consecrationis,
762 3031 907 3094 scilicet:
931 3030 1003 3092 Hoc
1014 3042 1062 3094 est
1075 3053 1140 3096 car·

49 3135 103 3202 pus
119 3137 232 3196 meum.
279 3135 377 3210 Nam,
398 3145 435 3199 ut
453 3137 499 3199 ait
516 3136 694 3218 Angelicur
714 3135 761 3214 (in
784 3135 923 3198 Summa
944 3145 1030 3198 cont.
1051 3148 1139 3218 gent.

54 3227 99 3294 lib.
116 3253 145 3312 4,
164 3257 236 3318 cap.
251 3239 317 3319 63),
334 3259 467 3302 necesse
488 3249 538 3302 est
559 3239 683 3321 aliquid
706 3257 876 3300 remanere
896 3239 928 3300 in
948 3238 1010 3301 hoc
1033 3259 1139 3301 sacra-

54 3347 165 3413 mento,
183 3349 220 3402 ut
241 3362 355 3404 verum
377 3345 419 3406 sit
442 3343 531 3425 quod
556 3343 694 3406 dicitur:
717 3341 790 3404 Hoc
810 3351 857 3403 est
877 3352 988 3422 corpus
1011 3362 1139 3414 mem·

54 3455 117 3516 quae
140 3445 240 3507 verba
261 3457 338 3509 sunt
357 3447 454 3529 hujus
472 3447 695 3510 conversionis
716 3444 935 3526 significativa
955 3454 989 3507 et
1012 3441 1139 3508 sastiva.

55 3540 92 3606 Et
111 3549 187 3628 quia
210 3550 397 3614 substantia
416 3552 510 3635 panis
531 3571 597 3613 non
621 3560 741 3626 manet,
761 3561 797 3613 ut
815 3558 986 3611 ostensum
1009 3557 1068 3622 est,
1084 3568 1139 3610 ne·

54 3663 133 3712 cesse
144 3661 194 3715 est
206 3653 315 3716 dicere
327 3656 415 3736 quod
433 3663 566 3717 maneat
578 3653 611 3715 id
624 3653 710 3733 quod
724 3663 774 3714 est
786 3661 905 3734 praeter
916 3651 1138 3715 substantiam

54 3753 146 3828 panis.
192 3755 397 3837 Hujusmo'di
418 3767 529 3820 autem
553 3767 604 3820 est
624 3757 777 3819 accidens
800 3757 905 3837 panis.
952 3756 1141 3820 Remanent

55 3851 143 3932 igitur
156 3857 341 3922 accidentia
358 3861 452 3942 panis
468 3862 568 3923 etiam
585 3869 661 3942 post
672 3859 921 3923 conversionem
935 3856 1139 3939 praedictam.

56 3953 189 4024 Aliunde
213 3982 278 4025 non
304 3973 417 4027 manet
439 3965 626 4027 substantia
648 3965 750 4045 panis.
797 3961 888 4043 Ergo
911 3972 1047 4025 manent
1069 3963 1140 4025 sine

54 4063 277 4148 suosubjetio.

54 4164 96 4246 (b)
109 4168 306 4234 Auctoritati
319 4169 461 4240 Patriam
477 4170 533 4251 qui
550 4169 676 4252 species
693 4167 788 4249 panis
803 4177 837 4230 et
852 4167 929 4242 vini,
945 4168 1046 4232 etiam
1063 4178 1140 4249 post

54 4273 333 4347 consecrationem,
348 4283 469 4335 vocant
485 4293 551 4334 rem
568 4281 736 4347 terrenam,
754 4292 819 4332 rem
835 4271 1024 4344 sensibilem,
1040 4271 1139 4331 sensi-
