2752 4648
193 171 249 220 DE
268 171 489 222 MYSTERIO
506 172 780 222 PRAESENTIAE
800 173 964 232 Ranurs,
1059 173 1127 224 3⁴3

46 281 135 293 *-

46 347 245 414 strudtionem
269 361 302 414 et
325 352 458 416 alterius
481 353 751 434 subrogationem
770 374 829 434 per
848 351 1059 416 adductionis
1073 354 1125 416 vel

45 452 256 530 produttionis
271 457 370 531 viam,
385 455 443 517 sed
466 475 538 519 esse
560 455 743 536 simplicem
767 453 931 518 actionem
951 460 1017 536 qua
1034 457 1126 518 Deus

45 555 224 622 immediate
238 560 399 642 quidquid
416 559 635 626 entitatisest
654 557 685 619 in
705 557 891 620 substantia
907 557 1003 638 panis
1018 567 1126 620 mutat

45 655 69 717 in
92 660 122 722 id
145 662 233 741 quod
257 672 308 725 est
330 662 479 725 entitatis
502 662 534 722 in
558 661 745 723 substantia
765 659 911 741 corporis
934 659 1065 734 Christi,
1080 661 1127 723 ita

44 769 143 825 tamen
160 773 196 826 ut
212 785 330 847 corpus
347 765 469 830 Christi
485 764 681 826 nullomodo
696 772 851 838 mutetur,
860 763 918 826 sed
931 772 1003 826 tota
1019 773 1127 826 muta-

45 862 83 923 tio
107 863 162 928 liat
188 867 221 928 in
249 887 343 948 pane,
370 868 471 948 cujus,
489 866 676 930 substantia
703 867 821 928 transit
847 867 928 928 dum
956 877 1128 931 remanent

44 965 264 1032 dimensiones
307 971 414 1050 Juxta
428 969 513 1032 hanc
529 968 785 1049 expositionem,
797 967 947 1058 Christus
963 966 996 1030 in
1012 988 1128 1031 conse·

45 1069 178 1131 eratione
193 1071 238 1133 nil
255 1071 442 1152 patitur,nil
456 1069 580 1151 recipit,
590 1071 648 1132 sed
662 1069 699 1133 fit
711 1089 857 1150 praesens
873 1068 928 1131 ubi
945 1080 1043 1132 antea
1059 1091 1125 1133 non

44 1179 110 1244 erat,
125 1191 191 1234 non
208 1174 342 1254 quidem
360 1173 515 1249 localiter,
530 1172 589 1234 sed
611 1173 902 1246 sacramentaliter,
917 1191 960 1234 ex
977 1171 1040 1235 hoc
1056 1173 1127 1236 solo

44 1275 130 1348 quod,
140 1275 171 1336 vi
188 1277 420 1350 conversionis,
432 1276 503 1357 jam
520 1276 709 1338 continetur
725 1274 855 1350 realiter
870 1275 932 1337 sub
948 1275 1126 1338 dimensio-

45 1373 127 1437 nibus
139 1380 244 1459 panis,
254 1380 316 1441 sub
327 1380 447 1461 quibus
460 1378 646 1441 substantia
662 1379 757 1458 panis
773 1387 872 1439 antea
887 1377 1126 1456 continebatur.

47 1474 131 1540 Hanc
157 1482 403 1562 expositionem
431 1491 468 1543 ut
497 1479 752 1562 probabiliorem
780 1479 1022 1555 existimamus,
1049 1480 1128 1562 quia

45 1579 231 1644 conformior
245 1604 317 1645 esse
332 1584 463 1647 videtur
477 1584 604 1645 notioni
617 1603 637 1644 a
655 1573 845 1644 Tridentino
860 1573 1012 1663 traditae3
1031 1583 1127 1646 multi

44 1681 166 1758 quidem
196 1685 392 1770 difficultate
420 1685 519 1767 hujus
548 1694 730 1766 conceptus
760 1685 975 1762 deterrentur,
1005 1687 1062 1748 sed
1094 1687 1127 1748 in

45 1787 121 1846 omni
136 1789 348 1869 expositione
365 1789 558 1870 mysterium
572 1784 703 1851 retineri
715 1788 832 1866 debet;
851 1809 911 1851 nec
924 1790 1127 1870 impossibile

45 1885 161 1952 videtur
176 1893 284 1973 utqui
301 1903 351 1955 est
366 1890 482 1956 auctor
497 1891 599 1954 totius
616 1891 710 1967 entis
726 1890 832 1971 possit
848 1900 976 1953 mutare
997 1891 1029 1953 in
1051 1893 1128 1954 sub-

44 1994 186 2056 stantiam
201 1997 347 2076 corporis
359 1995 480 2060 Christi
494 1994 654 2076 quidquid
672 1994 821 2057 entitatis
833 2003 884 2057 est
896 1995 929 2056 in
942 1994 1127 2058 substantia

44 2093 133 2165 panis.
284 2074 288 2082 ¹

77 2198 125 2270 41.¹
170 2209 204 2288 3⁰
229 2198 308 2262 Post
334 2203 615 2263 consecrationem
643 2210 816 2263 remanent
840 2201 954 2280 species
973 2201 1074 2281 punit
1099 2213 1131 2266 et

43 2295 109 2372 nini,
124 2319 166 2362 sc.
183 2303 364 2381 quantitas,
380 2302 493 2384 ligura,
508 2303 607 2378 color,
624 2323 722 2385 sapor
742 2312 812 2378 etc,
829 2313 865 2365 ut
885 2303 1034 2367 declarat
1054 2303 1085 2366 T
1082 2305 1127 2367 ri·

42 2397 121 2476 dent,
136 2414 170 2466 et
186 2414 351 2469 testantur
366 2423 482 2470 sensus
498 2407 601 2470 nostri
615 2428 622 2485 ;
646 2408 788 2489 quaestio
809 2416 920 2469 autem
943 2416 993 2491 est
1016 2419 1131 2470 utrum

43 2500 215 2590 illaespecies
224 2509 365 2572 habeant
374 2509 558 2591 objrliivam
572 2511 761 2586 realitatenr,
773 2521 832 2572 aut
843 2511 911 2572 sint
922 2531 1018 2574 merce
1031 2523 1127 2593 appa·
1149 2573 1151 2607 3

43 2609 145 2671 renu'oe.
191 2610 271 2673 Tria
285 2622 364 2675 sunt
378 2613 440 2675 hac
456 2615 499 2676 de
515 2635 548 2676 re
564 2624 755 2696 systemata.

69 2709 111 2776 (A)
135 2709 224 2780 Juxta
253 2711 437 2771 Cartesrirnos
460 2725 489 2772 et
512 2715 671 2785 atonristas,
696 2715 810 2786 species
835 2715 1036 2774 eucharisticae
1060 2728 1130 2775 sunt

42 2807 117 2852 nrerae
128 2799 318 2869 apparentiae,
334 2817 386 2857 seu
401 2795 599 2873 phaehomena
612 2819 679 2872 quae
697 2803 780 2860 Deus
799 2803 937 2874 producit
949 2803 979 2859 in
993 2804 1130 2862 sensibus

42 2883 144 2952 nostris,
160 2885 201 2941 ita
213 2895 245 2942 ut
258 2885 313 2957 ipsi
328 2887 436 2946 eodem
449 2889 541 2946 modo
554 2888 719 2946 afficiantur
730 2907 766 2946 ac
779 2889 803 2946 si
816 2889 916 2948 adhuc
929 2890 1065 2948 existeret
1079 2907 1129 2962 pa-

43 2966 78 3022 nis
88 2979 116 3026 et
127 2971 185 3028 vini
200 2971 365 3030 substantia
376 2995 383 3044 ;
402 2975 447 3031 vel
461 2993 528 3046 quse
542 2975 679 3047 producit
690 2975 719 3030 in
730 2973 904 3046 corporibus
914 2975 1129 3034 circumstanti-

42 3049 87 3110 bus
96 3059 221 3128 agendo,
238 3057 278 3116 ita
292 3070 323 3117 ut
336 3060 476 3130 extensio,
494 3061 622 3132 pondus,
638 3061 728 3126 color,
741 3079 829 3131 sapor
841 3071 870 3118 et
883 3060 940 3118 alia
953 3061 1126 3132 habeantur,

42 3155 95 3206 uuae
114 3161 129 3199 a
148 3162 225 3216 pane
244 3157 273 3204 et
293 3147 361 3204 vino
381 3147 507 3218 produci
526 3147 631 3204 solent.
672 3147 761 3204 Ratio
780 3157 824 3204 est
843 3147 921 3218 quia,
939 3149 1021 3218 juxta
1041 3148 1129 3219 ipsos,

42 3229 127 3285 omnia
139 3232 306 3290 accidentia
316 3227 389 3288 nihil
399 3233 480 3291 aliud
491 3243 559 3290 sunt
570 3231 626 3289 nisi
637 3233 873 3291 modificationes
884 3233 1064 3303 substantiae,
1077 3251 1129 3291 seu

43 3310 92 3380 ipsa
104 3313 268 3375 substantia
286 3319 466 3390 modificata,
483 3320 673 3392 proindeque
692 3339 753 3378 non
772 3332 906 3392 possunt,
921 3322 1010 3379 etiam
1024 3322 1130 3380 virtute

42 3399 159 3472 divinam
171 3405 337 3464 substantia
350 3407 487 3479 separari,
500 3408 553 3465 sed
563 3413 746 3466 evanescunt
759 3408 857 3465 statim
871 3426 907 3465 ac
920 3408 983 3480 ipsa
996 3407 1130 3464 substan-

42 3485 72 3542 tia
83 3509 142 3549 esse
154 3492 263 3550 desinit
272 3496 288 3551 ¹.
559 3515 562 3522 ¹

68 3575 209 3638 Recentes
230 3579 375 3646 alamritce·
391 3599 478 3639 suurn
501 3593 630 3653 systema
650 3582 692 3638 sic
713 3582 885 3642 declarant:
909 3581 1023 3640 remota
1045 3581 1130 3651 panis

41 3660 196 3736 substantii,
210 3667 254 3723 vis
265 3667 430 3738 resistendi,
442 3685 509 3740 quae
524 3668 592 3740 pani
607 3667 708 3734 inerat,
724 3668 825 3726 divina
838 3669 944 3725 virtute
957 3678 1089 3752 servatur
1101 3668 1130 3725 in

42 3743 95 3807 loco
106 3753 154 3810 ubi
167 3765 230 3812 erat
244 3755 338 3826 panis,
347 3754 422 3811 intra
435 3755 557 3813 eosdem
572 3753 688 3824 limites,
700 3756 807 3813 eodem
822 3755 914 3812 modo
927 3765 1017 3826 atque
1026 3753 1131 3812 ordine

41 3849 92 3893 sese
108 3857 257 3910 exercens,
272 3857 334 3912 quo
352 3858 370 3897 a
389 3841 474 3912 panis
493 3841 601 3899 atomis
621 3843 819 3900 exercebatur.
859 3843 903 3898 Ex
922 3841 980 3899 hoc
999 3842 1132 3913 sequitur

41 3936 143 3986 manere
161 3928 377 3996 extensionem,
390 3929 524 4000 figuram,
534 3929 752 3993 cohaesionem,
767 3939 926 4000 ceteraque
943 3929 1111 3987 accidentia
1124 3951 1130 3996 ;

69 4101 212 4173 'systema
235 4107 396 4170 huiusmodi
417 4109 577 4177 expositum
597 4108 686 4165 habes
709 4109 784 4176 apud
806 4109 837 4162 Ρ.
857 4068 1033 4172 Emmanuel
1049 4109 1128 4160 Μαι·

36 4203 110 4256 gnon,
131 4193 315 4262 Philosophia
334 4210 422 4264 sacra,
447 4205 466 4250 t.
491 4195 513 4260 l,
536 4213 560 4248 c.
582 4209 635 4259 22;
660 4194 767 4261 Gerdr'l,
789 4195 983 4250 institutiones
1006 4194 1127 4262 Logicae,

41 4274 227 4351 Metaphysicae
239 4291 305 4346 ete-3
324 4283 480 4356 Simonnet,
494 4283 530 4338 de
544 4283 667 4338 Euchar.
