2794 4662
419 219 474 270 DE
495 219 724 270 MATRIMON
733 219 781 270 10.
1081 213 1148 264 653

38 399 218 482 loq'ue'ndo
234 402 277 465 de
293 402 374 483 lege,
391 406 456 483 qua
473 402 680 468 Theodosius
703 401 915 484 prohibuerat
937 395 1149 460 matrimonia

37 503 240 582 Judaeorum
256 521 332 566 cum
350 503 557 580 Christianis
573 506 618 568 ait
638 530 644 568 :
669 511 684 538 “
697 504 782 566 Haec
800 503 865 578 lex,
881 510 999 582 utpote
1021 519 1041 561 a
1064 497 1149 566 laico

38 608 356 688 principe'condita,
368 607 492 670 nullam
506 608 628 674 habere
639 610 713 671 'vim'
726 609 757 670 in
777 604 996 669 matrimoniis
1008 600 1148 674 debet’'·;

35 710 123 771 ite'm
149 710 304 776 Urbanus
320 709 418 778 ¹VIII
429 729 467 771 ac
484 707 570 770 Pius
594 704 701 770 Villa
719 705 929 767 declartrunt
946 703 1053 784 legem
1070 703 1147 765 civi-

38 811 119 887 lem,
138 812 555 882 irritantem'matrimonia
578 811 648 872 sine
671 825 833 872 consensu
858 817 1032 889 parentum
1058 807 1148 882 inita,

37 916 71 976 in
92 915 171 978 soro
187 917 400 988 conscientia:
417 917 484 978 vim
502 934 568 976 non
585 913 714 976 habere.
797 929 798 932 ’

37 1019 91 1098 (b)
121 1019 333 1081 Arctiorr'tate
359 1018 434 1080 RR.
463 1017 659 1098 Pontr'ficurrr
675 1039 688 1088 ,·
726 1015 866 1077 sufficiat
897 1013 997 1076 verba
1029 1012 1147 1076 referre

37 1121 102 1183 Pii
129 1119 228 1184 Vl2:
262 1121 425 1202 “Dogma
448 1130 498 1182 est
523 1119 598 1183 fidei
623 1128 660 1182 ut
684 1119 932 1182 matrimonium
957 1119 1045 1198 quod
1070 1127 1148 1180 ante

36 1227 228 1288 adventum
247 1225 369 1290 Christi
387 1224 467 1287 nihil
486 1223 572 1286 aliud
591 1233 662 1284 erat
679 1223 740 1283 nisi
759 1221 994 1284 indissolubilis
1010 1221 1145 1302 quidam

37 1327 246 1403 contradus
264 1328 354 1404 illud,
371 1339 446 1411 post
463 1327 585 1392 Christi
609 1327 799 1400 adventum,
815 1326 955 1387 evaserit
979 1343 1080 1386 unum
1105 1345 1146 1386 ex

37 1442 175 1514 septem
206 1432 287 1512 legis
316 1431 528 1511 Evangelicae
552 1429 819 1492 sacramentis...
866 1428 956 1490 Hinc
981 1426 1017 1490 fit
1042 1437 1079 1489 ut
1103 1429 1144 1488 ad

36 1537 145 1598 solam
165 1535 350 1610 Ecclesiam,
366 1536 417 1598 cui
442 1544 513 1598 tota
536 1533 578 1594 de
602 1532 817 1607 sacramentis
841 1542 891 1593 est
914 1551 992 1594 cura
1015 1551 1145 1593 concre-

40 1642 123 1714 dita,
139 1639 194 1719 jus
211 1659 310 1708 omne
327 1659 365 1700 ac
387 1636 724 1720 potestas'pertineat
746 1655 840 1696 suam
858 1634 1056 1714 adsignandi
1082 1633 1145 1695 sor·

39 1763 132 1804 marn
149 1741 225 1804 huic
239 1740 421 1807 contraitui
435 1743 476 1804 ad
492 1739 719 1802 sublimiorem
734 1738 930 1800 sacramenti
948 1739 1143 1818 dignitatem

37 1843 170 1918 evetto,
188 1865 225 1906 ac
243 1845 383 1926 proinde
400 1842 441 1905 de
459 1841 746 1904 matrimoniorum
766 1840 937 1902 validitate
953 1851 1010 1902 aut
1031 1841 1144 1902 invali-

37 1948 149 2010 ditate
182 1948 382 2020 sententiam
414 1944 532 2008 serre”.
564 1943 694 2006 ibidem
727 1942 800 2004 illos
830 1941 982 2014 confutat
1010 1944 1064 2022 qui
1097 1941 1144 2003 di-

38 2061 121 2112 cunt
143 2069 310 2134 canonem
330 2049 563 2112 Tridentinum
588 2045 702 2126 (supra
718 2065 747 2108 n.
766 2045 821 2126 33)
845 2066 910 2107 non
935 2046 1044 2118 dicere
1066 2048 1146 2108 solos

35 2151 172 2233 judices
203 2152 454 2224 ecclesiasticos,
482 2159 539 2212 aut
570 2164 677 2211 onmes
703 2168 820 2210 causas
852 2149 1112 2211 matrimoniales
1138 2175 1144 2213 :

37 2255 184 2318 “Verba
201 2254 449 2328 enimcanonis
474 2254 519 2314 ita
543 2251 709 2332 generalia
731 2261 816 2326 sunt,
832 2271 948 2314 omnes
972 2262 1007 2314 ut
1031 2273 1145 2316 causas

38 2357 331 2439 comprehendant
346 2368 379 2420 et
396 2353 679 2438 complementum
711 2355 845 2436 spiritus
869 2375 946 2417 vero
969 2357 1037 2418 sive
1061 2360 1145 2420 ratio

39 2461 125 2542 legis
143 2460 229 2524 adeo
252 2460 319 2524 late
342 2468 444 2543 patet,
460 2468 497 2523 ut
521 2459 648 2521 nullum
666 2458 857 2542 exceptioni
874 2468 931 2521 aut
955 2459 1143 2523 limitationi

39 2566 152 2628 locum
171 2565 335 2646 relinquat
345 2566 367 2627 ’'.
561 2629 579 2647 ,Ι

41 2671 89 2750 (c)
118 2669 193 2730 Rat.
219 2668 307 2730 theol.
355 2666 605 2730 Matrimonium
630 2665 729 2740 enim,
746 2673 783 2728 ut
808 2662 894 2730 redte
918 2666 964 2728 ait
980 2666 1065 2728 Pius
1091 2667 1144 2741 Vl,

39 2770 57 2832 l.
72 2773 139 2845 cit,
153 2791 218 2832 non
233 2783 283 2840 est
296 2766 486 2840 contratlus
501 2789 588 2831 mere
602 2769 706 2830 civilis
720 2778 777 2839 aut
791 2770 959 2844 naturalis,
970 2771 1027 2832 sed
1043 2791 1143 2836 unum

40 2893 84 2935 ex
111 2883 241 2954 septem
266 2873 506 2948 sacramentis;
534 2871 625 2952 atqui
651 2871 722 2933 sola
739 2871 898 2946 Ecclesia,
914 2873 945 2934 vi
969 2873 1144 2953 potestatis

41 2976 106 3057 ipsi
125 2976 284 3038 divinitus
301 2975 508 3048 concreditae,
525 2973 567 3036 de
584 2973 799 3036 sacramentis
823 2974 912 3054 leges
937 2974 1019 3038 serre
1035 2976 1123 3039 valet
1138 2999 1144 3051 ;

39 3100 132 3161 ergo
167 3079 196 3140 N
200 3099 237 3140 ec
250 3080 380 3141 dicatur
391 3079 422 3140 iu
435 3076 649 3139 societatibus
663 3077 839 3153 hodiernis,
850 3098 924 3158 quae
936 3090 1014 3143 sunt
1026 3081 1143 3144 mixtae

40 3183 222 3264 religionis,
246 3191 447 3262 potestatem
471 3178 601 3244 civilem
630 3180 721 3260 leges
744 3182 887 3247 condere
913 3181 1035 3245 debere
1058 3183 1144 3247 circa

32 3287 150 3366 'ipsam
163 3287 343 3348 'essentiam
361 3283 571 3358 matrimonii,
585 3293 621 3348 ut
633 3283 680 3346 sic
694 3300 753 3364 pro
766 3285 920 3350 omnibus
933 3285 1059 3349 civibus
1073 3288 1142 3350 uni-

41 3388 194 3450 formitas
218 3398 372 3450 servetur.
429 3388 527 3462 Nam,
551 3389 592 3450 ad
618 3388 704 3450 hanc
727 3388 988 3468 uniformitatem
1013 3411 1142 3454 servan·

41 3493 132 3566 dam,
149 3489 270 3552 sufficit
287 3499 323 3552 ut
341 3489 457 3554 Status
473 3491 667 3554 conditiones
682 3501 712 3553 et
726 3492 854 3571 effertus
871 3492 990 3568 civiles,
1006 3513 1049 3555 ex
1066 3513 1142 3555 con·

42 3592 151 3658 tradtu
177 3594 412 3657 matrimoniali
437 3596 590 3671 orientes
607 3595 814 3672 determinet,
832 3616 893 3658 nec
917 3596 1091 3676 requiritur
1107 3609 1143 3660 ut

43 3699 153 3779 ipsum
168 3697 413 3762 matrimoniale
424 3699 591 3762 vinculum
604 3701 754 3780 attingat.
806 3701 877 3762 Imo
891 3702 961 3782 ipsa
975 3702 1142 3764 conscien-

43 3805 99 3864 tiae
114 3801 247 3864 libertas
260 3802 416 3884 postulat,
430 3813 466 3866 ut
484 3804 516 3864 in
530 3804 743 3866 societatibus
759 3804 873 3866 mixtis
887 3805 977 3866 nulla
990 3804 1045 3866 lex
1060 3804 1142 3868 fera-

44 3914 96 3966 tur
112 3906 155 3967 de
172 3905 244 3987 ipso
262 3906 394 3968 vinculo
412 3906 647 3971 matrimoniali
667 3929 674 3968 :
701 3927 803 3986 quum
821 3908 909 3969 enim
934 3927 1000 3969 non
1025 3909 1141 3971 eadem
1223 3923 1225 3928 ’

44 4010 110 4071 sint
127 4009 188 4072 hac
204 4012 246 4072 de
263 4030 296 4072 re
312 4009 476 4074 variarum
494 4010 713 4092 spiritualium
731 4009 927 4074 societatum
947 4020 1081 4088 statuta,
1098 4033 1141 4076 ex

82 4250 88 4281 ¹
106 4245 169 4299 tiu.
186 4259 218 4311 27
230 4246 289 4314 jun.
311 4245 374 4315 1805
390 4245 426 4299 ad
443 4247 648 4313 Napoleonem.

79 4329 184 4385 ²Brev.
200 4331 236 4386 ad
254 4332 346 4406 Episc.
362 4333 551 4386 Motulensem
564 4331 600 4406 ·¹,⁶
612 4333 688 4404 Sept,
706 4332 780 4399 1788.
