2770 4646
51 165 121 216 DE
133 167 306 220 NATURA
322 170 373 218 ET
386 169 644 220 Extsrssnrin
659 170 1061 222 sncnnMEN'rontJM.
1093 173 1155 224 155

166 397 252 474 Art.
281 395 334 475 ΙΙ.
363 399 425 476 De
453 421 793 480 sacramentorum
822 403 1044 482 existentia.

107 567 264 651 Exposita
281 573 416 636 notione
432 585 465 636 et
481 577 711 638 convenientia
728 587 1020 646 sacramentorum,
1030 577 1098 658 jam
1113 579 1155 640 ad

56 691 168 733 eorum
192 675 407 738 existentiam
431 679 587 740 accedere
607 678 690 742 licet.
738 679 897 741 Dicemus
925 693 956 741 1⁰
979 681 1021 742 dc
1041 680 1156 744 Sacra·

56 776 174 837 mentis
194 787 269 840 orata
293 776 484 854 Christum
509 793 544 842 20
564 782 606 843 de
631 782 855 845 Sacramentis
878 781 919 844 ab
939 783 1007 863 ipso
1030 781 1157 847 Christo

57 879 222 943 institutis.

389 989 406 1077 ς
425 995 449 1056 Ι.
467 993 579 1056 Auru
596 993 796 1060 Cnursrun
811 1008 831 1060 1.

361 1131 389 1188 1.
415 1132 457 1188 ln
483 1137 586 1190 statu
610 1133 853 1191 innocentiae.

96 1263 132 1303 10·
168 1251 378 1311 Communiter
391 1254 501 1312 docent
515 1254 655 1325 theologi,
672 1265 775 1313 contra
795 1274 914 1328 paucos,
932 1257 1047 1316 nullutn
1067 1259 1155 1317 fuisse

56 1350 272 1398 sacramentum
295 1341 325 1396 in
348 1351 424 1400 statu
444 1341 631 1400 innocentiae.
672 1345 712 1413 (a)
733 1343 892 1414 imprimis,
912 1355 975 1402 tum
995 1346 1154 1419 Scriptura,

56 1433 121 1480 turn
129 1425 262 1484 Traditio
275 1427 331 1485 haic
345 1428 383 1486 de
397 1447 428 1486 re
441 1446 558 1501 prorsus
568 1429 655 1487 silent
663 1449 670 1500 ;
690 1448 745 1488 nec
755 1430 814 1487 dici
825 1440 924 1503 potest
934 1433 1155 1492 matrimonium

57 1509 132 1568 inter
143 1513 293 1570 Adamum
307 1525 336 1572 et
351 1515 444 1572 Evam
462 1515 550 1572 fuisse
568 1527 785 1574 sacramentum
807 1518 924 1589 proprie
942 1518 1077 1590 dictum;
1096 1537 1156 1576 ma-

57 1593 225 1654 trimonium
246 1599 326 1656 enim
346 1599 384 1656 ad
403 1599 579 1657 sacramenti
598 1599 774 1671 dignitatem
794 1600 941 1658 elevatum
958 1619 1019 1659 non
1033 1603 1087 1660 luit
1100 1603 1155 1660 nisi

57 1697 111 1751 per
133 1683 304 1752 Christum;
334 1697 423 1745 antea
447 1696 508 1744 erat
533 1687 724 1744 solummodo
755 1687 925 1745 contractus
949 1688 1103 1760 religiosus
1128 1699 1157 1748 et

58 1767 172 1839 signum
193 1772 233 1830 rei
254 1789 352 1843 sacrae,
371 1791 421 1831 seu
445 1772 609 1845 “quaedam
630 1772 847 1829 Incarnationis
866 1771 956 1831 Verbi
979 1773 1035 1832 Dei
1054 1775 1157 1832 adum-

58 1853 152 1914 bratio
162 1857 178 1882 '’
187 1867 205 1928 ¹,
222 1877 284 1917 non
297 1869 397 1918 autern
411 1861 528 1932 signum
542 1860 707 1917 sanctitatis
721 1860 940 1932 productivum.

94 1945 133 2014 (b)
147 1945 283 2019 Insuper,
297 1947 326 2004 in
340 1957 417 2005 statu
431 1949 618 2017 innocentiae,
635 1948 727 2005 honio
746 1947 877 2019 perfecta
892 1947 1069 2006 rectitudine
1083 1949 1157 2006 irue-

59 2029 151 2103 batur,
167 2052 224 2092 nec
238 2053 274 2092 ex
287 2035 375 2093 rebus
389 2035 579 2094 sensibilibus
592 2035 766 2093 sanctificari
786 2034 957 2106 indigebat;
976 2035 1096 2093 aliunde
1110 2036 1157 2094 ille

58 2131 149 2177 status
161 2122 335 2180 brevissimo
348 2135 482 2195 tempore
494 2123 619 2194 duravit,
630 2133 659 2180 et
670 2123 821 2180 instituere
831 2133 1014 2180 sacramenta
1025 2135 1085 2180 tarn
1098 2123 1158 2180 cito

57 2205 206 2266 abolenda
219 2210 402 2267 conveniens
416 2227 476 2267 non
490 2219 559 2266 erat.

336 2348 385 2404 11.
411 2347 454 2402 ln
478 2350 582 2404 statu
606 2343 702 2414 legis
726 2349 889 2402 naturae.

95 2487 132 2525 rr.
165 2469 265 2528 Status
275 2469 347 2540 legis
359 2477 469 2525 naturae
483 2467 531 2525 ille
543 2477 588 2525 est
600 2466 651 2539 qui
665 2483 682 2522 a
695 2466 779 2538 lapsu
788 2465 895 2523 Adami
908 2467 1050 2538 usquead
1061 2467 1157 2540 legem

58 2555 207 2628 scriptam,
229 2573 281 2628 per
303 2555 428 2627 Moysen
450 2555 551 2612 datam
572 2553 689 2622 effluxit,
712 2563 741 2610 et
763 2569 816 2624 pro
836 2553 984 2611 Gentibus
1005 2555 1157 2626 usquead

59 2643 130 2713 legis
146 2643 326 2714 evangelicae
345 2642 614 2715 promulgationem
634 2639 838 2712 perduravit³3
857 2641 907 2712 qui
927 2650 1019 2698 status
1038 2653 1159 2700 vocatur

59 2729 127 2802 legis
145 2737 271 2797 natura,
291 2749 350 2788 non
369 2730 439 2801 quia
457 2729 554 2800 legem
573 2727 826 2799 supernaturalem
847 2725 1031 2796 excludebat,
1054 2729 1106 2786 sed
1126 2741 1158 2788 ut
1237 2761 1239 2766 ·

59 2817 258 2888 distinguatur
269 2835 287 2874 a
299 2827 375 2874 statu
389 2815 458 2886 legis
470 2814 587 2886 scriptae.
629 2813 672 2870 Ut
685 2822 764 2870 certa
777 2811 814 2868 ab
828 2812 946 2869 incertis
960 2829 1157 2882 secernamus,

59 2903 112 2960 tria
125 2904 330 2976 inquiremus:
350 2913 447 2960 utrum
468 2901 497 2958 in
517 2900 575 2958 hoc
594 2909 672 2956 statu
690 2898 832 2956 exstiterit
845 2897 1009 2956 remedium
1023 2917 1077 2971 pro
1091 2919 1157 2972 pec-

59 2987 124 3049 ca'to
144 2991 298 3062 originati;
317 3001 414 3048 utrum
434 2989 492 3046 tale
510 2988 676 3046 remedium
696 2998 913 3044 sacramentum
933 2987 1019 3044 inerit
1030 3008 1037 3058 3
1059 2999 1157 3045 utrum

57 3079 114 3136 alia
126 3077 291 3136 exstiterint
304 3086 496 3150 sacramenta.

94 3211 132 3250 12
174 3191 223 3264 (A)
239 3192 356 3250 Certum
375 3198 417 3248 est
424 3190 519 3263 juisse
537 3189 655 3260 aliquod
671 3187 825 3244 rerrredium
840 3195 895 3258 pro
909 3186 1045 3258 parvulis
1060 3194 1157 3242 contro

56 3287 199 3352 peccatum
212 3279 362 3350 originale.
404 3277 547 3336 Probatur
560 3296 566 3332 :

60 3372 97 3437 (a)
111 3366 296 3425 Auctaritote
310 3366 429 3422 Patrum
449 3382 484 3421 ac
501 3365 528 3420 T
531 3364 735 3435 heologorurn,
752 3363 802 3434 qui
821 3361 999 3419 unanimiter
1017 3361 1089 3418 illud
1107 3361 1158 3419 do·
1241 3404 1247 3414 .

60 3467 135 3526 cent,
152 3455 193 3511 ita
206 3465 238 3510 ut
251 3453 315 3512 sine
328 3451 493 3511 temeritate
507 3451 606 3523 negari
627 3467 687 3507 non
708 3449 819 3521 possit;
838 3449 877 3506 ait
891 3447 1039 3520 siquidem
1054 3445 1082 3503 S.
1097 3449 1158 3504 Au-

93 3676 101 3700 ¹
115 3672 147 3727 S.
166 3671 194 3723 Τ
191 3669 297 3724 homas.
309 3683 326 3740 3
339 3687 365 3740 p.
381 3685 408 3738 q.
421 3670 464 3741 61,
478 3685 503 3722 a.
520 3683 577 3736 2·3;
595 3669 711 3732 Suarea,
724 3665 795 3733 disp.
813 3663 910 3724 ΙΙΙ-νς
930 3662 1069 3714 Salmant.
1085 3661 1156 3730 disp.

61 3758 115 3824 lll,
132 3756 200 3808 dub.
218 3769 272 3822 1·4;
285 3754 408 3822 Drom'n,
421 3772 449 3824 q.
467 3757 508 3820 11;
530 3755 666 3818 lir'llaart,
682 3753 749 3806 diss.
769 3752 806 3820 ll,
823 3767 848 3803 a.
867 3763 922 3815 1·3;
934 3748 1159 3818 deAugustim'q

60 3845 96 3900 th.
114 3859 157 3912 1·4
166 3861 174 3912 ;
191 3843 287 3909 Pescla,
301 3860 328 3896 n.
345 3857 378 3912 37
392 3859 432 3913 sq.

93 3932 103 3964 ³
115 3931 171 3984 Leo
182 3931 215 3984 X
215 3930 268 3983 ΙΙΙ
276 3930 303 3982 in
315 3931 430 3998 Encycl.
446 3930 602 3992 Arcanum,
622 3943 652 3981 io
667 3927 747 3980 Febr.
769 3923 842 3979 1880.

93 4017 171 4073 ³Lex
184 4017 261 4071 enim
274 4016 399 4070 mosaica
412 4017 487 4070 solos
496 4017 611 4085 Judaeos
622 4015 735 4083 ligabat,
745 4023 773 4065 ut
785 4008 982 4064 animadvertit
993 4010 1023 4062 S.
1040 4007 1161 4062 Thomas

60 4104 96 4172 (r.
117 4124 141 4159 2.
164 4122 190 4174 q.
210 4105 255 4171 98,
276 4120 302 4156 a.
322 4102 370 4172 5):
390 4101 562 4172 “Quantum
579 4101 616 4155 ad
636 4101 682 4154 illa
701 4115 764 4169 quae
783 4097 827 4152 lex
845 4107 924 4150 vetus
943 4095 1161 4165 superaddebat,

61 4215 113 4250 non
127 4197 298 4252 tenebantur
309 4192 395 4264 aliqui
408 4191 445 4246 ad
458 4188 666 4247 observantiam
681 4185 781 4242 veteris
795 4186 874 4254 legis,
887 4184 939 4239 nisi
951 4184 1026 4239 solus
1040 4183 1160 4252 populus

32 4320 35 4332 ι
61 4283 253 4354 Judaeorum”.
829 4289 844 4304 ··
