2776 4644
263 145 307 194 50
726 142 864 193 CAPUT
883 143 908 190 1.

298 339 348 405 51.
395 324 565 386 Probatur
578 321 638 401 (A)
652 322 768 403 Scn‘pt.
815 323 866 403 (a)
881 322 988 402 Juxta
1005 321 1037 385 S.
1053 320 1202 392 Paulum,
1214 319 1355 380 homines

256 447 315 508 per
329 437 504 507 peccatum
522 434 600 487 sunt
615 425 716 486 veluti
739 424 1036 506 supernaturaliter
1060 424 1205 494 mortui;
1227 427 1243 454 ‘⁴
1255 422 1354 484 Unius

255 527 379 592 delicto
395 528 490 591 multi
508 527 631 588 inormi
644 538 721 588 sunt
732 528 771 568 ”¹
789 552 796 604 ;
818 531 835 558 “
846 527 932 590 Cum
948 546 1094 588 essemus
1111 526 1236 587 mortui
1248 545 1354 606 pecca-

256 635 306 706 tis,
317 631 561 695 convivificavit
578 651 639 691 nos
651 632 691 672 ”²
705 652 712 704 ;
728 631 899 694 autetiam
913 630 1130 710 spiritualiter
1145 629 1218 690 cceci
1228 653 1240 692 .·
1254 635 1269 660 ‘⁴
1280 629 1353 688 Era-

257 736 297 797 tis
313 735 402 798 enim
419 734 602 815 aliquando
618 733 758 808 tenebroe,
774 754 863 796 nunc
883 743 995 796 autem
1013 732 1073 794 lux
1091 735 1124 794 in
1143 732 1288 796 Domino
1299 731 1351 800 ”32

255 857 353 918 porro
368 838 426 917 qui
442 846 493 899 est
509 835 611 898 veluti
629 844 787 908 mortuus
805 845 862 897 aut
884 835 986 897 etiam
1003 855 1111 898 caecus
1128 835 1161 897 in
1179 835 1291 896 ordine
1304 853 1351 892 su-

254 939 467 1022 pernaturali,
483 948 573 1001 certe
594 958 658 1000 non
683 949 794 1020 potest
815 938 940 1019 aliquid
963 939 1071 1002 iacere
1087 939 1130 1000 ad
1148 940 1252 1001 vitam
1267 938 1349 1018 spiri-

254 1043 379 1104 tualem
402 1043 444 1104 de
466 1061 552 1104 novo
572 1042 824 1122 assequendam,
840 1042 901 1102 nisi
919 1042 1008 1121 prius
1024 1063 1043 1102 a
1059 1041 1167 1121 gratia
1189 1041 1349 1102 excitetur.

254 1146 337 1207 sicut
359 1145 545 1208 membrum
568 1144 714 1225 corporis
737 1143 973 1206 mortificatum
995 1144 1062 1206 noir
1084 1153 1197 1224 potest
1215 1144 1347 1224 seipsum

254 1271 395 1325 movere,
412 1251 474 1312 nisi
491 1250 534 1312 ab
550 1258 670 1331 agente
686 1251 843 1312 exteriori
860 1249 949 1330 prius
966 1259 1150 1311 moveatur.

296 1354 347 1435 (b)
365 1355 506 1435 Insuper
522 1353 693 1434 Scriptura
708 1353 826 1415 diserte
840 1351 986 1434 affirmat
1000 1371 1117 1414 omnes
1137 1349 1284 1414 actiones
1298 1371 1347 1411 no·

253 1468 338 1520 stras
361 1457 638 1538 supernaturales
661 1477 736 1537 quae
760 1455 802 1517 ad
827 1463 892 1516 tres
915 1464 1122 1526 revocantur,
1145 1453 1346 1535 cogitationis.

252 1559 428 1631 volitiones,
452 1569 485 1620 et
512 1559 721 1620 arccutibnem
744 1557 946 1630 earumdem,
964 1555 1038 1618 Deo
1060 1576 1134 1618 esse
1159 1557 1345 1618 tribuendas.

252 1682 291 1723 ac
307 1660 447 1740 proinde
469 1660 532 1721 sub
555 1659 684 1722 influxu
709 1660 824 1742 gratiae
848 1658 996 1721 elicitas:
1023 1660 1130 1722 “Non
1148 1662 1239 1741 quod
1256 1660 1345 1720 simus

251 1761 453 1825 sufficientes
468 1764 608 1842 cogitare
620 1762 745 1843 aliquid
758 1784 778 1824 a
791 1762 895 1835 nobis,
907 1763 1001 1842 quasi
1018 1783 1062 1823 ex
1079 1762 1187 1837 nobis,
1199 1764 1256 1824 sed
1269 1759 1344 1823 suffi-
1381 1755 1382 1766 ’

253 1866 376 1927 cientia
392 1875 506 1927 nostra
529 1885 572 1926 ex
600 1865 672 1927 Deo
695 1873 745 1926 est
756 1865 819 1941 ”⁴3
840 1869 856 1896 “
871 1865 964 1926 Deus
987 1874 1038 1927 est
1061 1865 1118 1945 qui
1144 1875 1298 1946 operatur
1318 1864 1342 1923 in

251 1968 346 2030 vobis
363 1977 396 2030 et
412 1967 491 2030 velle
506 1977 540 2030 et
548 1967 727 2048 perficere'‘
738 1977 758 2028 5.
806 1967 925 2068 Neque
949 1987 1126 2048 possumus
1150 1988 1271 2030 nomen
1290 1965 1343 2027 Dei

251 2071 405 2133 invocare
431 2071 558 2151 absque
584 2071 713 2151 gratia:
739 2069 878 2131 “Nemo
902 2079 1012 2150 potest
1036 2068 1166 2132 dicere:
1192 2070 1343 2132 Dominus

249 2174 356 2254 Jesus,
387 2173 449 2234 nisi
481 2174 512 2234 in
547 2173 671 2254 Spiritu
704 2169 830 2236 Sancto
843 2171 890 2233 ''⁶.
942 2171 994 2234 De
1026 2173 1096 2252 ipsa
1128 2174 1278 2234 oratione
1305 2172 1342 2231 ait

251 2276 284 2341 S.
299 2277 464 2339 Paulus7:
486 2281 501 2308 “
516 2276 676 2340 Similiter
691 2285 803 2338 autem
820 2284 853 2336 et
870 2275 1014 2356 Spiritus
1030 2275 1168 2355 adjuvat
1186 2275 1342 2337 infirmita-

251 2389 318 2440 tem
336 2388 484 2441 nostram
500 2397 506 2454 ;
531 2398 607 2438 nam
624 2379 707 2457 quid
717 2399 853 2453 oremus,
864 2378 949 2440 sicut
959 2389 1088 2459 oportet,
1100 2381 1280 2454 nescimus;
1294 2379 1340 2438 sed
1380 2363 1381 2422 i

250 2481 321 2560 ipse
339 2480 482 2561 Spiritus
499 2480 647 2559 postulat
663 2501 723 2561 pro
739 2481 835 2543 nobis
851 2482 1031 2562 gemitibus
1044 2481 1340 2544 inenarrabilibus''.
1380 2465 1381 2540 l

254 2583 318 2643 His
334 2593 367 2644 et
384 2581 547 2643 similibus
564 2583 764 2644 testimoniis
781 2581 867 2644 clare
881 2592 1014 2646 constat
1030 2583 1155 2645 nullam
1169 2605 1243 2646 esse
1254 2582 1339 2646 attio·
1380 2551 1381 2642 i

252 2706 327 2747 nem
345 2685 631 2766 supernaturalem
648 2688 690 2748 ad
707 2707 807 2767 quam
830 2706 896 2748 non
921 2687 1107 2767 requiratur
1123 2689 1230 2766 gratia
1247 2685 1339 2750 aliua·
1380 2713 1381 2722 ¹

249 2790 298 2866 lis,
320 2813 360 2853 eo
384 2792 461 2872 quia
486 2792 629 2872 impares
655 2810 768 2850 sumus
795 2791 837 2852 ad
863 2790 1053 2870 hujusmodi
1077 2789 1190 2853 actum
1216 2791 1338 2871 propriis

249 2894 374 2956 viribus
401 2894 609 2957 eliciendum.
667 2893 966 2956 Animadvertatur
993 2894 1127 2973 insuper
1152 2893 1205 2955 hic
1234 2896 1284 2975 agi
1307 2895 1339 2954 de

248 2997 355 3076 gratia
371 2996 509 3070 internci,
525 3017 600 3077 quae
617 3006 773 3078 operatur
789 2995 821 3056 in
840 2995 935 3056 nobis
952 2994 1044 3066 velle,
1060 3005 1093 3056 et
1109 3015 1211 3074 quam
1229 2995 1337 3076 praebet

249 3099 402 3180 Spiritus
418 3119 478 3160 nos
496 3099 660 3160 movendo
675 3108 710 3160 et
723 3096 873 3176 juvando
889 3097 931 3158 ad
948 3097 1119 3158 orandum.

250 3203 296 3281 (c)
325 3201 410 3264 Item
440 3201 612 3282 Scriptura
638 3211 736 3280 negat
762 3219 821 3260 nos
853 3200 977 3280 aliquid
1006 3219 1104 3279 posse
1131 3200 1202 3261 sine
1230 3201 1337 3282 gratii:

248 3303 338 3383 quod
356 3303 507 3366 Christus
524 3303 666 3365 illustrat
682 3302 841 3382 exemplo
856 3302 1044 3381 palmitum,
1056 3303 1111 3382 qui
1130 3301 1255 3366 fructus
1271 3304 1337 3364 serre

248 3417 427 3486 nequeunt,
441 3406 501 3467 nisi
515 3406 573 3467 viti
586 3407 761 3468 uniantur:
778 3409 793 3434 “
806 3405 900 3468 Sicut
913 3406 1041 3486 palmes
1059 3426 1124 3467 non
1143 3417 1255 3487 potest
1270 3407 1337 3468 serre

248 3506 389 3570 fructum
407 3530 427 3570 a
443 3509 632 3588 semetipsO,
644 3509 706 3569 nisi
724 3508 881 3570 manserit
898 3509 930 3570 in
947 3509 1023 3582 vite,
1034 3509 1080 3570 sic
1092 3529 1152 3571 nec
1165 3531 1224 3571 vos
1242 3511 1298 3572 nisi
1313 3510 1335 3568 in

336 3644 400 3648 -.--
423 3643 439 3648 -
457 3643 484 3647 --
504 3637 906 3648 --u————-—----—.-.-.
927 3644 1062 3650 —..-—-

247 3715 320 3758 statu
339 3705 436 3772 gratiae
456 3713 612 3764 versantur,
631 3713 660 3756 ut
680 3704 764 3770 paulo
782 3703 940 3757 attendenti
960 3705 1077 3774 patebit.
1101 3707 1238 3760 Nonnulli
1257 3717 1335 3759 tamen

246 3789 376 3845 catholici
391 3790 493 3842 docent
508 3789 632 3856 singulos
646 3789 760 3856 quidem
774 3789 854 3844 atius
869 3791 1004 3844 salutares
1019 3791 1076 3844 fieri
1090 3809 1124 3844 ex
1137 3791 1228 3859 gratia
1241 3789 1335 3845 aduri.

246 3878 367 3930 sednon
381 3893 481 3928 omnes
500 3893 534 3930 ex
553 3875 629 3928 nurui
648 3875 738 3942 gratia
753 3880 963 3944 proveniente:
981 3888 1074 3946 potest
1087 3877 1163 3930 enim
1177 3879 1267 3946 gratia
1279 3876 1335 3931 exci-

246 3975 308 4017 tans
323 3962 477 4031 producere
491 3959 586 4014 assum
600 3962 728 4028 liberum,
737 3974 765 4015 et
775 3964 820 4016 hic
832 3961 911 4016 actus
923 3975 1016 4032 potest
1028 3964 1127 4016 iterum
1143 3964 1258 4017 induere
1269 3962 1335 4016 ratio-

245 4069 310 4104 nem
323 4050 422 4118 gratiae
435 4048 584 4103 excitantis
598 4049 691 4117 quoad
706 4063 871 4117 sequentem
886 4049 989 4104 actum.
1016 4053 1071 4104 -lta
1086 4052 1181 4117 Pessi,
1196 4069 1222 4104 n.
1238 4067 1292 4117 ¹09·
1373 4083 1380 4104 i

281 4136 381 4189 1Ιιίηη.
399 4137 433 4201 V,
450 4148 487 4202 15.
502 4166 537 4172 -
549 4137 559 4166 '²
571 4133 676 4202 Eples.
694 4137 730 4215 ll,
748 4149 769 4204 5.
783 4165 818 4172 —
833 4143 843 4173 ³
856 4139 958 4205 Ephes.
972 4139 1005 4202 V,
1018 4139 1042 4190 8.
1058 4169 1090 4175 —
1104 4140 1158 4192 *ΙΙ
1172 4137 1237 4194 Cor.
1254 4137 1331 4202 111‚5.

279 4223 407 4292 sl'lrilip.
425 4223 464 4285 ll,
481 4237 489 4273 ι
496 4237 519 4288 3.
534 4251 567 4259 —-
580 4218 589 4249 ⁶
602 4222 621 4273 I
633 4221 977 4290 Cor.xl1,3.-³lu›m.
996 4223 1134 4292 tt111‚26.
