2794 4662
638 195 694 244 DE
714 197 999 248 MATRtMottto.

377 433 663 513 Tridentini
695 436 909 514 Decreta
937 441 986 515 et
1014 436 1247 518 Canones

408 549 472 630 de
493 557 819 632 sacramento
842 553 1165 634 Matrimonii
1182 569 1209 634 ¹.

690 701 775 770 (sess.
793 701 928 772 XXIV).

292 823 474 881 Matrimonii
494 830 662 895 perpetuum
681 822 957 894 indissolubilemque
975 841 1083 881 nexum
1103 822 1217 895 primus
1238 823 1369 882 humani

255 909 371 981 generis
391 927 497 981 parens
519 908 612 967 divini
637 908 762 980 Spiritus
782 910 924 969 instintlu
946 911 1156 984 pronuntiavit,
1179 929 1252 968 cum
1274 913 1370 970 dixit:

260 997 357 1054 “Hoc
370 1015 450 1053 nunc
463 1014 497 1053 os
510 1014 545 1054 ex
558 995 675 1054 ossibus
689 995 770 1067 meis,
784 1008 813 1056 et
827 1014 895 1054 caro
908 997 947 1056 de
960 1015 1048 1055 came
1060 998 1127 1054 med
1140 1018 1146 1054 ε
1161 997 1367 1068 quamobrem

256 1084 400 1155 relinquet
413 1083 505 1140 homo
519 1093 633 1154 patrem
647 1101 734 1140 suum
748 1092 777 1140 et
791 1090 923 1150 matrem,
937 1091 965 1138 et
975 1081 1140 1140 adhaerebit
1153 1086 1236 1140 uxori
1254 1103 1331 1154 suae,
1342 1101 1370 1143 et

254 1181 340 1229 erunt
353 1171 415 1228 duo
428 1170 458 1225 in
471 1186 559 1226 carne
572 1171 632 1226 unt
641 1169 656 1194 '’
667 1173 686 1224 ².

291 1258 362 1314 Hoc
374 1267 473 1314 autem
487 1256 607 1314 vinculo
619 1257 689 1312 duos
703 1253 912 1313 tantummodo
929 1255 1061 1326 copulari
1075 1265 1105 1314 et
1117 1257 1267 1330 conjungi
1284 1259 1369 1318 Chri-

255 1354 316 1402 stus
331 1343 478 1401 Dominus
491 1342 621 1414 apertius
635 1342 747 1406 docuit,
762 1359 830 1398 cum
845 1350 994 1412 postrema
1008 1342 1057 1400 illa
1070 1343 1169 1413 verba,
1187 1355 1340 1417 tanquam
1352 1365 1370 1402 a

257 1430 323 1494 Deo
342 1431 455 1502 prolata
473 1429 603 1486 reserens
622 1428 713 1486 dixit:
735 1428 871 1499 “Itaque
890 1429 951 1499 jam
970 1448 1031 1488 non
1050 1442 1119 1489 sunt
1138 1432 1210 1502 duo,
1228 1433 1289 1490 sed
1311 1453 1369 1490 una

255 1535 323 1574 caro
333 1517 368 1588 ”3
386 1516 546 1586 statimque
559 1515 693 1586 ejusdem
709 1532 800 1572 nexus
814 1513 993 1572 firmitatem:
1007 1515 1046 1574 ab
1059 1518 1180 1575 Adamo
1195 1527 1288 1577 tanto
1300 1529 1371 1576 ante

254 1603 483 1676 pronuntiatam,
501 1601 546 1659 his
565 1601 662 1659 verbis
680 1600 884 1658 confirmavit:
904 1601 1024 1674 “Quod
1044 1620 1115 1674 ergo
1137 1605 1222 1662 Deus
1235 1608 1368 1676 conJun.

254 1690 303 1754 xit,
317 1689 408 1746 homo
421 1706 482 1745 non
496 1696 612 1759 separet
622 1687 638 1714 ”
647 1689 664 1742 ³.

290 1775 422 1833 Gratiam
436 1792 513 1844 vero,
530 1793 598 1846 quae
617 1775 780 1832 naturalem
799 1773 881 1830 illum
897 1793 1029 1834 amorem
1049 1776 1214 1848 perliceret,
1226 1789 1262 1836 et
1277 1781 1369 1837 indis-

254 1863 410 1921 solubilem
438 1863 578 1920 unitatem
604 1861 801 1932 confirmaret,
830 1853 1033 1932 conjugesqiie
1058 1863 1280 1932 sanetificaret,
1307 1867 1371 1938 ipse

255 1949 397 2020 Christus,
419 1949 631 2007 venerabilium
650 1957 901 2005 sacramentorum
921 1949 1070 2006 institutor
1089 1959 1179 2021 atque
1200 1953 1367 2023 perfector,

254 2039 306 2094 suat
327 2036 413 2094 nobis
433 2035 570 2108 passione
592 2035 763 2107 promeruit,
785 2034 867 2106 quod
886 2035 994 2091 Paulus
1014 2036 1177 2107 Apostolus
1198 2037 1313 2095 t'nnm't
1328 2041 1369 2098 di·

254 2141 343 2181 cens:
368 2123 469 2188 “Viri,
490 2123 603 2194 diligite
623 2139 728 2180 uxores
745 2133 863 2191 vestras,
883 2123 959 2179 sicut
978 2121 1113 2180 Christus
1132 2123 1236 2182 dilexit
1260 2125 1370 2185 Eccle-

254 2210 327 2268 siam
339 2231 346 2282 ;
365 2220 394 2268 et
406 2209 536 2281 seipsum
551 2209 671 2267 tradidit
685 2225 739 2280 pro
752 2208 831 2278 ed”;
851 2225 919 2266 mox
932 2208 1134 2280 subjungens:
1155 2213 1174 2238 “
1183 2210 1368 2271 Sacramen-

254 2309 317 2357 tum
330 2297 387 2355 hoc
400 2315 541 2369 magnum
556 2306 617 2355 est:
637 2314 693 2368 ego
706 2307 806 2354 autem
818 2295 894 2365 dico,
907 2294 935 2350 in
947 2292 1066 2352 Christo
1080 2307 1109 2353 et
1122 2295 1152 2351 in
1167 2295 1314 2356 Ecclesia
1324 2301 1366 2355 ²¹⁴.

289 2386 367 2445 Cum
382 2385 470 2458 igitur
483 2385 708 2443 Matrimonium
720 2385 749 2440 in
762 2384 841 2454 Lege
851 2382 1021 2453 evangelica
1034 2382 1182 2440 veteribus
1196 2387 1370 2444 connubiis

254 2491 307 2546 per
319 2472 470 2531 Christum
484 2471 577 2544 gratia
591 2481 724 2544 praestet;
743 2471 848 2528 merito
867 2468 942 2525 inter
960 2485 1045 2525 novae
1065 2468 1154 2540 Legis
1170 2485 1366 2530 sacramenta

254 2559 521 2624 annumerandum,
537 2558 630 2616 saneti
646 2559 746 2615 Patres
761 2555 860 2626 nostri,
877 2555 1012 2613 Concilia
1025 2565 1054 2612 et
1068 2556 1241 2614 universalis
1259 2559 1366 2618 Eccle-

254 2646 304 2704 siae
328 2645 447 2703 traditio
472 2662 590 2717 semper
613 2645 801 2702 docuerunt:
827 2642 968 2700 adversus
993 2659 1082 2714 quam
1108 2643 1193 2715 impii
1218 2645 1367 2704 homines

254 2731 341 2804 hujus
355 2731 452 2789 saeculi
467 2731 656 2800 insanientes,
665 2748 725 2788 non
739 2730 834 2788 solum
850 2746 1003 2801 perperam
1018 2729 1057 2786 de
1070 2729 1128 2786 hoc
1137 2732 1307 2789 venerabili
1321 2753 1366 2791 sa·

254 2830 405 2878 eramento
418 2829 581 2886 senserunt,
595 2819 648 2877 sed
664 2819 703 2877 de
723 2835 804 2875 more
823 2833 878 2873 suo
896 2823 1038 2886 praetextu
1059 2815 1224 2886 Evangelii,
1239 2816 1364 2876 liberta-

254 2917 313 2964 tem
327 2905 422 2962 carnis
436 2904 664 2974 introducentes,
680 2902 824 2961 multaab
838 2901 980 2959 Ecclesiae
992 2900 1147 2958 catholicae
1160 2919 1263 2974 sensu,
1280 2908 1367 2963 etat»

254 2992 466 3065 Apostolorum
486 2991 671 3063 temporibus
692 2988 815 3062 probata
833 2988 1050 3046 consuetudine
1072 2987 1177 3058 aliena,
1195 2990 1315 3063 scripto
1335 3007 1365 3050 et

254 3078 344 3136 verbo
356 3089 551 3146 asseruerunt,
569 3095 629 3134 non
649 3077 712 3134 sine
731 3075 840 3147 magni
858 3073 968 3132 Christi
985 3073 1116 3132 fidelium
1128 3073 1265 3144 jattma:
1287 3096 1364 3150 quo

254 3183 318 3222 rum
342 3164 498 3221 temeritati
522 3163 623 3220 santia
645 3173 674 3220 et
697 3162 868 3220 universalis
890 3163 1028 3234 Synodus
1049 3163 1168 3235 cupiens
1190 3183 1365 3236 occurrere,
1393 3203 1394 3216 ,

254 3269 292 3309 ne
310 3251 409 3323 plures
426 3250 464 3308 ad
484 3268 515 3307 se
536 3250 631 3307 trahat
650 3248 815 3322 perniciosa
833 3266 935 3306 eorum
955 3249 1094 3320 contagio
1113 3251 1364 3311 exterminandos

253 3337 344 3406 duxit,
358 3338 412 3394 hos
430 3337 459 3393 in
476 3338 556 3409 ipsos
572 3335 726 3395 haereticos
741 3354 904 3408 eorumque
920 3355 1031 3396 errores
1048 3337 1215 3396 decernens
1233 3343 1362 3400 anathe-

253 3425 414 3483 matismos.
715 3429 718 3432 ’

292 3513 363 3570 Can.
381 3529 402 3567 t.
440 3511 470 3568 Si
484 3511 550 3582 quis
564 3509 677 3579 dixerit,
696 3509 919 3567 Matrimonium
940 3529 1000 3569 non
1019 3529 1084 3569 esse
1103 3529 1171 3569 vere
1187 3521 1219 3570 et
1236 3517 1361 3585 proprie

253 3617 346 3658 unum
363 3597 398 3657 ei
417 3608 532 3671 septem
552 3599 624 3670 legis
639 3597 818 3667 evangelicae
837 3597 1036 3668 sacramentis,
1051 3615 1068 3654 a
1084 3597 1206 3655 Christo
1222 3599 1361 3658 Domino

253 3687 427 3756 institutum,
444 3685 498 3743 sed
510 3685 549 3743 ab
562 3683 735 3742 hominibus
748 3685 777 3741 in
792 3682 926 3740 Ecclesia
939 3683 1101 3748 inventum,
1117 3699 1217 3754 neque
1230 3689 1359 3755 gratiam

252 3773 386 3831 conferre
396 3792 404 3842 ;
422 3773 459 3828 A.
476 3771 504 3828 S.

291 3861 364 3918 Can.
382 3879 404 3916 a.
442 3859 472 3916 Si
492 3861 559 3931 quis
578 3859 692 3929 dixerit,
714 3858 802 3915 licere
821 3854 995 3916 Christianis
1017 3855 1116 3927 plures
1135 3857 1226 3914 simul
1244 3859 1359 3919 habere

253 3964 366 4015 uxores,
383 3957 411 4003 et
424 3945 483 4001 hoc
497 3947 576 4003 nulla
589 3946 654 4017 lege
667 3945 767 4004 divina
781 3963 845 4002 esse
859 3943 1061 4016 prohibitum3
1080 3945 1116 4000 A.
1133 3943 1161 4002 S.

289 4139 297 4160 ¹
310 4130 355 4181 Ad
369 4130 512 4183 meliorem
526 4132 625 4184 horum
640 4133 787 4185 Canonum
801 4132 1021 4200 intelligentiam,
1032 4130 1095 4185 vide
1109 4129 1148 4185 A.
1165 4133 1192 4184 T
1187 4131 1298 4202 ltet'ner,
1312 4154 1354 4204 op.
1390 4118 1391 4139 ¹

254 4215 310 4275 cit..
325 4225 344 4266 t,
363 4215 401 4279 ll,
415 4231 439 4282 p.
454 4227 505 4279 313
519 4233 560 4284 sq.

281 4299 369 4352 =Gen.
386 4301 424 4365 11,
439 4315 483 4366 23;
498 4303 599 4370 Eplees.
614 4303 647 4370 V,
664 4317 707 4372 3¹·
723 4304 1009 4371 -21t1att.XtX,6.
1025 4301 1200 4374 —⁴Eplres.
1216 4305 1249 4376 V,
1265 4321 1352 4380 15-32
