2776 4644
454 180 511 230 DE
529 180 697 230 GRATIA.
1103 182 1123 232 5

35 349 59 405 in
72 353 160 410 sacris
172 353 272 412 litteris
286 373 354 413 curn
369 356 512 426 dicitur,“
521 357 735 417 Convertimini
749 358 788 415 ad
802 367 895 426 me,et
905 375 960 430 ego
973 369 1126 414 convertar

33 439 66 494 ad
77 457 128 496 ros
138 441 154 464 '¹'
162 438 177 508 ¹,
187 441 327 501 libertatis
342 454 449 504 nostrae
461 445 671 516 admonemur;
683 464 753 502 cum
767 445 983 517 respondemus
997 465 1002 500 :
1021 447 1037 473 ‘⁸
1048 443 1125 502 Cou-

34 535 107 582 rerte
120 545 183 596 nos,
200 529 338 598 Domine,
355 530 393 588 ad
407 541 443 600 te,
457 542 486 589 et
499 542 706 589 convertemur
715 532 730 556 ''
741 536 758 603 ²,
772 533 828 588 Dei
844 549 897 588 nos
910 532 1003 602 gratia
1017 548 1125 602 praeve-

33 611 82 668 niri
95 614 280 672 confitemur.

247 743 355 804 CAP.
379 745 413 805 6.
440 745 579 803 Modus
604 745 911 817 praeparationis.

67 863 272 936 Disponuntur
284 879 384 925 autem
398 869 437 926 ad
451 869 544 940 ipsam
557 869 710 940 justitiam,
727 869 797 926 dum
819 870 934 926 excitati
949 869 1050 927 divina
1063 886 1125 940 gra-

32 947 77 1014 tiri,
99 961 129 1008 et
150 955 253 1024 adjuti,
273 955 358 1022 fidem
380 955 540 1012 exauditu
565 955 780 1028 concipientes,
804 955 896 1013 libere
918 967 1073 1014 morentur
1096 955 1125 1010 in

34 1037 139 1102 ileum,
151 1042 307 1099 credentes
316 1060 383 1100 vera
396 1060 460 1100 esse
473 1061 540 1114 quae
553 1043 693 1100 divinitus
708 1044 833 1100 revelata
847 1054 876 1100 et
890 1044 1032 1114 promissa
1046 1052 1126 1108 sunt;

31 1135 118 1194 atone
131 1128 203 1186 illud
217 1129 246 1185 in
261 1131 363 1200 primis
375 1148 392 1186 a
407 1131 474 1188 Deo
485 1131 635 1200 justificari
656 1130 781 1202 impium
795 1147 847 1201 per
859 1130 982 1200 gratiam
996 1131 1059 1200 ejus
1074 1147 1126 1201 per

33 1211 274 1284 redemptionem,
289 1233 356 1286 quae
369 1227 411 1274 est
426 1217 455 1273 in
469 1217 588 1276 Christo
601 1217 685 1289 Jesu;
703 1227 732 1273 et
746 1217 818 1273 dum
833 1227 1004 1287 peccatores
1017 1233 1049 1273 se
1062 1233 1126 1273 esse

33 1297 225 1370 intelligentes
238 1322 257 1357 a
269 1303 506 1375 dna'najasn'n'a
525 1305 632 1372 timore,
649 1321 710 1374 quo
729 1302 837 1360 utiliter
855 1303 1072 1368 concutiuntur,
1087 1303 1126 1358 ad

32 1387 275 1446 considerandam
294 1391 349 1447 Dei
369 1391 598 1448 misericordiam
613 1409 644 1448 se
657 1389 867 1458 convertenda,
881 1390 910 1446 in
923 1399 998 1461 spem
1011 1389 1126 1460 erigun-

33 1475 221 1538 mandentes
237 1479 336 1535 Deum
350 1479 405 1536 sibi
420 1489 539 1550 propter
553 1479 703 1538 Christum
716 1478 876 1550 propitium
889 1478 960 1544 lore;
975 1476 1125 1547 illumque,

32 1573 171 1632 tanquam
190 1565 289 1621 omnis
309 1566 430 1636 justitiae
450 1567 571 1636 iontem,
592 1566 710 1636 diligere
728 1564 889 1635 incipiunt:
914 1582 949 1620 ac
971 1575 1126 1636 propterea

33 1663 186 1708 morentur
197 1653 338 1710 adversus
352 1665 473 1726 peccata
485 1672 536 1726 per
545 1655 640 1709 odiam
651 1653 773 1724 aliquod
784 1663 812 1709 et
823 1652 1059 1720 detestationem,
1069 1653 1126 1710 hoc

32 1755 81 1810 est,
99 1762 151 1816 per
163 1763 228 1803 earn
239 1748 438 1818 poenr'lenliam
452 1766 540 1820 quam
555 1757 624 1804 ante
640 1747 825 1818 Baptismum
839 1746 884 1816 agi
899 1755 1014 1817 oportet
1026 1767 1032 1802 z
1044 1746 1127 1803 deni-

32 1849 89 1899 que
107 1831 178 1888 dum
189 1842 360 1904 proponunt
377 1835 526 1906 suscipere
547 1834 741 1906 llaphsmum,
759 1833 896 1890 inchoare
915 1849 1021 1889 noram
1037 1834 1126 1889 vitam

30 1930 57 1972 et
79 1936 192 1976 serrare
215 1920 316 1978 divina
338 1923 487 1978 mandata.
538 1923 584 1978 De
605 1921 660 1976 hac
680 1920 875 1990 dispositione
896 1921 1037 1990 scriptum
1060 1929 1126 1976 est:

35 2005 267 2063 ‘'Accedentem
286 2007 325 2064 ad
346 2009 443 2064 Deum
459 2016 577 2078 oportet
597 2007 717 2064 credere
737 2006 806 2076 quia
824 2015 876 2070 est,
890 2015 918 2062 et
934 2007 1015 2076 quod
1034 2005 1128 2077 inqui-

31 2091 161 2148 rentibus
174 2111 206 2150 se
220 2104 421 2152 remunerator
434 2095 470 2153 sit
482 2095 523 2150 ns·
565 2095 611 2163 Et,
628 2093 791 2158 “Confide,
808 2093 855 2162 fili,
873 2093 1061 2150 remittuntur
1075 2092 1128 2150 tibi
1155 2107 1156 2112 ’

30 2189 151 2246 peccata
169 2179 273 2236 tua”⁴.
322 2181 367 2251 Et,
392 2181 525 2240 “Timor
546 2179 668 2238 Domini
688 2179 806 2250 expellit
826 2179 1033 2250 peccatum”⁶.
1079 2179 1126 2244 Et,

30 2268 48 2291 ‘⁴
59 2265 267 2324 l’oenitentiarn
282 2269 368 2340 agite,
384 2280 414 2326 et
428 2268 591 2340 baptizetur
604 2267 809 2338 unusquisque
822 2277 949 2324 restrum
964 2266 992 2322 in
1007 2267 1129 2324 nomine

29 2351 97 2420 Jesu
119 2353 241 2420 Christi,
263 2355 513 2412 inremissionem
534 2345 724 2427 peccatorum
740 2365 910 2424 vestrorum,
931 2364 960 2410 et
977 2353 1129 2425 accipietis

29 2439 143 2496 donum
155 2440 282 2512 Spiritus
292 2443 392 2500 Sancti
402 2443 417 2468 ”
427 2445 446 2499 ⁵.
487 2446 533 2512 Et,
546 2447 567 2472 “
578 2443 691 2500 Euntes
701 2459 772 2512 ergo
782 2442 889 2498 docete
899 2459 1004 2499 ornnes
1014 2453 1125 2513 gentes,

30 2524 214 2596 baptizantes
228 2518 280 2585 eo‘s
294 2529 322 2584 in
337 2529 458 2587 nomine
473 2530 574 2598 Patris,
588 2541 616 2586 et
632 2529 705 2596 Filii,
719 2539 747 2585 et
760 2528 885 2599 Spiritus
898 2527 1006 2598 Sancti,
1020 2529 1130 2586 docen-

29 2623 69 2668 tes
83 2631 139 2670 eos
152 2631 268 2671 serrare
281 2633 479 2687 quaecumque
498 2616 635 2673 mandavi
648 2614 733 2672 robis
742 2615 757 2638 ''
766 2615 784 2671 ⁷.
826 2614 966 2684 Denique
987 2616 1007 2642 “
1016 2615 1129 2687 Praepa-

29 2715 88 2757 rare
101 2701 196 2758 corda
210 2713 305 2758 vestra
321 2703 452 2760 Domino
462 2704 476 2728 '’
486 2703 504 2759 ⁸.

63 2845 172 2906 CAP.
197 2845 233 2904 7.
257 2845 357 2918 Quld
380 2848 432 2905 sit
448 2845 678 2918 justificatio
700 2845 822 2918 impii,
848 2847 886 2903 et
908 2857 997 2918 quea
1020 2845 1104 2917 ejus

513 2957 653 3002 causae.

65 3066 157 3122 Hanc
174 3065 401 3138 dispositionem
421 3083 473 3124 seu
493 3067 738 3137 praeparationem
757 3065 928 3138 justificatio
947 3067 1010 3137 ipsa
1029 3085 1131 3126 conse·

29 3147 138 3219 quitur,
154 3165 224 3220 quae
238 3167 298 3206 non
312 3159 356 3207 est
369 3150 431 3206 sola
448 3159 637 3221 peccatorum
658 3150 801 3214 remissio,
817 3150 869 3207 sed
883 3161 912 3206 et
924 3149 1128 3216 sanctificatio,

28 3245 56 3290 et
71 3235 226 3292 renovatio
240 3235 383 3292 interioris
394 3235 523 3293 hominis
533 3253 584 3306 per
595 3235 789 3293 voluntariam
801 3236 1020 3306 susceptionem
1031 3241 1131 3307 gratiae

28 3333 57 3378 et
71 3323 233 3388 donorum,
249 3321 329 3380 unde
343 3323 434 3380 homo
447 3342 483 3380 ex
497 3322 607 3392 iniusto
621 3322 652 3380 lit
664 3325 770 3394 justus,
783 3333 812 3380 et
824 3341 861 3379 ex
873 3323 995 3380 inimico
1007 3325 1127 3392 amicus,

29 3419 61 3462 ut
80 3409 117 3464 sit
137 3407 224 3464 heres
243 3406 407 3464 secundum
428 3425 511 3478 spem
532 3409 598 3465 vitae
620 3418 744 3465 aeternae.
793 3407 893 3477 Hujus
914 3406 1131 3476 justificationis

28 3511 127 3550 causae
146 3503 227 3560 sunt,
236 3493 344 3564 finalis
361 3493 493 3566 quidem,
514 3494 607 3564 gloria
628 3495 683 3551 Dei
701 3505 730 3550 et
747 3493 856 3552 Christi
874 3511 909 3548 ac
926 3493 984 3548 vita
1001 3503 1108 3549 aeterna
1125 3515 1130 3550 :

29 3579 150 3649 cffiriens
167 3595 247 3646 vem,
266 3580 430 3638 misericors
448 3581 541 3649 Deus
564 3579 614 3650 qui
636 3579 765 3650 gratuito
783 3578 884 3649 abluit,
907 3589 937 3635 et
957 3579 1130 3649 sanctificat,

31 3667 152 3736 signans
166 3675 195 3723 et
209 3683 324 3736 ungens
338 3665 446 3738 Spiritu
460 3665 662 3738 promissionis
677 3665 796 3730 saneto,
809 3665 859 3735 qui
874 3675 918 3720 est
932 3663 1038 3735 pignus
1051 3664 1132 3723 here-

31 3752 130 3809 ditatis
157 3763 285 3818 nostrae;
310 3752 457 3809 narratoria
482 3763 591 3821 autem,
616 3751 825 3809 dilectissimus
847 3750 1029 3820 Unigenitus
1054 3769 1133 3819 suus,

33 3837 184 3895 Dominus
198 3847 298 3895 noster
310 3838 397 3910 Jesus
410 3837 554 3907 Christus,
572 3838 632 3909 oiri,
648 3855 716 3894 curn
730 3853 862 3894 essemus
876 3835 997 3904 inimici,
1014 3849 1134 3909 propter

32 3926 153 3982 nimiam
168 3924 398 3997 caritatemque
410 3925 511 3983 dilexit
525 3943 590 3990 nos,
602 3926 655 3981 sua
669 3923 854 3981 sanctissima
865 3923 1002 3994 passione
1013 3924 1042 3980 in
1052 3925 1133 3994 ligno

67 4103 73 4124 ¹
88 4101 175 4154 lacre.
195 4101 218 4162 r,
234 4113 258 4166 3.
275 4101 331 4138 -2
348 4067 447 4152 rana.
461 4099 495 4165 ν,
510 4113 551 4151 21.
567 4129 602 4136 -
613 4095 624 4126 ³
636 4098 723 4150 Hirr.
740 4097 791 4160 xr,
804 4099 827 4150 s.
843 4126 877 4135 -
895 4095 1023 4152 *arnan
1043 4099 1092 4164 rx,
1107 4115 1130 4152 2.

32 4185 189 4241 -·⁶Eccli.
207 4187 229 4253 1,
242 4201 284 4256 27.
300 4185 432 4240 —⁶All.
452 4187 490 4250 ll,
504 4187 544 4251 38.
559 4215 593 4224 —
612 4186 717 4238 ⁷Mutl.
736 4185 818 4237 XXV
823 4186 877 4248 lll,
897 4200 935 4251 ro.
952 4215 986 4222 —
1004 4180 1045 4238 8Ι
1056 4187 1130 4254 Κςρ..

32 4275 136 4346 ΠΜ
