2752 4648
222 187 279 237 DE
296 187 588 239 SACRAMENTO
606 187 925 240 Eucnnms'rffl.
1057 189 1116 240 381

33 363 193 430 individuo
221 367 463 445 determinata;
503 367 645 431 intentio
674 377 786 430 tamen
814 368 963 432 virtualis
986 367 1118 444 sufficit,

31 469 95 528 etsi
111 472 266 532 sacerdos
281 471 475 552 explicitam
491 470 712 534 intentionem
734 491 799 533 non
822 471 950 546 formet,
965 482 1118 535 censetur

31 589 118 650 agere
141 575 324 637 secundum
349 575 567 637 intentionem
585 574 754 648 Ecclesiae,
768 583 802 638 et
824 595 1016 639 consecrare
1032 574 1117 636 velle

31 673 193 756 quidquid,
214 677 313 757 juxta
338 678 492 753 rubricas,
517 678 606 741 licite
629 697 821 740 consecrare
845 686 962 760 potest.
1016 677 1117 740 Ratio

30 777 117 857 hujus
144 780 375 845 determinatae
402 782 596 846 intentionis
621 782 809 845 desumitur
833 801 877 842 ex
905 779 1016 842 indole
1042 799 1115 861 pro·

31 883 164 946 nominis
194 885 283 960 “lroc,
312 885 397 962 hic'',
428 885 518 968 quod
548 886 655 967 exigit
685 885 890 948 individuam
917 883 1116 948 determina·

31 981 154 1050 tionem.

65 1086 75 1162 (
80 1083 127 1172 Β)
146 1089 237 1154 Hinc
254 1092 303 1172 (a)
318 1091 466 1154 invalida
482 1106 532 1154 est
547 1091 762 1166 consecratio,
778 1091 805 1152 si
826 1087 980 1152 sacerdos
1001 1089 1090 1152 dicat
1108 1111 1115 1150 :

31 1188 96 1250 volo
132 1192 248 1256 decem
286 1215 329 1256 ex
366 1195 484 1256 hostiis
521 1193 574 1256 hic
610 1191 838 1274 praesentibus
875 1201 933 1256 aut
970 1193 1114 1255 medium

31 1289 138 1356 hostiae
161 1306 289 1377 partem
305 1317 517 1373 consecrarc3
543 1297 666 1377 pariter
681 1316 746 1358 non
763 1304 840 1358 sunt
861 1294 1055 1376 reputandae
1078 1305 1112 1358 ut

31 1409 221 1462 consecratae
248 1400 312 1462 illae
336 1401 403 1462 vini
432 1399 572 1480 guttulae
599 1419 674 1480 quae
700 1399 839 1462 exten'us
861 1418 979 1480 cuppae
1003 1398 1115 1461 adhae·

33 1509 113 1576 rent;
147 1501 199 1582 (b)
222 1503 336 1564 valida
359 1512 409 1565 est
434 1501 648 1575 consecratio,
671 1521 774 1583 quum
799 1501 873 1582 quis
899 1500 1004 1563 dicit:
1039 1501 1117 1565 volo

33 1619 211 1666 consecrare
248 1605 337 1668 hunc
371 1605 554 1668 hostiarum
584 1604 762 1678 cumulum,
791 1604 851 1666 has
888 1613 954 1667 tres
991 1603 1115 1685 priores

33 1699 145 1767 hostias
160 1707 304 1784 cumuli;
331 1708 411 1769 item
426 1706 537 1769 valida
552 1716 603 1768 est
626 1707 830 1770 consecratio
852 1707 992 1770 duarum
1016 1707 1114 1771 simul

33 1801 202 1871 hostiarum
228 1806 461 1890 adjunctarum
492 1811 643 1890 quamvis
673 1809 827 1873 sacerdos
857 1820 952 1892 putet
982 1813 1113 1874 unicam

33 1925 111 1984 esse;
145 1911 195 1992 (c)
208 1912 309 1975 dubia
332 1923 382 1975 cst
407 1912 612 1976 consecratio
636 1923 805 1993 guttarum
830 1912 907 1988 vini,
928 1933 1003 1994 quae
1024 1915 1113 1978 intra

34 2011 129 2075 calicis
159 2034 302 2096 cuppam
330 2016 477 2078 existunt
506 2035 527 2077 a
557 2019 667 2078 massa
691 2015 759 2077 vini
789 2025 972 2096 separatae;
1012 2017 1114 2080 dubia

33 2125 73 2175 est
94 2119 214 2198 pariter
233 2118 437 2181 consecratio
458 2117 573 2180 ciborii
595 2139 615 2180 a
636 2118 797 2192 ministr0,
815 2118 986 2180 sacerdote
1009 2119 1115 2181 nulla-

35 2223 115 2279 tcnus
140 2222 344 2296 advertente,
370 2221 472 2296 allati,
498 2231 531 2284 et
558 2241 601 2284 ex
629 2220 796 2283 oblivione
822 2229 919 2282 extra
944 2222 1114 2302 corporale

35 2317 122 2384 reum
134 2334 165 2398 ¹3
191 2323 373 2386 hostiarum
390 2341 465 2403 quae
481 2331 559 2385 suut
580 2322 664 2384 infra
678 2320 849 2403 corporale
868 2331 926 2386 aut
947 2343 1115 2406 mappam,

35 2433 79 2483 aut
106 2435 201 2488 extra
227 2425 371 2507 lapidem
396 2445 525 2488 sacrum
553 2435 586 2488 et
613 2425 709 2488 simul
738 2446 758 2487 a
784 2426 919 2488 cumulo
943 2439 1114 2507 separatae,

34 2535 78 2585 aut
101 2529 216 2607 positae
241 2527 373 2592 luerunt
397 2527 430 2589 in
455 2527 626 2610 corporali,
647 2527 750 2590 inscio
770 2527 968 2591 sacerdote:
1004 2529 1037 2592 in
1062 2529 1113 2592 his

34 2627 107 2690 enim
122 2629 252 2692 casibus
267 2630 538 2710 dubitari·potest
554 2639 663 2692 utrum
679 2630 834 2691 sacerdos
849 2649 905 2692 eas
922 2650 1114 2695 consecrare

34 2725 175 2796 intendat.

67 2829 169 2913 lc)1n
185 2854 263 2898 casu
280 2833 391 2896 dubiae
406 2834 673 2908 consecrationis
684 2833 803 2897 hostiae
816 2853 881 2896 non
895 2843 973 2897 sunt
988 2836 1114 2916 populo

35 2929 261 3012 distribuendae,
287 2939 344 3000 sed
372 2939 424 3000 vel
455 2937 627 3001 sumendae
658 2936 701 2998 ab
731 2936 804 3016 ipso
835 2937 1007 3000 sacerdote
1037 2947 1113 3019 post

36 3039 238 3117 sumptionem
252 3039 372 3115 calicis,
383 3038 433 3101 vel
449 3038 663 3120 subsequenti
676 3037 730 3110 die
746 3039 864 3100 iterum
878 3042 1112 3104 consecrandae

36 3136 83 3198 sub
94 3142 287 3204 conditione.

66 3274 108 3339 95
145 3275 180 3342 3⁰
192 3261 393 3327 consecratio
404 3262 601 3324 simultanea
617 3261 784 3340 utriusque
795 3261 912 3340 speciei.
943 3257 1008 3346 (A)
1024 3261 1111 3325 Con-

37 3363 154 3424 secratio
169 3364 340 3444 utriusque
356 3363 476 3444 speciei
493 3364 677 3427 necessaria
694 3373 744 3427 est
760 3375 929 3447 praecepto
940 3366 1055 3428 divino
1067 3367 1113 3428 ita

38 3470 64 3519 ut
82 3484 246 3546 nunquam
272 3465 369 3529 liceat
394 3485 494 3529 unam
520 3469 665 3548 speciem
691 3468 762 3530 sine
786 3469 889 3530 altera
911 3488 1111 3531 consecrare.

37 3557 155 3631 Constat
175 3567 224 3650 (a)
240 3589 284 3631 ex
306 3568 388 3650 ipsis
402 3570 510 3632 verbis
527 3569 676 3633 Christi:
702 3570 807 3632 “Hoc
827 3570 925 3634 facite
946 3573 978 3634 in
1002 3591 1111 3634 meam

36 3671 363 3734 commemorationem
375 3669 411 3749 '';
434 3671 555 3754 quibus
566 3673 683 3749 verbis,
694 3682 730 3736 ut
745 3673 892 3736 declarat
908 3673 938 3735 T
936 3674 998 3736 rid.
1013 3674 1112 3754 (Sese.

37 3761 131 3850 XXII,
145 3794 170 3837 c.
191 3771 236 3859 1),
253 3772 427 3854 Apostolis
443 3775 600 3856 praecepit
622 3785 658 3838 ut
679 3786 910 3838 consecrarent
931 3777 1112 3857 sicutipse

41 3908 1106 3934 h———ssffl

61 3992 98 4049 ¹Si
108 4017 169 4055 vero
179 4002 312 4057 sacerdos
322 4000 458 4058 ciborium
469 4001 608 4070 aspexerit
617 4011 703 4072 atque
713 4017 879 4056 consecrare
893 4001 1054 4070 intenderit,
1062 4005 1111 4058 ho·

37 4077 82 4132 sua
91 4086 174 4142 valide
184 4101 249 4143 sunt
262 4101 445 4157 consecratas,
454 4091 506 4146 etsi
519 4103 663 4146 momento
673 4091 893 4147 consecrationis
904 4111 1000 4150 earum
1015 4094 1111 4150 imme·

37 4176 82 4218 nor
91 4171 165 4228 luerit
180 4193 187 4230 ι
207 4176 281 4246 prior
293 4177 369 4231 enirn
383 4178 501 4234 intentio
513 4195 569 4232 non
584 4178 635 4231 luit
649 4176 809 4244 retractata,
818 4180 870 4233 sed
882 4179 1037 4235 virtualiter
1050 4198 1109 4249 per·

37 4262 132 4316 severat.
143 4260 206 4317 licet
219 4279 253 4317 ex
266 4263 407 4318 oblivione
420 4263 554 4318 ciborium
570 4264 605 4318 sit
618 4276 696 4319 extra
709 4265 861 4333 corporale.
