2770 4652
260 159 321 209 512
461 159 517 208 DE
536 160 828 210 POENITENTIAE
848 160 1152 212 SACRAMENTO.

259 346 275 373 “
287 341 518 404 Remittuntur
532 342 561 405 ei
577 351 715 423 peccata
731 343 845 418 multa,
860 343 1018 424 quoniam
1035 345 1157 407 dilexit
1177 346 1331 408 ωυὶωῐῃ”.

261 447 396 508 Frustra
407 446 569 527 objiciunt
585 446 763 508 adversarii
780 467 846 508 non
860 456 938 509 ante
954 445 1053 510 fuisse
1070 449 1205 509 remissa
1220 459 1334 528 peccata

260 569 359 632 quam
377 549 527 614 Christus
543 550 691 613 diceret:
719 552 935 613 remittuntur
953 552 985 614 ei
996 562 1138 632 peccata,
1155 552 1335 633 proindeque

260 655 431 716 caritatem
446 675 511 716 non
524 653 707 735 justificare
722 675 781 735 per
793 674 837 730 se,
847 655 904 716 sed
922 654 1029 717 solum
1043 655 1272 718 accedentibus
1281 674 1336 716 rer·

260 757 310 818 bis
329 757 475 818 Domini.
528 756 616 818 Nam
640 757 741 819 verba
765 756 955 836 hujusmodi
979 759 1193 821 solummodo
1215 757 1337 820 declara·

260 861 341 924 bant
356 870 494 942 peccata
510 861 656 922 mulieris
672 861 773 923 fuisse
791 861 861 942 jam
879 861 1025 936 remissa,
1041 871 1078 923 ut
1093 861 1180 926 clare
1197 861 1338 940 colligitur

260 984 303 1027 ex
320 964 420 1026 verbo
436 983 545 1044 graeco
562 961 708 1046 ἀφέωνται
726 964 815 1044 quod
832 974 883 1026 est
904 964 1062 1045 praeteriti
1085 963 1243 1044 temporis
1262 975 1291 1024 et
1308 964 1338 1022 si·

260 1065 395 1147 gnificat
412 1066 548 1128 remissa
563 1075 665 1140 sunt,·
691 1075 841 1128 remanet
864 1067 966 1148 igitur
985 1077 1021 1128 ut
1044 1067 1116 1146 ejus
1139 1063 1258 1128 uentu
1278 1085 1338 1125 corr-

260 1171 385 1232 donata
401 1169 522 1232 fuerint
538 1189 580 1230 ex
598 1168 743 1250 eoquod
762 1168 902 1230 multum
920 1170 1084 1232 dilexerit.

304 1273 362 1353 (C)
373 1272 474 1334 Ratio
486 1274 557 1353 ipsa
574 1271 671 1352 hujus
687 1274 732 1334 rei
749 1273 1016 1334 convenientiam
1033 1272 1191 1334 ostendit.
1236 1271 1338 1352 Quam·

260 1377 309 1438 vis
323 1377 412 1436 enim
429 1376 584 1437 contritio
600 1372 746 1456 perfetta
761 1395 805 1435 ex
821 1395 856 1436 se
873 1395 939 1436 non
955 1376 1062 1456 possit
1078 1373 1243 1437 infinitam
1256 1371 1338 1435 offen-

261 1499 332 1540 sam
350 1478 424 1540 Deo
440 1498 498 1559 per
514 1487 686 1558 peccatum
710 1477 850 1540 mortale
872 1479 1051 1559 irrogatam
1074 1480 1250 1559 adaequate
1268 1497 1338 1538 corn·

262 1600 409 1663 pensare,
425 1600 485 1641 nec
502 1581 728 1664 remissionem
750 1581 878 1661 peccati
901 1581 1048 1643 mortalis
1070 1581 1198 1654 mereri,
1214 1583 1300 1644 decet
1314 1591 1340 1640 ut

263 1684 356 1746 Deus
382 1683 532 1745 contritis
560 1685 659 1744 corde
686 1683 929 1763 indulgentiam
957 1683 1142 1762 concedat;
1177 1704 1252 1746 nam
1280 1683 1339 1745 talis

262 1786 436 1868 dispositio
447 1794 496 1847 est
509 1783 747 1866 perledtissima
759 1805 833 1866 quae
846 1807 866 1846 a
877 1786 1107 1867 peccatoribus
1120 1788 1234 1850 haberi
1247 1789 1341 1868 possit,

262 1900 296 1952 et
311 1909 413 1970 quum
430 1909 576 1951 amorem
595 1889 659 1951 Dei
683 1910 801 1971 purum
827 1892 994 1972 importet,
1010 1890 1052 1952 ad
1074 1891 1223 1952 divinam
1245 1890 1341 1952 amici-

262 1996 343 2057 tiam
359 1994 486 2074 optime
502 2013 558 2054 eos
574 1993 742 2074 disponit;
765 1995 842 2056 hinc
859 1995 891 2056 in
908 1994 952 2056 A.
967 1993 1059 2074 Lege,
1076 2015 1121 2055 ex
1139 1994 1341 2056 misericordia

262 2097 334 2170 Dei,
350 2096 392 2157 ad
414 2093 686 2176 justificationem
711 2095 921 2174 sufficiebat;
947 2098 1039 2178 atqui
1063 2097 1231 2159 institutio
1252 2115 1341 2158 sacra·

263 2202 365 2263 menti
387 2199 595 2262 Poenitentiae
618 2201 684 2261 vim
709 2210 741 2262 et
764 2199 944 2261 efficaciam
969 2200 1116 2262 caritatis
1140 2219 1207 2263 non
1231 2199 1341 2280 minuit,

263 2325 323 2368 nec
339 2301 512 2366 arctiorem
526 2304 612 2364 viam
630 2303 745 2365 salutis
762 2301 847 2380 fecit,
858 2304 914 2366 sed
931 2304 1042 2385 potius
1058 2302 1239 2367 faciliorem
1253 2303 1340 2366 reddi-

263 2411 323 2485 dit;
346 2427 425 2488 ergo
438 2407 676 2468 rationabiliter
688 2407 844 2468 asseritur
855 2406 1086 2470 contritionem
1101 2405 1277 2486 perfectam
1289 2415 1338 2466 sta-

263 2512 322 2573 tim
337 2507 525 2590 justificare.

306 2613 354 2692 56.
403 2613 561 2674 Diximus
573 2621 685 2674 tamen
700 2632 761 2673 non
773 2612 842 2674 sine
852 2612 1050 2674 sacramenti
1059 2621 1139 2686 oola,
1150 2612 1239 2692 quia,
1248 2629 1341 2692 quum,

263 2738 306 2780 ex
324 2715 429 2792 dietis,
446 2735 581 2776 sacram.
601 2715 810 2778 Poenitentiae
834 2716 876 2777 sit
900 2716 931 2776 in
956 2715 997 2778 N.
1014 2715 1106 2795 Lege
1127 2713 1340 2778 necessarium.

263 2828 417 2904 peccator
430 2837 496 2879 non
511 2826 622 2898 potest
633 2837 708 2879 vere
721 2837 792 2878 esse
804 2819 1061 2898 contritus,quin
1074 2818 1156 2880 velit
1168 2816 1286 2880 delleta
1297 2835 1341 2876 sua

262 2924 403 2986 clavium
421 2922 579 3002 potestati
596 2920 763 3000 subjicere.
792 2921 867 2982 Non
885 2923 1058 3002 requiritur
1071 2932 1184 2984 tamen
1199 2933 1236 2984 ut
1251 2921 1341 3001 hujus-

264 3027 353 3090 modi
370 3035 485 3088 votum
503 3026 545 3086 sit
560 3024 741 3106 explicitum
753 3047 767 3097 ,·
795 3021 915 3085 sufficit
934 3025 1136 3104 implicitum,
1152 3025 1250 3105 quale
1271 3024 1342 3084 inre-

263 3134 352 3195 nitur
367 3133 400 3193 in
417 3131 562 3212 generali
579 3131 749 3192 voluntate
766 3131 877 3191 omnia
894 3127 1099 3208 adimplendi
1116 3147 1192 3208 quae
1208 3128 1251 3189 ad
1273 3125 1342 3186 salu·

263 3247 330 3301 tem
348 3237 532 3298 necessaria
548 3245 631 3296 sunt.
679 3233 734 3295 Ex
751 3234 812 3295 hoc
828 3227 1113 3315 pariter'sequitur
1126 3231 1294 3293 homiuem
1308 3229 1341 3289 sie

259 3339 479 3424 justificatum
504 3341 607 3402 teneri
631 3348 767 3419 peccata
790 3358 849 3398 sua
873 3335 1035 3408 mortalia,
1051 3355 1108 3416 per
1125 3336 1342 3397 contritionem

259 3447 329 3528 jam
347 3444 492 3518 remissa,
510 3443 682 3506 Sacerdoti
699 3461 852 3505 accusare
869 3452 1019 3519 tempore
1034 3446 1244 3518 opportuno;
1267 3456 1343 3498 secur

262 3552 351 3613 enim
368 3560 483 3611 votum
501 3556 744 3608 sacramentum
767 3542 966 3623 suscipiendi
989 3561 1055 3603 non
1077 3552 1165 3604 esset
1185 3543 1344 3604 sincerum.

264 3654 444 3718 Absolutio
460 3661 570 3713 autem
585 3649 764 3711 sacerdotis
781 3649 813 3708 in
830 3647 892 3710 hoc
905 3665 982 3706 casu
997 3664 1063 3706 uon
1081 3645 1207 3707 inutilis
1221 3643 1345 3707 dicenda

264 3765 333 3830 est;
358 3755 499 3834 gratiam
516 3753 670 3816 videlicet
686 3750 877 3832 operabitur
893 3768 930 3810 ex
944 3759 1033 3830 opere
1048 3759 1182 3828 operatu,
1198 3767 1274 3828 quae
1293 3763 1344 3807 non

215 3843 218 3870 ³
264 3858 410 3920 remittet
426 3858 561 3937 quidem
579 3864 725 3936 peccata,
742 3875 801 3915 nec
819 3854 916 3916 saciet
936 3855 1157 3935 poenitentem
1175 3873 1219 3914 ex
1237 3852 1345 3932 injusto

261 3961 399 4040 justum,
415 3961 471 4022 sed
496 3981 540 4020 ex
561 3960 651 4039 justo
676 3959 781 4039 magis
802 3957 936 4037 justum.
986 3959 1156 4030 Praeterea,
1173 3955 1346 4016 accusando

264 4060 455 4141 hujusmodi
482 4072 627 4142 peccata,
651 4063 817 4144 poenitens
844 4081 878 4122 se
904 4061 1058 4124 humiliat
1085 4079 1196 4122 coram
1227 4059 1301 4122 Deo
1323 4073 1346 4118 et

266 4162 424 4234 Ecclesia,
436 4163 478 4223 de
494 4175 704 4243 pcccatorum
723 4166 915 4228 remissione
928 4165 1072 4230 securior
1086 4163 1131 4240 fit,
1142 4185 1203 4247 pro
1216 4163 1346 4247 peccatis

309 4265 332 4323 's
350 4262 610 4328 satissattiouem
627 4269 762 4347 praebet,
777 4269 914 4333 consilia
930 4272 1059 4354 accipit,
1076 4281 1108 4334 et
1125 4271 1347 4352 poenitentiam
