2770 4646
121 169 173 218 DE
192 170 394 220 MATERIA
413 170 465 218 ET
483 170 634 220 FORMA
653 168 1055 221 SACRAMENTORUM.
1094 169 1147 218 171

56 346 177 428 longior
192 348 300 425 suerit,
309 351 412 414 tutius
428 359 478 412 est
494 349 526 410 in
544 349 640 431 praxi
657 349 820 428 integram
837 347 977 410 sormam
995 347 1037 409 ab
1053 345 1149 408 initio

55 459 203 528 repetere.

97 551 222 614 Formae
236 553 340 634 igitur
354 566 637 618 'sacramentorum
653 555 802 622 distinete
824 575 862 616 ac
887 555 988 617 modo
1009 552 1151 616 audibili

53 647 320 730 pronuntientur!
385 687 394 724 ,-

313 791 348 841 20
366 779 468 856 Quale
475 791 640 862 peccatum
656 781 701 842 sit
715 781 884 844 riurtc'ztio?

93 913 138 977 33
187 899 253 987 (A)
272 903 659 976 Mutatiosubstantialis
672 914 726 972 ¹est
747 913 920 985 peccatum
942 907 1081 976 mortale
1104 929 1147 969 ex

53 1012 112 1064 toto
133 1025 250 1085 genere
278 1027 344 1082 suo,
374 1007 392 1068 i.
423 1027 448 1068 e.
480 1005 627 1070 materiae
657 1007 856 1087 parvitatem
888 1027 965 1069 non·
985 1009 1148 1086 admittit;

52 1116 157 1184 potest
181 1116 293 1172 tamen
322 1108 390 1170 fieri
419 1107 547 1170 veniale
574 1127 617 1168 ex
647 1107 862 1198 advertentiae
889 1107 939 1169 vel
970 1114 1148 1173 consensus

52 1205 185 1271 defectu.
234 1211 335 1296 Ratio
351 1221 401 1274 est
416 1210 494 1291 quia
510 1217 590 1278 tunc
601 1192 846 1270 sacramentum
871 1217 921 1271 est
945 1207 1126 1282 invalidum
1142 1233 1148 1288 ;

51 1310 139 1392 atqui
155 1313 339 1380 invalidum
355 1314 491 1402 reddere
507 1295 750 1380 sacramentum
764 1320 814 1373 est
827 1331 958 1391 semper
973 1323 1145 1392 peccatum

51 1433 146 1492 grave
166 1425 282 1478 contra
308 1415 502 1502 religionem,
517 1425 550 1478 et
565 1413 779 1494 sacrilegium,
795 1433 898 1493 quum
917 1413 959 1504 sit
978 1415 1022 1477 rei
1046 1435 1148 1478 sacrae

51 1515 170 1600 abusus
184 1539 191 1594 ;
214 1519 348 1601 insuper
364 1528 536 1600 peccatum
550 1525 665 1588 contra
677 1515 844 1577 caritatem
857 1536 935 1598 erga
947 1518 1148 1597 proximum,

52 1617 104 1698 qui
131 1622 329 1683 sacramenti
355 1618 474 1687 effectu
499 1620 666 1702 privatur3
693 1619 760 1680 imo
783 1627 817 1680 et
839 1629 954 1681 contra
966 1621 1148 1701 justitiam,

52 1723 183 1800 quando
199 1723 349 1786 minister
360 1733 411 1786 est
424 1723 574 1805 proprius
590 1721 762 1803 parochus
774 1721 829 1802 qui
843 1741 887 1782 ex
897 1722 1026 1801 justitia
1042 1743 1148 1786 sacra-

54 1835 163 1888 menta
178 1827 364 1890 ministrare
380 1836 518 1891 tenetur.

90 1942 140 2006 34.
187 1931 247 2012 (Β)
260 1931 408 1993 Mutatio
419 1927 623 1992 accidentalis
638 1935 687 1989 est
704 1933 877 2006 peccatum
894 1926 988 2006 cujus
1004 1926 1148 2006 gravitas

54 2051 70 2090 a
100 2034 295 2096 mutationis
325 2035 488 2116 gravitate
520 2031 649 2112 pendet.
697 2028 732 2093 Si
761 2029 910 2105 mutatio,
936 2031 1146 2110 prudentium

52 2130 181 2211 judicio,
192 2137 301 2216 gravis
314 2147 495 2210 censeatur,
507 2143 679 2217 peccatum
693 2132 753 2195 erit
766 2151 881 2225 grave;
897 2152 998 2207 secus,
1012 2134 1038 2194 si
1052 2133 1132 2195 levis
1140 2159 1148 2216 ;

54 2255 78 2296 r.
86 2256 115 2317 g.
128 2239 284 2300 omittere
299 2239 332 2301 in
348 2230 597 2301 consecratione
613 2234 741 2298 calicis:
758 2233 841 2313 “qui
860 2253 921 2314 pro
932 2234 1026 2296 vobis
1042 2232 1146 2297 effun-

54 2336 146 2400 detur
158 2339 182 2418 '',
198 2351 351 2403 censetur
368 2361 468 2423 grave
483 2365 489 2418 ;
505 2337 659 2399 omittere
675 2337 706 2398 in
726 2336 899 2418 Baptismo
915 2343 1023 2418 “ergo
1036 2339 1060 2414 ”,
1077 2338 1148 2401 lenc

54 2450 208 2503 censetur.
256 2440 355 2510 Ratio
378 2461 437 2503 cur
462 2440 536 2502 talis
564 2440 705 2502 mutatio
727 2441 770 2501 sit
793 2449 976 2522 peccatum,
998 2453 1048 2503 est
1071 2443 1148 2524 quia

54 2541 157 2602 omnis
172 2543 322 2618 mutatio,
334 2543 434 2606 etiam
452 2543 540 2618 levis
553 2553 603 2606 est
619 2541 806 2623 profanatio
822 2541 960 2624 alicujus
977 2544 1020 2606 tei
1037 2564 1149 2620 sacrae,

54 2651 84 2702 et
98 2643 234 2706 violatio
250 2646 462 2708 ecclesiastici
478 2644 596 2708 saltem
614 2646 780 2726 praecepti.

231 2795 266 2861 3⁰
284 2782 499 2861 Quandonnm
515 2781 614 2845 duint
631 2781 770 2844 iriaterict
786 2782 837 2844 uti
851 2781 975 2843 lt'cent?

93 2917 139 2983 35
190 2905 302 2969 Dubia
321 2908 458 2969 materia
481 2926 520 2968 ea
539 2916 590 2968 est
607 2925 682 2986 quat
705 2904 901 2966 sacramenti
924 2903 1068 2965 valorem
1088 2905 1149 2966 du-

57 3001 138 3068 bium
156 3009 320 3090 relinquit.
368 3009 431 3072 His
447 3009 572 3091 positis,
583 3007 633 3087 (a)
646 3027 815 3087 nunquam
834 3005 910 3068 licet
925 3006 1061 3069 dubiam
1080 3027 1148 3070 ma-

56 3109 166 3172 teriam
179 3110 345 3187 adhibere,
357 3112 487 3193 quoties
500 3121 589 3173 certa
602 3109 739 3172 materia
755 3109 860 3171 datur.
907 3109 994 3170 Nam
1008 3129 1149 3191 sequens

57 3212 234 3291 propositio
257 3213 300 3275 ab
322 3213 505 3275 innocentio
519 3212 557 3273 X
572 3213 732 3274 damnata
755 3210 836 3273 suit:
860 3217 875 3242 “
888 3211 964 3273 Non
986 3221 1037 3273 est
1058 3212 1149 3274 illici-

58 3319 120 3373 tum
144 3314 176 3376 in
200 3316 417 3378 sacramentis
440 3313 648 3377 conferendis
672 3313 763 3393 sequi
787 3313 978 3394 opinionem
996 3313 1148 3394 probabi-

58 3410 115 3476 lem
137 3417 179 3479 de
202 3418 401 3482 sacramenti
422 3417 541 3490 valore,
557 3416 669 3478 tutiori
687 3412 833 3477 relieta'fi
881 3415 981 3478 Ratio
996 3426 1055 3490 est,
1071 3415 1149 3495 quia

59 3513 86 3574 in
101 3515 161 3580 hoc
176 3539 254 3582 casu
272 3520 373 3582 libere
389 3529 422 3583 et
439 3521 509 3582 sine
526 3520 653 3581 ratione
668 3527 912 3580 sacramentum
930 3517 1074 3581 nullitati
1090 3538 1148 3579 ex-

59 3621 183 3694 ponitur
197 3643 205 3700 ;
231 3624 324 3704 atqui
340 3623 402 3686 hoc
418 3633 469 3686 est
485 3622 593 3703 gravis
612 3621 824 3683 irreverentia
838 3641 845 3698 ;
867 3631 946 3702 ergo
965 3631 1015 3682 est
1034 3639 1147 3700 pecca-

60 3725 131 3792 tum,
145 3731 179 3783 et
194 3723 329 3803 quidem
346 3743 454 3806 grave.

98 3820 144 3898 3⁶.
190 3825 242 3908 (b)
254 3827 395 3889 Materia
411 3829 512 3891 dubia
529 3830 575 3892 uti
593 3829 677 3903 licet,
689 3827 756 3888 imo
771 3835 911 3909 oportet,
927 3825 1063 3906 quando
1079 3847 1148 3889 ma·

61 3925 133 3988 teria
147 3939 237 3992 certa
254 3928 375 4005 deficit,
391 3941 424 3993 et
440 3931 537 3995 simul
555 3939 650 4010 urget
665 3913 775 4009 gravis
790 3928 986 4006 necessitas;
1002 3949 1030 3991 v.
1046 3949 1076 4009 g.
1092 3930 1148 3991 de·

62 4021 181 4094 ficiente
196 4031 270 4094 oleo
286 4031 500 4106 infirmorum,
519 4029 728 4097 Ex.-Unoio
751 4031 929 4093 ministrari
946 4041 1056 4112 potest
1073 4053 1146 4094 cum

63 4126 233 4198 chrismate
281 4133 393 4217 Quum
410 4137 498 4201 enirn
515 4142 722 4199 sacramenta
739 4143 873 4214 propter
888 4133 1039 4195 homines
1056 4134 1148 4195 insti·

64 4235 193 4312 tuantur,
209 4236 325 4299 melius
346 4245 397 4298 est
418 4255 586 4317 exponere
604 4245 847 4299 sacramentum
874 4236 1026 4310 nullitati,
1045 4255 1145 4315 quam
