2752 4648
226 161 305 216 ³⁴8
420 207 423 214 ,
706 159 848 212 CAPUT
867 161 892 210 1.

224 340 372 404 rabilem,
391 335 466 394 sicut
488 345 517 394 et
536 337 755 410 cujuscumque
775 339 910 411 corporis
932 337 1089 395 naturalis:
1116 337 1236 395 scimus
1261 347 1357 394 autem

226 441 356 487 atomos
370 440 530 495 corporum
544 423 697 483 immersas
710 425 802 484 veluti
821 443 887 484 esse
903 426 978 483 intra
995 425 1150 483 materiam
1166 423 1359 496 impondera·

229 514 329 574 bilem
357 525 425 580 quae
449 509 531 566 sinus
555 528 661 569 omnes
685 511 819 585 corporis
845 513 987 585 pervadit,
1014 529 1145 584 quaeque
1171 511 1359 568 cohaerentes

229 609 319 659 tenet
335 604 433 668 partes
446 612 498 653 seu
512 605 629 654 atomos
645 599 786 670 corporis.
823 601 884 656 Fac
897 599 985 671 igitur
998 599 1136 658 desinere
1150 615 1281 656 omnem
1296 596 1357 653 sub-

231 684 380 746 stantiam
394 681 479 753 panis
493 693 521 740 et
535 684 604 750 vini,
617 685 777 758 Deumque
790 687 907 745 efficere
920 697 951 745 ut
962 685 1084 744 materia
1096 685 1353 758 imponderabilis,

233 789 307 845 quae
322 769 379 826 illis
392 769 551 826 commixta
564 781 634 840 erat,
647 772 827 831 sensibiliter
840 773 956 832 resistat
971 773 1000 830 in
1015 773 1124 832 eodem
1139 775 1242 846 spatio
1257 789 1356 844 quem·

233 856 406 920 admodum
421 856 500 927 prius
513 857 667 917 resistebat
680 877 807 932 corpus:
828 859 953 918 habebis
971 859 1079 918 eadem
1096 858 1314 932 phaenomena,
1329 867 1354 914 et

235 943 365 1020 quidem
385 941 543 1013 obiediiva,
558 944 585 1001 h.
601 963 626 1003 e.
641 964 659 1002 a
672 947 761 1003 causei
780 947 926 1004 existente
945 965 963 1001 a
977 953 1064 1018 parte
1082 946 1128 1004 rei
1144 946 1352 1012 determinata,

236 1051 308 1108 quae
323 1029 405 1105 prius
416 1028 548 1088 habebas
558 1031 583 1087 ’'.
619 1032 689 1090 Hoc
699 1044 828 1104 systema
840 1033 909 1091 fidei
922 1050 981 1089 non
993 1033 1176 1102 adversatur,
1188 1033 1352 1104 specierum

237 1117 422 1192 objectivam
437 1114 598 1175 realitatem
613 1127 717 1188 servat,
730 1129 759 1176 et
773 1128 816 1176 sat
831 1118 955 1176 feliciter
968 1119 1099 1178 ostendit
1119 1121 1282 1191 quomodo
1299 1113 1364 1192 nia-i

239 1218 310 1268 neat
323 1205 438 1276 aliquid
452 1205 545 1277 panis.
583 1205 724 1263 Attamen
739 1223 800 1262 non
814 1205 933 1263 videtur
945 1216 1004 1262 tam
1019 1205 1106 1264 facile
1118 1207 1274 1264 conciliari
1288 1223 1364 1268 cum

239 1291 420 1353 Tridentini
439 1290 615 1350 delinitione
634 1309 725 1363 quam
745 1301 875 1363 systema
894 1291 1128 1364 scholasticum;
1148 1311 1228 1361 nam,
1249 1293 1280 1350 in
1300 1293 1351 1348 hoc

240 1389 412 1456 systemate,
425 1387 531 1449 praeter
543 1377 719 1448 accidentia,
733 1389 867 1436 remanet
884 1379 985 1450 aliqua
998 1379 1175 1450 substantia,
1188 1381 1250 1438 scil
1265 1389 1349 1436 mate·
1363 1389 1364 1434 Ξ

241 1469 284 1526 ria
304 1463 564 1536 imponderabilis,
586 1482 642 1522 nec
665 1465 791 1537 proinde
814 1473 875 1521 tam
899 1465 1030 1537 perietie
1052 1465 1245 1524 verificantur
1267 1465 1364 1524 verba

244 1557 262 1628 .“
271 1549 463 1610 manentibus
475 1549 626 1607 deeoetaxat
637 1550 796 1623 speciebus
807 1551 832 1608 ’'.

280 1635 473 1707 Caeteroquin
493 1636 628 1708 latemur,
652 1655 720 1693 cum
744 1637 841 1694 Pescla
863 1639 904 1710 (n.
927 1641 991 1710 714)
1018 1639 1120 1696 “hanc
1143 1641 1346 1711 quaestionem.

243 1723 381 1798 quomodo
393 1722 508 1794 species
521 1723 588 1791 sint,
602 1742 667 1782 esse
679 1741 760 1781 mere
776 1725 990 1795 speculativam
1009 1735 1038 1783 et
1057 1725 1310 1799 philosophicam,
1322 1728 1346 1781 in

244 1831 306 1888 quo
319 1812 413 1886 possit
425 1814 631 1883 unusquisque
643 1811 797 1870 abundare
814 1813 843 1868 in
860 1830 915 1870 suo
933 1830 1032 1880 sensu,
1044 1813 1213 1872 dummodo
1231 1813 1346 1885 objecti-

244 1917 311 1958 vam
325 1897 487 1957 realitatem
508 1899 673 1970 specierum
693 1899 733 1955 ita
752 1909 870 1966 statuat,
887 1910 920 1958 ut
936 1899 1083 1959 doetrinae
1102 1902 1271 1960 traditionis
1283 1901 1345 1958 satis

245 1987 297 2046 fiat
308 1987 332 2044 ”.

273 2116 322 2174 ll.
348 2112 402 2172 De
426 2110 538 2170 modo
559 2122 637 2182 quo
661 2109 844 2171 Christus
867 2113 1004 2171 exlstit
1026 2111 1100 2171 sub
1124 2113 1323 2185 speciebus

648 2207 952 2266 eucharistlcls1.

291 2338 346 2402 Ad
362 2336 600 2417 explicandum
618 2335 755 2397 modum
778 2355 843 2416 quo
866 2335 1017 2399 Christus
1033 2336 1149 2399 existit
1169 2339 1200 2399 in
1221 2337 1339 2399 Eucha-
1364 2346 1365 2360 ¹

247 2442 347 2514 ristih,
371 2451 436 2502 tres
460 2437 661 2520 quaestiones
684 2437 853 2501 solvendae
877 2448 977 2502 sunt:
1006 2451 1037 2501 ιο
1060 2450 1172 2503 utrum
1196 2441 1238 2502 sit
1261 2448 1340 2501 totus
1364 2467 1365 2472 κ

247 2543 309 2608 sub
325 2543 472 2624 qualibet
488 2541 618 2623 specie;
642 2553 677 2602 20
691 2541 863 2621 quomodo
878 2541 1024 2619 existat;
1049 2555 1084 2622 3⁰
1100 2562 1253 2626 quaenam
1269 2561 1339 2604 con·

247 2647 387 2711 setiaria
402 2666 421 2708 e
436 2645 600 2709 catholico
614 2645 775 2726 dogmate
791 2643 920 2707 fluant?

287 2797 336 2866 45,
377 2799 406 2846 1⁰
424 2787 523 2846 Tlese's
537 2811 549 2846 .·
570 2783 737 2849 Christus
758 2792 815 2850 est
835 2792 936 2850 totus
955 2787 1024 2852 sub
1045 2787 1203 2866 qualibet
1219 2781 1336 2864 specie,

248 2889 284 2950 et
298 2885 366 2949 sub
380 2883 534 2964 singulis
549 2882 725 2962 cujusque
739 2882 872 2961 speciei
888 2883 1050 2961 partibus
1062 2891 1145 2962 post
1156 2880 1338 2963 separatio·

248 2999 330 3045 nem
346 2981 489 3059 iactam,
505 2981 577 3042 imo
591 2987 677 3044 ante
691 2979 968 3057 separationem.
1012 2983 1098 3046 Duo
1106 2984 1233 3063 priores
1246 2998 1337 3042 osser·

248 3087 348 3147 tiones
369 3085 408 3146 de
420 3086 492 3165 fide
513 3094 597 3159 ment,
620 3085 718 3146 tertio
740 3095 849 3146 autem
872 3085 1039 3166 theologice
1060 3096 1169 3159 certa:
1192 3087 1238 3148 ait
1259 3081 1335 3144 enim

255 3185 342 3248 Trr'd.
359 3185 450 3264 (sess.
468 3187 568 3262 XlIl,
584 3207 655 3249 can.
673 3189 706 3266 3)
721 3209 727 3249 :
751 3187 815 3250 “Si
833 3187 907 3268 quis
927 3189 1107 3268 negaverit,
1123 3189 1155 3250 in
1171 3179 1334 3250 venerabili

249 3297 457 3351 sacramento
475 3288 693 3350 Eucharistiae
709 3289 771 3351 sub
787 3288 978 3370 evnaqudque
991 3291 1098 3371 specie,
1114 3299 1148 3352 et
1164 3289 1225 3351 sub
1239 3287 1335 3365 singa-

249 3391 291 3452 lis
312 3391 463 3472 casiasque
484 3389 598 3470 speciei
610 3391 772 3470 partibus,
788 3392 997 3472 separatione
1021 3389 1117 3468 sacia,
1135 3401 1239 3454 totum
1255 3385 1334 3452 Chri·

249 3505 337 3557 stum
354 3494 537 3556 contineri:
563 3493 603 3556 A.
620 3493 672 3557 53¹

291 3601 341 3682 46.
390 3598 455 3686 (A)
476 3603 585 3664 Prima
608 3621 693 3683 pars,
715 3623 759 3665 sc.
785 3601 936 3668 Chn'stus
958 3614 1006 3666 est
1027 3613 1112 3668 tolus
1133 3605 1191 3668 sub
1213 3597 1334 3684 qmilibet

249 3703 345 3784 specie
353 3703 514 3783 probatur

250 3807 300 3884 (a)
318 3805 434 3886 serpe.
457 3808 697 3890 “Quicumque
721 3810 970 3873 manducaverit
987 3831 1108 3894 panem
1125 3812 1221 3886 hunc,
1235 3808 1282 3872 vel
1294 3805 1329 3867 bi·

252 3907 335 3970 berit
351 3909 485 3973 calicem
505 3911 640 3974 Domini
658 3913 803 3993 indigne,
820 3936 893 3978 reus
907 3915 970 3978 erit
984 3917 1123 3998 corporis
1138 3926 1169 3979 et
1181 3909 1330 3996 sortgeu'nis

287 4077 294 4107 ¹
310 4079 340 4129 S.
362 4079 387 4128 T
384 4079 487 4148 horreas,
502 4095 517 4150 3
530 4097 556 4152 p.
570 4099 597 4152 q.
612 4085 663 4151 76;
682 4084 800 4146 Staures,
815 4085 886 4154 disp.
903 4099 997 4156 5¹·533
1014 4083 1106 4156 Lnga,
1120 4089 1191 4160 disp.
1205 4079 1327 4142 vlllll':

258 4165 287 4202 Ρ·
288 4163 437 4178 ’’’’’
459 4183 477 4218 s.
500 4167 548 4232 lV,
569 4183 596 4220 a.
613 4185 646 4230 ²3
667 4171 828 4240 Fronselt'n,
845 4171 884 4225 th.
908 4173 948 4224 xl
963 4193 970 4236 ;
988 4173 1022 4226 de
1033 4171 1216 4244 Augustianis,
1236 4173 1270 4226 th.
1284 4166 1313 4220 Vl
1323 4181 1327 4214 ῑ

483 4269 496 4303 ·.
512 4265 563 4317 ⁴03
577 4267 630 4320 sq.;
650 4251 818 4322 Dolgrrirns,
831 4272 877 4327 op.
893 4259 940 4312 cit.
957 4275 983 4328 p.
1003 4272 1051 4328 115
1065 4277 1107 4330 sq.
