2770 4646
256 163 321 216 208
699 165 838 217 CAPUT
855 166 908 216 IV.

257 359 286 401 n.
302 354 342 420 95
359 361 365 417 ;
395 340 597 422 probabilius
620 342 808 406 admittitur
829 353 946 406 contra
964 341 1193 416 catharinam,
1208 339 1333 410 Drouin,

256 453 290 506 et
317 444 478 524 quosdam
506 445 588 508 alios
614 445 812 527 Theologos,
837 457 1012 510 externam
1039 445 1257 508 intentionem
1279 459 1334 503 non

257 546 413 610 sufficere.

299 661 349 728 97.
395 650 516 714 Prima
523 664 607 733 pars
623 654 790 736 probatur.
834 652 894 734 (A)
914 653 968 715 Ex
986 652 1112 733 Script,
1128 661 1334 713 sacramento

258 772 330 816 rum
354 754 639 818 administratores
662 777 727 818 non
753 765 830 819 sunt
853 776 942 818 mera
966 756 1189 818 instrumenta
1212 754 1334 834 passiva,

259 857 316 918 sed
330 856 452 921 Christi
467 859 616 936 ministri,
627 860 697 940 ejus
711 861 845 924 nomine
858 870 891 922 et
904 869 1064 940 tanquam
1082 858 1183 941 legati
1196 865 1333 938 agentes:

260 960 344 1025 “Sic
361 983 422 1024 nos
437 964 608 1028 existimet
625 965 733 1040 homo,
750 975 786 1028 ut
803 965 971 1027 ministros
988 963 1120 1038 Christi,
1133 973 1166 1026 et
1182 964 1333 1044 dispensa·

259 1073 347 1127 tores
364 1068 595 1148 mysteriorum
612 1069 676 1131 Dei
687 1070 702 1094 ''
715 1081 746 1145 ¹;
774 1068 878 1132 “Hoc
903 1067 1001 1130 sacite
1025 1068 1056 1130 in
1081 1085 1191 1129 meam
1209 1083 1332 1128 comme·

261 1171 480 1233 morationem
492 1172 551 1248 ”23
574 1174 663 1252 quod
685 1172 792 1253 magis
812 1172 913 1235 etiam
932 1179 1070 1252 apparet
1090 1171 1123 1232 in
1143 1167 1333 1232 Poenitentiae

261 1283 477 1348 sacramento,
494 1275 526 1336 in
543 1293 610 1354 quo
626 1275 815 1337 sacerdotes
834 1285 911 1336 sunt
929 1273 1078 1355 judices;
1101 1273 1194 1354 atqui
1214 1267 1332 1333 ministri

262 1393 327 1436 non
345 1385 484 1456 possunt
500 1397 597 1457 agere
613 1379 747 1441 nomine
765 1377 897 1453 Christi,
913 1387 947 1440 et
970 1387 1127 1458 tanquam
1150 1375 1222 1456 ejus
1244 1371 1334 1453 legati,

262 1477 288 1538 si
306 1478 420 1560 jocose
440 1487 570 1544 tantum
592 1479 766 1561 perficiunt
783 1481 882 1546 ritum
899 1478 1173 1542 sacramentalem
1189 1499 1196 1554 ;
1218 1477 1262 1539 sic
1276 1497 1299 1536 v.
1312 1493 1334 1553 g.
1375 1491 1376 1502 ¹

263 1579 401 1661 alicujus
418 1581 503 1662 regis
524 1581 625 1663 legati
648 1582 792 1645 invalide
809 1601 942 1665 prorsus
958 1591 1104 1663 agerent,
1121 1581 1148 1642 si
1172 1599 1238 1642 non
1260 1577 1336 1644 serio,
1375 1641 1376 1654 ,

264 1685 321 1746 sed
336 1684 449 1765 jocose
465 1696 595 1748 tantum
609 1706 669 1748 suo
686 1706 821 1749 munere
838 1685 1073 1767 fungerentur;
1095 1705 1184 1766 ergo.
1375 1759 1376 1774 ,

308 1785 365 1867 (B)
385 1785 508 1850 Tradit.
555 1788 605 1869 (a)
619 1788 673 1850 Ex
690 1787 781 1852 Trid.
793 1809 892 1871 supra
908 1789 1019 1862 citat0,
1032 1787 1074 1850 ad
1090 1785 1283 1851 sacramenti
1293 1804 1337 1844 ra·
1375 1853 1376 1880 ,

265 1889 378 1966 lorem,
389 1890 563 1970 requiritur
575 1893 716 1955 intentio
729 1891 870 1954 faciendi
883 1892 972 1973 quod
987 1891 1065 1954 facit
1076 1891 1242 1966 Ecclesia;
1262 1887 1337 1968 atqui

267 1992 416 2056 Ecclesia
436 2005 524 2057 certe
543 2015 607 2057 non
629 1996 772 2059 intendit
793 1995 895 2078 jocari
912 2019 919 2075 ;
946 2015 1033 2078 ergo.
1081 1991 1138 2079 (b)
1160 1995 1291 2074 Insuper
1303 2009 1337 2050 ex

271 2095 302 2158 Τ
299 2097 360 2160 rid.
377 2097 523 2162 invalida
539 2107 589 2159 est
612 2098 778 2162 absolutio
793 2099 872 2161 data
895 2119 915 2160 a
934 2099 1106 2170 sacerdote
1129 2098 1185 2179 qui
1210 2097 1339 2158 animum

267 2220 331 2263 non
345 2200 446 2264 habet
458 2201 543 2263 serio
556 2202 675 2283 agendi
689 2211 723 2286 et
735 2222 809 2264 vere
821 2201 1013 2264 absolvendi
1027 2203 1118 2284 (sess.
1127 2201 1225 2276 XIV,
1235 2219 1296 2279 cap.
1305 2197 1339 2274 6)

267 2305 338 2366 Nec
355 2303 453 2385 objici
470 2313 580 2386 potest
597 2304 629 2369 S.
648 2303 781 2367 Genesii
798 2302 931 2380 sedtum,
947 2305 1004 2386 qui
1021 2304 1154 2368 mImice
1170 2303 1341 2384 baptizatus

267 2417 326 2482 est,
338 2407 389 2469 vel
405 2409 497 2489 pueri
514 2429 533 2470 a
547 2407 579 2472 S.
594 2407 781 2471 Athanasio
798 2409 829 2471 in
848 2408 926 2471 ludo
943 2408 1113 2489 baptizati,
1125 2408 1212 2490 quia,
1225 2408 1251 2468 si
1266 2402 1340 2486 quod

268 2521 418 2574 narratur
432 2531 545 2573 verum
562 2521 621 2586 est,
638 2511 823 2594 baptismus
845 2513 877 2574 in
900 2522 1040 2593 utroque
1061 2531 1139 2576 casu
1157 2512 1282 2575 validus
1296 2507 1341 2568 ha·

268 2615 356 2677 bitus
373 2613 433 2676 suit
449 2616 585 2695 praecise
597 2616 675 2698 quia
692 2615 882 2698 baptizandi
899 2617 1027 2679 sincera
1043 2617 1195 2692 intentio,
1207 2616 1301 2679 etiam
1316 2611 1341 2669 in

269 2717 422 2793 ludendo,
440 2736 505 2778 non
522 2717 679 2781 defuerat.

310 2821 359 2898 98
406 2819 643 2882 Prnb.secunda
645 2832 735 2901 pars.
782 2823 954 2905 Theologi‚
964 2841 1048 2903 quos
1058 2822 1297 2903 impugnamus,
1307 2817 1343 2878 sic

268 2933 431 3003 arguunt:
457 2921 506 3003 (a)
520 2922 717 2988 Sacerdotes
730 2925 762 2987 in
776 2935 1058 2989 sacramentorum
1072 2922 1345 2988 administratione

270 3025 348 3088 nihil
367 3024 454 3087 aliud
468 3035 546 3087 sunt
558 3025 620 3086 nisi
635 3025 757 3090 Christi
774 3027 915 3091 ministri
929 3027 980 3090 vel
998 3027 1109 3108 legati,
1121 3045 1182 3090 nec
1195 3045 1268 3088 vere
1284 3043 1344 3105 pro

269 3130 395 3191 ducunt
411 3128 562 3207 gratiam,
575 3128 632 3191 sed
650 3128 757 3192 solum
770 3126 934 3194 aitionem
950 3139 1088 3212 ponunt,
1101 3150 1144 3191 ex
1158 3132 1234 3211 qua,
1245 3125 1345 3210 positis

269 3231 440 3314 ponendis,
453 3231 559 3310 gratia
572 3233 756 3294 necessario
768 3235 931 3312 sequitur;
953 3234 1045 3315 atqui
1063 3233 1212 3295 minister
1224 3241 1257 3294 et
1272 3231 1346 3310 lega·

269 3345 331 3410 tus,
347 3333 531 3396 dummodo
547 3334 632 3396 serio
647 3345 823 3397 externum
841 3333 952 3400 aihum
969 3345 1106 3418 ponant,
1122 3334 1232 3397 valide
1248 3340 1346 3414 agunt,

269 3432 429 3516 quidquid
454 3431 496 3494 de
519 3452 632 3494 eorum
657 3433 841 3496 intentione
857 3435 921 3497 dici
944 3435 1067 3516 possit,
1092 3443 1125 3514 et
1145 3431 1347 3515 quemadmo-

269 3539 349 3601 dum
360 3535 416 3616 qui
427 3545 534 3615 stupae
546 3536 655 3615 ignem
667 3535 869 3612 admoveret,
882 3537 958 3599 licet
969 3537 1053 3599 intra
1063 3556 1100 3598 se
1109 3536 1248 3598 diceret:
1263 3532 1347 3596 “nolo

270 3651 306 3703 ut
322 3640 407 3729 ignis
424 3638 597 3700 comburat
614 3649 745 3720 stupam
753 3640 777 3718 ’',
794 3660 860 3702 non
878 3639 1037 3721 impedire
1053 3649 1166 3721 posset
1182 3641 1261 3722 quin
1278 3638 1348 3720 ignis

270 3763 365 3805 suum
383 3744 579 3823 produceret
592 3740 757 3817 odedum,
768 3743 1052 3822 quemadmodum
1066 3743 1167 3804 etiam
1181 3741 1296 3824 judex,
1305 3737 1346 3820 qui

271 3846 357 3908 serio
373 3846 573 3909 sententiam
590 3854 729 3906 externe
746 3845 980 3926 pronuntiavit,
996 3845 1067 3927 ejus
1082 3843 1239 3907 effeetum
1261 3847 1349 3924 impe·

271 3947 340 4009 dire
354 3946 476 4026 nequit,
488 3945 629 4008 dicendo
642 3947 727 4009 intra
740 3967 790 4009 se:
810 3948 912 4009 “nolo
922 3947 1083 4026 judicium
1098 3946 1211 4022 l'erre”,
1222 3949 1268 4010 ita
1280 3945 1347 4030 pari·

271 4059 319 4112 ter
342 4047 398 4129 qui
423 4049 594 4110 materiam
616 4059 649 4110 et
672 4048 812 4111 sormam
837 4052 1035 4114 sacramenti
1060 4051 1145 4112 serio
1168 4051 1274 4133 ponit,
1290 4050 1348 4112 licet

307 4261 312 4282 ¹
327 4254 347 4305 I
357 4253 419 4306 Cor.
438 4251 489 4317 IV,
505 4270 528 4305 r.
543 4283 578 4292 -
590 4253 600 4282 ²
614 4255 679 4308 Luc.
695 4257 793 4323 XXII,
810 4272 849 4326 19.
