2752 4648
232 177 300 232 ³60.
665 179 807 231 CAPUT
821 179 845 229 1.

234 360 343 424 minus
354 369 414 434 est,
425 361 561 442 quando
578 360 658 425 illud
675 381 795 443 corpus
810 381 830 424 a
845 359 985 441 singulis
998 357 1150 423 fidelibus
1166 357 1304 437 integrum

234 464 390 546 recipitur
412 473 445 527 et
472 464 667 539 comeditur,
689 483 813 546 eosque
838 463 999 527 divinitus
1026 463 1129 525 nutrit
1155 457 1306 543 quincius

234 565 336 628 virtus
353 585 499 648 unquam
516 565 752 644 exhauriatur;
778 574 821 641 et,
837 565 926 647 quod
944 574 1033 628 certe
1049 565 1168 628 mirum
1184 571 1238 636 est,
1251 560 1307 622 hac

234 667 347 730 omnia
363 667 527 732 mirabilia
543 687 609 730 non
626 668 738 744 semel,
754 669 812 732 sed
829 669 987 750 quotidie,
1003 689 1070 732 non
1087 669 1130 732 ab
1147 687 1210 730 uno
1223 683 1307 728 sacer-

234 769 323 844 dote,
332 772 390 834 sed
403 771 446 834 ab
457 770 614 834 omnibus
629 771 864 852 producuntur.
912 771 1034 834 Nonne
1050 771 1172 853 pariter
1184 765 1309 832 mirabile

235 881 285 935 cst
300 871 485 936 accidentia
500 872 571 935 sine
587 871 739 954 subjedto
760 873 792 935 in
815 873 932 956 seipsis
947 875 1139 948 consistere,
1153 887 1310 950 omnesque

236 975 406 1057 passiones
429 983 463 1038 et
487 975 720 1057 impressiones
736 975 880 1057 recipere
895 975 1016 1058 quibus
1031 975 1217 1039 substantia
1235 970 1311 1054 panis

235 1077 351 1140 etvini
367 1077 583 1158 subjiceretur
594 1083 628 1140 ¹?
674 1077 763 1142 Sane
778 1076 830 1140 his
846 1078 997 1142 omnibus
1015 1079 1108 1141 Deus
1123 1098 1159 1140 se
1175 1076 1312 1140 uniuersa

236 1188 363 1244 naturae
378 1181 552 1245 dominum
569 1179 724 1244 declarat.

250 1343 254 1350 ·
278 1307 327 1386 69.
382 1308 443 1391 (B)
471 1307 684 1390 Sapientiam.
739 1309 912 1391 Sapientia
938 1310 1089 1373 consistit
1116 1309 1148 1371 in
1175 1304 1314 1370 eledlione

236 1413 355 1494 optimi
379 1411 453 1475 finis
469 1421 503 1475 et
518 1416 596 1494 apta
613 1411 823 1476 ordinatione
843 1413 1028 1476 mediorum
1052 1413 1094 1476 ad
1119 1410 1212 1474 illum
1233 1407 1313 1470 finem

237 1515 478 1596 attingendum.
525 1515 626 1577 Porro
641 1513 716 1576 finis
732 1535 751 1576 a
765 1514 899 1579 Christo
915 1515 1062 1578 intentus
1079 1515 1111 1576 in
1126 1507 1315 1576 Eucharistil

237 1618 383 1699 optimus
404 1625 464 1692 est,
484 1636 560 1678 cum
586 1616 666 1678 nihil
689 1617 779 1681 aliud
804 1618 847 1680 sit
871 1617 933 1680 nisi
957 1617 1031 1680 finis
1054 1636 1154 1699 quern
1178 1613 1237 1677 sibi
1258 1630 1315 1694 pro·

239 1728 393 1802 posuerat
409 1719 441 1780 in
460 1719 696 1794 incarnatione,
708 1740 751 1783 sc.
763 1713 903 1801 gloriam
922 1720 985 1783 Dei
1002 1728 1035 1782 et
1051 1719 1195 1783 salutem
1210 1716 1313 1786 enima-

239 1841 310 1885 rum
327 1840 544 1904 promovere;
570 1821 705 1885 aliunde
721 1823 831 1886 media
853 1825 895 1886 ad
917 1823 1005 1887 hunc
1027 1821 1126 1885 finem
1146 1818 1248 1885 cletta
1261 1836 1316 1879 om·

239 1915 326 1989 nino
341 1924 488 1988 efficacia
511 1935 609 2000 sunt;
636 1926 800 2006 siquidem
818 1927 911 1989 Deus
927 1926 1055 2009 optime
1078 1923 1275 2008 glorificatur
1292 1919 1315 1979 in

239 2028 420 2092 innumeris
436 2028 604 2104 altaribus,
615 2029 647 2090 in
660 2030 781 2110 quibus
793 2029 849 2093 diu
864 2027 1031 2111 nodluque
1042 2028 1193 2094 Christus
1209 2041 1316 2107 perma·

239 2141 306 2206 net,
322 2133 453 2194 Patrem
472 2130 641 2194 laudando
656 2151 694 2193 ac
711 2132 878 2213 precando
894 2132 1030 2194 nomine
1045 2131 1202 2206 nostri,ct
1218 2123 1316 2190 infiniti
1361 2195 1362 2202 ἵ

239 2234 359 2298 valoris
375 2231 570 2296 sacrificium
588 2231 771 2310 offerend03
794 2234 845 2296 vel
861 2236 962 2297 etiam
980 2235 1052 2314 pias
1068 2231 1246 2297 excitando
1260 2226 1316 2292 anl-
1361 2205 1362 2299 l

241 2358 312 2400 mas
329 2345 365 2399 ut
381 2355 492 2400 secum
511 2335 621 2398 Deum
639 2336 870 2418 magnificent:
893 2342 910 2368 “
922 2335 1139 2418 Magnificate
1155 2333 1317 2398 Dominum

242 2457 382 2513 mecum,
397 2448 431 2500 et
446 2436 634 2501 exaltemus
651 2457 772 2500 nomen
790 2437 862 2519 ejus
878 2439 910 2500 in
929 2438 1073 2519 idipsum
1085 2438 1133 2502 '’2.
1187 2438 1265 2498 item
1279 2450 1319 2492 sa·
1360 2483 1361 2526 ἶ

242 2540 291 2604 lus
307 2540 492 2603 animarum
510 2550 730 2622 promovetur,
741 2542 820 2622 quia
831 2541 983 2604 Christus
999 2541 1031 2603 in
1045 2540 1141 2603 altari
1158 2551 1320 2602 remanens,

241 2647 283 2708 ad
300 2663 335 2705 se
352 2643 453 2707 trahit
469 2645 606 2720 animas,
618 2645 697 2726 ipsis
714 2645 815 2707 vitam
832 2663 927 2707 suam
946 2644 1094 2720 instillat,
1107 2663 1169 2706 suo
1183 2635 1320 2720 exemplo

241 2748 285 2811 ad
296 2748 451 2813 uirtutem
469 2748 594 2823 incitat,
604 2757 637 2811 et
654 2769 712 2829 per
724 2768 818 2811 suam
835 2748 977 2828 gratiam
995 2746 1067 2809 illas
1083 2757 1199 2810 contra
1214 2743 1321 2827 passio

242 2871 300 2914 nes
324 2851 477 2927 roborat;
504 2870 592 2926 nam,
608 2850 701 2933 “Qui
727 2852 907 2915 manducat
931 2871 1039 2914 meam
1056 2870 1189 2914 carnem
1205 2859 1237 2911 et
1254 2841 1320 2908 bibit
1359 2883 1360 2944 p

243 2974 353 3017 meum
370 2954 576 3035 sanguinem,
592 2955 623 3016 in
643 2973 696 3016 me
713 2965 825 3019 manet
841 2964 875 3019 et
891 2974 955 3036 ego
971 2955 1003 3016 in
1021 2953 1077 3016 illo
1090 3004 1097 3017 .
1110 3003 1135 3018 ..
1150 2953 1205 3036 qui
1229 2953 1321 3013 manet
1359 2945 1360 2967 ¹

242 3059 274 3120 in
293 3067 394 3120 meet
410 3058 522 3138 egoin
539 3077 588 3134 eo,
604 3057 656 3119 hic
674 3057 736 3120 fert
754 3056 895 3122 frudlum
913 3057 1056 3120 multum
1069 3059 1115 3119 '’3.

285 3193 334 3261 70.
381 3181 438 3262 (C)
463 3181 645 3244 Bonitatem
663 3206 674 3246 :
702 3183 839 3245 Bonitas
862 3184 893 3244 in
916 3181 1219 3245 communicatione
1239 3179 1323 3241 bono-
1358 3237 1359 3256 ,

243 3307 314 3349 rum
331 3296 480 3368 apparet,
491 3297 525 3349 et
541 3306 580 3348 eo
594 3287 700 3368 magis
714 3287 869 3350 elucescit
886 3305 953 3368 quo
969 3285 1096 3367 majora
1113 3285 1201 3347 bona
1215 3283 1324 3345 donau·
1358 3259 1359 3298 ¹

242 3401 307 3466 tur;
331 3409 408 3455 nam
425 3388 550 3451 bonum
567 3399 617 3451 est
633 3391 682 3451 sui
700 3387 899 3452 diffusivum.
950 3388 1064 3470 Atqui,
1079 3388 1111 3450 in
1127 3379 1324 3450 Eucharistii.

244 3494 336 3556 Deus
352 3491 454 3556 veluti
471 3491 604 3572 profuse
620 3511 680 3554 sua
696 3490 784 3552 bona
801 3492 897 3554 nobis
917 3492 1055 3572 largitur
1073 3512 1080 3552 ε
1107 3491 1158 3570 (a)
1177 3481 1324 3568 Imprimis

244 3595 421 3676 unicuique
438 3601 586 3656 nostrum
607 3593 708 3655 tradit
725 3591 846 3655 Filium
869 3613 963 3656 suum
987 3591 1204 3672 unigenitum,
1220 3579 1323 3652 Christi

244 3698 407 3780 siquidem
425 3717 543 3777 corpus
559 3707 593 3758 et
609 3697 816 3777 sanguinem,
827 3698 894 3759 imo
910 3697 1057 3759 animam
1074 3705 1108 3758 et
1123 3694 1324 3759 divinitatem.

245 3801 291 3862 ita
307 3807 342 3861 ut
360 3799 455 3862 liceat
472 3800 590 3861 iterum
603 3797 811 3861 exclamare:
835 3799 919 3864 “Sic
937 3798 1030 3860 Deus
1045 3797 1165 3860 dilexit
1182 3791 1322 3859 mundum

281 3997 289 4028 ¹
303 4001 423 4067 Lessius,
437 4019 482 4070 op.
498 4003 544 4056 cit.
561 4012 589 4056 et
608 4013 672 4071 post
685 4019 750 4056 eum
762 4003 855 4056 Faber
866 4002 921 4072 (op.
938 4003 983 4057 cit.
999 4020 1024 4072 p.
1040 4004 1085 4070 7¹)
1098 4001 1244 4057 duodecim
1259 3995 1324 4050 min·

246 4087 310 4140 cula
323 4098 479 4153 numerant,
493 4087 549 4141 duo
561 4089 637 4142 circa
650 4087 838 4142 substantiam
852 4087 934 4157 panis
947 4097 976 4142 et
989 4085 1055 4152 vini,
1069 4087 1127 4141 duo
1141 4087 1214 4141 circa
1226 4077 1321 4153 spetiei

248 4183 296 4220 sex
309 4168 384 4220 circa
395 4185 498 4236 corpus
514 4171 638 4236 Domini,
652 4182 679 4226 et
693 4172 749 4224 duo
762 4171 837 4226 circa
850 4181 1073 4226 consecrantem.

291 4256 293 4260 '
308 4255 354 4306 l's.
367 4255 509 4321 xxxl11,
522 4271 548 4320 4.
563 4285 594 4294 -
605 4263 615 4294 ³
621 4259 688 4326 Joa,
700 4259 750 4324 Vl,
763 4273 806 4328 57;
827 4260 887 4326 XV,
902 4271 927 4328 5.
