2780 4646
509 173 582 226 ,ΒΕ
600 173 774 224 MERITO.
1097 173 1167 224 Ι139

116 365 182 432 195
231 365 266 414 2⁰
281 353 427 416 Ratione.
474 355 513 416 In
532 355 624 418 omni
644 356 884 418 communitate
903 355 988 418 bene
1004 355 1167 426 ordinata,

75 455 226 516 convenit
241 465 278 518 ut
295 457 443 519 membra
459 458 500 519 ad
518 457 642 519 bonum
660 457 837 520 incitentur
853 477 911 538 per
926 457 1072 538 praemia,
1087 476 1165 538 ope-

75 555 159 616 ribus
175 558 243 618 suis
259 559 519 639 proportionata.
567 559 671 640 Atqui
688 559 866 623 Christiani
883 557 1060 622 efformant
1075 579 1165 620 com·
1262 557 1266 567 ⁴

75 659 269 722 munitatem
286 661 500 741 spiritualem,
515 660 608 742 cujus
626 663 718 726 Deus
741 664 810 744 ipse
834 659 941 726 testor
959 672 1019 738 est,
1034 672 1067 724 et
1090 681 1164 742 quae

74 762 209 840 proinde
231 765 355 844 optime
377 775 428 828 est
450 765 609 827 ordinata.
657 765 748 846 Ergo
773 766 927 828 convenit
954 775 990 827 ut
1017 765 1165 826 membra

75 863 153 926 illius
177 867 346 928 societatis
366 868 513 948 ‚praemiis
537 867 716 930 incitentur
738 869 780 930 ad
805 867 939 942 bonum,
962 887 1000 929 ac
1027 865 1164 947 proinde

74 968 186 1029 mereri
208 970 345 1049 possint.
394 970 463 1032 Nec
486 969 623 1044 dicatur,
647 989 722 1032 cum
748 969 1018 1042 Protestantibus,
1040 968 1163 1031 nullam

73 1072 319 1149 proportionem
343 1091 415 1134 esse
438 1073 522 1134 inter
545 1091 645 1153 opera
669 1081 782 1135 nostra
806 1081 838 1134 et
862 1073 963 1134 vitam
988 1081 1165 1145 aeternam;

73 1169 130 1233 hoc
159 1174 248 1234 enim
276 1193 390 1237 verum
421 1185 471 1238 est
498 1175 631 1255 quidem
664 1176 690 1236 si
722 1195 822 1255 opera
854 1184 966 1237 nostra
994 1174 1028 1234 in
1053 1173 1166 1252 seipsis

73 1269 280 1350 spettentur;
302 1275 360 1337 sed
376 1278 403 1339 si
419 1277 666 1340 considerentur
683 1287 780 1359 prout
799 1276 982 1357 procedunt
997 1295 1041 1338 ex
1058 1275 1164 1355 gratia

73 1377 192 1438 asinali
212 1379 357 1461 Spiritus
376 1380 418 1452 S,
434 1399 494 1442 nos
514 1381 676 1442 moventis
699 1381 732 1441 in
754 1381 856 1444 vitam
879 1391 1047 1454 aeternam,
1063 1380 1163 1440 virtu·

73 1489 134 1540 tem
151 1483 436 1563 supernaturalem
453 1483 624 1546 habentui
640 1483 791 1562 cujusad
809 1491 970 1546 aeternum
988 1481 1162 1565 praemium

74 1587 316 1664 proportionem
336 1586 468 1660 habent,
482 1586 581 1667 juxta
605 1585 704 1648 illud:
728 1587 829 1648 “Fiet
853 1587 947 1647 ineo
972 1583 1043 1646 lons
1067 1602 1163 1664 aquae

73 1685 214 1750 salientis
231 1689 263 1750 in
281 1689 383 1751 vitam
400 1700 557 1753 aeternam
570 1689 607 1732 ”¹
625 1711 631 1766 ;
654 1689 772 1751 iterum
796 1689 822 1750 si
846 1688 1038 1752 attendatur
1056 1686 1164 1768 digni-

73 1795 119 1847 tas
134 1791 250 1869 gratiae
266 1789 451 1864 habitualis,
466 1813 509 1854 ex
526 1795 592 1873 qua
609 1791 730 1873 pariter
751 1792 944 1873 procedunt,
960 1791 1048 1854 idem
1069 1789 1162 1851 intel-

73 1887 198 1968 ligitur;
219 1913 298 1956 nam
315 1913 461 1975 peream
479 1896 600 1957 divinae
616 1893 777 1958 efficimur
791 1903 960 1958 consortes
978 1905 1113 1967 naturae,
1129 1893 1162 1955 iu

74 1989 150 2056 filios
179 1998 388 2077 adoptamur,
416 1997 577 2079 nobisque
603 1997 743 2059 debetur
771 1996 936 2060 hereditas
966 2007 1091 2059 aeterna
1120 2016 1162 2056 ex

74 2093 138 2174 ipso
158 2098 232 2178 jure
255 2100 468 2183 adoptionis:
491 2100 553 2164 “Si
578 2099 644 2174 filii,
667 2109 700 2162 et
726 2099 863 2162 heredes
873 2099 888 2124 ''
919 2095 972 2182 (S.
1001 2099 1058 2160 Tlr.
1087 2115 1109 2159 1.
1135 2115 1161 2160 2.

72 2217 98 2276 u·
118 2217 183 2278 1¹4,
203 2222 230 2264 a
250 2203 291 2282 al·
677 2203 681 2208 ’
1044 2201 1048 2206 ’

104 2331 154 2392 19⁶
195 2333 357 2390 Solvuntur
375 2331 560 2404 difficultates.
599 2333 648 2404 (Α)
673 2333 741 2390 Vita
764 2344 872 2391 reterna
894 2349 974 2404 saepe
999 2331 1106 2403 saepius
1132 2331 1161 2387 in

73 2413 214 2488 Scriptura
226 2430 347 2478 vocatur
359 2421 506 2478 hereditas
515 2440 524 2492 ;
542 2421 623 2492 atqui
643 2419 790 2478 hereditas
809 2437 869 2478 non
888 2419 975 2478 datur
992 2437 1028 2476 ex
1047 2418 1160 2485 merito,

72 2504 118 2560 sed
131 2523 165 2562 ex
178 2507 244 2565 solo
255 2509 320 2578 jure
333 2507 488 2565 filiationis.
527 2509 616 2579 Ergo.
656 2507 741 2579 Resp.
763 2508 832 2565 Vita
845 2506 1161 2576 aeternavocaturqui-

72 2588 133 2646 dem
146 2592 304 2662 hereditas,
319 2595 371 2653 sed
385 2607 506 2654 vocatur
518 2596 606 2653 etiam
621 2613 727 2665 merces,
745 2607 878 2667 utsupra
897 2594 1101 2662 ostendimus;
1120 2593 1162 2651 di-

72 2675 139 2734 citur
152 2680 310 2748 hereditas,
325 2683 394 2753 quia
408 2700 467 2740 non
481 2683 568 2740 datur
587 2681 640 2738 nisi
661 2681 727 2738 liliis
747 2682 803 2740 Dei
821 2683 925 2740 saltem
939 2681 1095 2752 adoptivis,
1109 2680 1161 2738 sed

72 2775 185 2822 vocatur
197 2768 286 2825 etiam
301 2786 421 2840 merces
437 2769 507 2840 quia
522 2770 613 2834 Deus,
629 2785 683 2825 nos
695 2767 870 2840 adoptando
884 2769 913 2824 in
927 2767 1009 2836 lilios,
1026 2785 1162 2839 expresse

71 2850 152 2920 exigit
169 2865 201 2910 ut
217 2853 412 2913 hereditatem
431 2855 508 2912 illam
530 2856 615 2913 bonis
634 2853 775 2926 operibus
795 2871 978 2912 mereamur:
998 2853 1162 2911 “Heredes

72 2938 186 3004 quidem
202 2941 269 3009 Dei,
284 2942 446 3001 coheredes
459 2953 557 3001 autem
573 2941 693 3010 Christi,
705 2942 733 2998 si
749 2953 849 2999 tamen
866 2939 1064 3012 compatimur
1083 2951 1113 2998 ut
1132 2951 1161 2999 et

71 3026 323 3096 conglorificemur
332 3029 346 3054 ''
357 3036 375 3086 ².

103 3129 154 3184 197.
193 3117 243 3186 (B)
257 3115 324 3172 Vita
337 3127 445 3174 aetema
457 3117 543 3174 datur
559 3134 594 3174 ex
614 3115 813 3174 misericordia
827 3136 832 3171 :
856 3115 943 3186 “Qui
956 3128 1078 3174 coronat
1091 3125 1119 3173 te
1133 3116 1161 3172 in

72 3199 265 3259 misericordia
275 3203 291 3227 ''
299 3205 317 3259 ³.
351 3203 431 3274 Ergo
444 3220 504 3260 non
518 3221 552 3260 ex
566 3202 679 3258 merito.
712 3201 797 3272 Resp.
809 3220 877 3272 nego
885 3219 987 3272 conseq.
993 3223 1005 3268 ,·
1023 3220 1091 3258 nam
1102 3203 1161 3260 vita

72 3295 171 3344 aeterna
183 3288 271 3346 datur
284 3288 371 3347 simul
384 3307 419 3347 ex
432 3288 640 3357 misericordia,
657 3299 686 3345 et
705 3305 740 3344 ex
755 3289 869 3359 justitia
882 3309 888 3344 :
908 3306 943 3344 ex
955 3288 1156 3358 mr'serr‘cordrii,

72 3385 210 3440 quatenus
223 3365 305 3434 Deus
317 3395 353 3434 ex
366 3376 446 3433 meri
459 3375 590 3433 bonitate
603 3375 741 3432 concedit
754 3373 840 3433 nobis
852 3375 974 3446 gratiam
987 3374 1045 3445 qui
1056 3376 1160 3432 mereri

73 3473 231 3530 possumus,
247 3473 277 3520 et
289 3463 410 3534 insuper
426 3479 461 3519 ex
480 3461 612 3519 bonitate
631 3461 775 3532 promittit
793 3461 1059 3519 remunerationem
1078 3473 1158 3518 aeter-

73 3560 133 3603 nam
146 3565 199 3619 pro
212 3567 302 3620 opere
316 3560 540 3620 momentaneo;
558 3548 611 3606 sed
624 3548 711 3605 datur
723 3547 892 3619 exjustiuit,
904 3561 1049 3618 quatenus
1065 3547 1156 3614 Deus,

73 3632 160 3697 posita
179 3635 375 3706 promissione
393 3639 457 3706 sua,
472 3646 589 3693 tenetur
609 3651 644 3691 ex
661 3634 766 3691 virtute
783 3633 931 3691 fidelitatis
950 3650 1041 3702 opera
1059 3645 1158 3690 nostra

73 3721 295 3788 supernaturalia
307 3740 497 3786 remunerare.

103 3807 153 3869 19⁸.
186 3807 235 3878 (C)
246 3807 306 3880 Qui
320 3826 424 3888 servus¹
433 3809 544 3865 inutilis
557 3817 609 3875 est,
618 3825 677 3865 non
690 3816 786 3880 potest
799 3805 912 3863 mereri.
952 3805 1044 3876 Atqui
1053 3807 1155 3876 iustus,

74 3891 152 3950 etiam
170 3895 292 3966 quando
310 3906 459 3968 praecepta
476 3895 629 3967 adimplet,
642 3912 742 3951 servus
761 3905 805 3950 est
824 3887 942 3962 inutilis,
963 3893 1044 3962 juxta
1063 3893 1154 3952 illud:

74 3977 92 4036 ¹.‘
101 3977 172 4038 Curn
187 3981 313 4040 feceritis
325 3982 426 4038 omnia
439 3999 506 4053 quae
519 3991 667 4053 praecepta
681 3991 749 4037 sunt
762 3979 856 4049 vobis,
871 3979 979 4037 dicite:
999 3981 1072 4036 servi
1092 3980 1155 4038 inu-

74 4062 290 4126 tilessumus’'⁴.
375 4111 377 4116 .
444 4109 466 4118 „
1022 4095 1023 4099 ¹

105 4261 184 4330 Ἴσα.
202 4265 251 4332 tv,
267 4263 373 4330 14.-²
386 4265 463 4320 Rom.
478 4265 561 4330 Vlll,
575 4277 613 4330 17.
626 4265 736 4318 -3Ps.
752 4264 851 4330 Cll,4.
864 4263 991 4330 μιαί.
1005 4263 1100 4327 XVII,
1113 4278 1149 4316 ro.
