2752 4648
193 189 249 239 DE
267 189 486 241 MYermo
504 190 778 240 PRAESENTIAE
800 192 966 242 REM-IS.
1064 191 1129 244 367

727 311 762 318 —
799 311 989 316 —--.---—

48 373 79 425 ut
93 365 205 432 Filium
221 389 318 434 suum
336 371 545 452 unigenitum
561 372 656 434 daret
668 371 683 396 ’'
696 383 715 434 ¹.
764 373 818 434 Ex
834 392 902 453 quo
917 372 989 453 ejus
1013 372 1129 435 libera·

46 465 112 530 iitas
132 482 295 553 apparet:
320 493 396 536 curn
413 475 501 536 enim
520 475 588 536 vita
603 474 783 555 spiritualis
807 475 939 537 nonnisi
963 494 1022 557 per
1036 475 1128 539 Chri-

45 579 123 634 stum
144 573 250 650 datur,
273 577 410 640 modum
439 577 564 639 invenit
588 597 655 658 quo
678 577 706 639 ei
732 577 863 641 realiter
887 576 1128 660 conjungimur.

45 669 90 752 (b)
101 673 162 738 Sed
179 677 321 760 insuper,
331 699 406 742 curn
424 689 491 742 tres
507 679 629 742 divinae
646 699 796 761 personae
812 681 878 743 sint
895 700 1028 762 prorsus
1045 681 1129 742 inse·

45 777 204 855 parabiles,
221 781 320 844 Pater
335 789 369 844 et
386 779 529 863 Spiritus
549 780 647 845 simul
669 802 744 845 cum
764 781 848 845 Filio
869 783 901 844 in
920 783 1129 846 Eucharistia

45 881 166 958 speciali
183 885 285 947 modo
301 884 396 947 nobis
408 885 704 961 communicantur,
716 885 762 949 ita
774 895 810 950 ut
827 887 859 947 in
873 891 965 948 sacra
981 906 1128 950 commu-

46 981 133 1046 nione
148 994 254 1050 totum
269 987 378 1051 Deum
396 1007 472 1050 vere
488 988 726 1070 possideamus.
763 989 809 1068 (c)
822 989 984 1062 Tandem,
994 989 1129 1070 quando

46 1083 184 1150 Christus
200 1090 296 1153 nobis
311 1090 417 1166 datur,
432 1111 473 1154 eo
494 1091 567 1172 ipso
589 1091 736 1155 ditamur
751 1091 942 1155 coelestibus
958 1093 1128 1164 thesauris,

45 1207 118 1267 quos
132 1211 189 1273 per
205 1194 393 1275 passionem
410 1215 504 1258 suam
518 1195 613 1258 nobis
626 1195 812 1277 acquisivit;
835 1194 911 1257 hinc
927 1195 1042 1275 gratiae
1058 1213 1128 1256 orn-

46 1309 104 1366 nes,
117 1313 198 1375 quas
214 1295 368 1362 Salvator
391 1319 450 1380 pro
473 1299 569 1362 nobis
592 1299 711 1363 meruit
733 1299 764 1361 in
784 1298 939 1362 omnibus
964 1299 1128 1379 mysteriis

46 1395 112 1458 uitae
132 1419 207 1474 suae,
224 1401 319 1464 nobis
340 1403 636 1476 communicantur,
654 1411 687 1462 et
708 1399 843 1480 quidem
866 1399 1048 1462 seeundum
1071 1417 1128 1460 no-

46 1506 118 1561 stras
132 1502 368 1584 dispositiones
383 1516 418 1568 et
433 1505 710 1587 cooperationem.
758 1501 835 1564 Huc
851 1502 940 1564 enim
958 1509 1128 1564 recurrunt

47 1604 133 1667 verba
149 1607 181 1672 S.
200 1607 293 1671 Pauli
311 1633 318 1672 :
345 1608 553 1691 “Quomodo
570 1628 635 1670 non
652 1606 753 1669 etiam
769 1625 844 1667 cum
870 1604 927 1666 iilo
942 1605 1055 1667 omnia
1071 1623 1128 1665 no·

47 1702 88 1765 bis
102 1709 263 1773 donavit'’
274 1711 311 1772 2?
348 1712 437 1774 Hinc
453 1731 528 1775 curn
546 1710 732 1791 Augustino
747 1708 869 1771 addere
888 1708 964 1771 iicet
982 1733 989 1770 ε
1015 1707 1128 1772 “Cum

46 1808 122 1871 enim
136 1811 229 1874 Deus
245 1823 333 1876 esset
342 1813 596 1894 potentissimus,
606 1813 680 1894 pius
697 1810 803 1874 facere
820 1832 885 1874 non
902 1812 1029 1893 potuit;
1052 1831 1128 1874 cum

46 1922 121 1973 esset
134 1915 401 1994 sustentabimur,
413 1917 486 1999 plus
503 1916 610 1979 iacere
629 1913 788 1990 nescivit;
811 1933 886 1977 cum
903 1924 990 1977 esset
1005 1913 1130 1975 ditissi-

47 2031 117 2088 urus,
131 2017 205 2097 plus
220 2017 300 2080 dare
316 2038 381 2081 non
398 2019 514 2082 habuit
524 2019 547 2080 '’.

82 2125 125 2194 71.
172 2133 208 2182 2⁰
223 2121 279 2184 Ex
296 2132 389 2203 parte
403 2123 544 2185 luoruinis
559 2144 571 2184 :
599 2121 686 2184 lilud
710 2121 864 2183 convenit
887 2140 930 2182 ex
955 2129 1048 2201 parte
1071 2121 1128 2182 ho-

47 2220 133 2284 minis
145 2225 235 2304 quod
248 2225 386 2289 virtutes
398 2226 594 2290 christianas
607 2225 708 2301 sovet;
731 2224 824 2305 atqui
841 2223 1018 2304 praesentia
1034 2223 1129 2284 realis

46 2319 155 2390 Christi
180 2328 213 2390 in
232 2328 441 2394 Eucharistia
458 2329 641 2410 praecipuas
658 2328 804 2401 virtutes
820 2336 891 2388 tum
916 2323 1129 2405 theologicas,

47 2433 106 2489 tum
123 2431 265 2494 morales
281 2434 407 2514 optime
423 2433 520 2494 fovet,

81 2529 135 2610 (A)
160 2533 260 2596 Fides
282 2537 445 2614 fovetur:
487 2535 525 2596 Id
559 2533 647 2595 enim
680 2532 779 2595 fidem
808 2531 910 2593 nutrit
936 2531 1025 2611 quod
1052 2529 1130 2592 huie

46 2631 145 2696 virtuti
161 2647 358 2719 perpetuum
375 2639 569 2702 exercitium
587 2636 733 2718 praebet;
761 2635 850 2715 atqui
875 2634 921 2696 ita
936 2643 988 2696 est
1003 2635 1045 2696 de
1062 2633 1128 2696 Eu-

47 2731 197 2814 charistia,
211 2739 316 2803 multa
332 2742 419 2804 enim
437 2751 514 2803 sunt
530 2741 655 2802 creditu
672 2737 818 2801 difficilia
835 2737 866 2798 in
884 2737 946 2798 hoc
964 2738 1130 2817 mysterio,

46 2855 135 2914 quum
152 2844 285 2906 credere
299 2845 481 2908 debeamus
499 2843 667 2908 Christum
690 2841 819 2905 realiter
838 2849 1035 2921 praesentem
1058 2861 1129 2902 esse

46 2941 98 3004 sub
118 2947 290 3026 speciebus
312 2947 546 3021 eucharisticis
562 2946 714 3027 quamvis
737 2964 851 3007 sensus
876 2943 980 3006 nostri
1004 2943 1128 3006 nullam

48 3049 252 3113 mutationem
277 3051 309 3112 iu
334 3051 397 3113 iliis
420 3051 613 3132 percipiant,
628 3058 661 3112 et
685 3047 820 3129 quiderm
846 3054 953 3109 totum
975 3065 1047 3108 esse
1067 3047 1129 3109 sub

47 3151 179 3226 qualibet
201 3164 294 3236 parte
310 3154 470 3237 cujusque
485 3154 607 3235 speciei
629 3163 702 3232 etc.;
727 3161 761 3215 et
782 3152 853 3213 haec
869 3151 982 3212 omnia
998 3170 1062 3214 non
1080 3150 1129 3212 di-

48 3251 121 3316 rette
143 3278 162 3319 a
187 3257 271 3332 Deo,
294 3261 351 3321 sed
376 3258 419 3321 ab
442 3257 577 3320 homine
601 3255 723 3338 peragi,
746 3255 798 3317 cui
823 3254 989 3316 Dominus
1015 3273 1128 3315 conse·

47 3360 143 3421 crandi
160 3368 363 3442 potestatem
381 3362 481 3436 dedit,
498 3347 557 3423 nec
578 3359 690 3434 semei,
706 3359 764 3421 sed
786 3358 942 3438 quotidie.
992 3356 1129 3435 Insuper

48 3455 114 3522 iilud
138 3465 332 3545 mysterium
357 3463 456 3526 fidem
481 3465 639 3544 importat
661 3463 692 3523 in
710 3461 815 3524 multa
831 3460 896 3522 alia
913 3458 1079 3539 mysteria,
1096 3458 1127 3518 in

50 3557 302 3630 incarnationem
334 3568 446 3643 Verbi,
477 3568 508 3630 in
542 3566 831 3647 Redemptionem,
862 3563 893 3624 in
935 3561 1127 3641 mysterium

48 3657 96 3726 SS.
117 3667 313 3743 Trinitatis;
347 3678 507 3750 perpetuo
532 3669 631 3748 igitur
655 3667 735 3730 fides
763 3675 876 3730 nostra
899 3670 1073 3726 exercetur
1096 3663 1127 3724 in

49 3761 251 3846 Eucharistia
267 3782 301 3834 et
317 3772 440 3835 exinde
457 3771 649 3834 mirabiliter
665 3772 791 3846 crescit,
808 3767 991 3851 praesertim
1010 3766 1036 3826 si
1053 3786 1127 3828 cum

48 3866 206 3950 Apostolis
223 3874 372 3937 Domino
388 3875 536 3937 dicamus
556 3899 562 3937 ι
585 3881 600 3905 “
614 3875 755 3954 Adauge
773 3871 868 3934 nobis
885 3869 983 3932 fidem
995 3869 1041 3930 ¹³3.

79 3987 123 4054 72.
169 3979 229 4058 (B)
248 3978 330 4058 Spes
344 3977 485 4058 ungitur
500 4001 512 4042 .·
539 3978 622 4058 Spes
639 3979 727 4039 enim
750 3987 897 4038 versatur
918 3973 1004 4034 circa
1026 3971 1127 4034 beati-

47 4079 180 4144 tudinem
203 4090 363 4144 aeternam
385 4091 418 4142 et
441 4081 551 4144 media
573 4083 614 4142 ad
638 4079 727 4141 illam
752 4077 1005 4159 attingendam
1036 4077 1128 4155 atqui

73 4285 79 4316 ¹
85 4292 148 4358 Jon.
163 4294 219 4356 111,
235 4291 273 4345 16.
286 4321 318 4330 -
331 4298 342 4322 ²
354 4292 431 4346 Rom.
444 4292 469 4343 V
474 4291 527 4356 111,
543 4303 584 4355 32.
598 4319 630 4327 --
644 4289 730 4341 ³Luc.
744 4289 811 4340 XVI
819 4288 838 4354 1,
854 4303 876 4356 5.
