2770 4646
256 154 315 204 176
698 154 836 206 CAPUT
852 155 911 204 111.

256 333 328 395 aliis
344 331 460 408 verbis,
477 352 542 394 non
560 352 603 394 ex
620 330 797 396 sanctitate
813 333 962 409 ministri,
973 344 1030 396 aut
1043 335 1161 397 merito
1173 335 1343 416 suscipien-

255 435 307 510 tis,
331 434 388 498 sed
420 455 479 517 per
508 435 614 516 ipsam
646 436 792 499 matario
814 457 852 498 oc
867 437 989 516 sorraco
1014 438 1255 519 applicationem
1289 438 1344 500 rite

256 535 388 614 iactam,
404 558 444 600 eo
459 557 556 599 sensu
573 537 662 618 quod
679 539 810 619 signum
827 537 982 601 sensibile
998 560 1073 602 vere
1088 541 1228 621 gratiam
1245 541 1342 602 conti-

256 651 333 704 neat
350 651 383 704 et
398 640 556 715 conferat,
571 640 657 704 ultra
679 633 897 704 ministrantis
921 653 955 705 et
978 645 1166 724 recipientis
1187 645 1342 713 meritum,

255 743 426 808 durnnrodo
441 754 553 806 tamen
571 765 633 806 non
648 744 693 805 sit
707 745 788 819 abac,
806 744 863 807 sed
880 765 898 807 e
914 755 1029 808 contra
1052 747 1164 809 adsint
1179 747 1212 809 in
1228 747 1342 808 adultis

255 847 415 928 requisito
439 846 668 927 dispositioncs.
722 848 835 930 Igitur,
858 847 1020 928 quidquid
1046 849 1270 912 Protestantes
1296 869 1341 910 ca·

255 949 465 1023 lumnientur,
478 948 578 1030 juxta
594 949 791 1013 catholicam
809 947 1004 1026 doctrinam,
1021 953 1229 1032 requiruntur
1251 953 1341 1014 inter·

255 1072 307 1115 nae
331 1053 566 1134 dispositiones
593 1052 635 1114 ad
667 1049 867 1116 fructuosam
895 1056 1092 1116 sacramenti
1118 1055 1341 1136 receptionem,

253 1156 311 1218 sed
329 1155 393 1218 illae
409 1155 646 1238 dispositiones
662 1175 729 1217 non
746 1164 825 1218 sunt
840 1175 939 1218 causa
956 1157 1213 1232 instrumentalis
1225 1155 1340 1239 gratia,

252 1259 309 1320 sed
327 1268 458 1321 tantum
476 1259 607 1340 praeviae
622 1258 831 1320 conditiones
846 1258 888 1320 ad
904 1255 1183 1336 justificationem.

298 1357 364 1446 (B)
387 1361 532 1423 Errorcs.
577 1359 799 1422 Protcstantcs
826 1361 858 1421 in
883 1359 989 1420 varias
1018 1359 1141 1423 abeunt
1166 1359 1337 1422 sententias

252 1463 338 1525 circa
365 1465 501 1526 modum
530 1463 689 1544 operandi
712 1471 1001 1524 sacramentorum.
1055 1461 1105 1543 (a)
1128 1463 1162 1524 Z
1166 1459 1337 1543 cor'ngliam,

255 1567 425 1630 Socimani
437 1577 471 1629 et
493 1565 643 1630 Unitorii
656 1565 779 1627 docent
795 1574 1002 1626 sacramenta
1021 1585 1094 1628 esse
1114 1566 1221 1628 solum
1239 1576 1336 1627 exter·

253 1690 312 1732 nas
334 1671 557 1744 caeremonias
573 1669 692 1750 quibus
715 1667 893 1732 Christiani
918 1667 1081 1747 aJudaeis
1104 1678 1137 1730 et
1162 1669 1336 1732 Gentilibus

252 1772 510 1854 distinguuntur,
526 1774 582 1834 sed
606 1771 731 1834 nullam
754 1771 894 1852 gratiam
913 1770 1093 1850 producere
1105 1781 1124 1830 ¹.
1171 1767 1222 1850 (b)
1243 1766 1336 1830 Calai·

253 1876 346 1938 nistcc
361 1895 417 1937 seu
434 1873 681 1954 Presbyteriani
700 1882 816 1936 tenent
832 1873 967 1954 quidem
984 1882 1191 1934 sacramenta
1207 1872 1335 1953 gratiam

254 1979 444 2060 producere,
467 1979 525 2040 sed
551 1978 657 2039 solum
681 1997 725 2038 ex
753 1995 852 2057 opere
878 1974 1055 2056 operantia,
1079 1973 1145 2035 scil.
1170 1971 1336 2034 excitando

253 2081 362 2158 iidem,
377 2092 411 2144 et
433 2101 491 2162 per
514 2080 612 2143 fidem
635 2080 776 2160 gratiam
801 2075 958 2140 indirecte
975 2078 1173 2139 causand02.
1221 2081 1264 2155 (c)
1280 2073 1334 2135 tu-

254 2185 383 2248 tlccraai
404 2185 586 2247 admittunt
610 2183 732 2263 pariter
754 2190 962 2243 sacramenta
989 2181 1129 2260 gratiam
1159 2181 1334 2261 producere,

252 2289 308 2350 sod
327 2308 385 2368 per
400 2289 555 2350 virtutem
577 2286 723 2348 divinam
747 2284 961 2346 inhaerentem
979 2282 1085 2343 uerbis
1104 2282 1136 2346 in
1162 2297 1333 2344 sacramen·

251 2401 360 2451 torurn
378 2389 664 2451 administratione
683 2387 860 2449 adhibitis:
884 2386 984 2448 verba
1000 2386 1088 2446 enirn
1106 2385 1170 2460 illa,
1187 2384 1332 2465 inquiunt,

251 2492 480 2554 concionatoria
497 2501 582 2567 sunt,
598 2511 654 2552 seu
671 2511 715 2552 ex
732 2509 766 2551 se
785 2489 883 2552 fidem
907 2489 939 2550 in
964 2487 1117 2550 cordibus
1138 2488 1291 2554 excitant,
1303 2495 1330 2544 et
1378 2499 1379 2573 r

244 2595 456 2676 promissorio
472 2603 634 2674 quatenus
651 2593 779 2655 divinas
803 2591 1037 2674 promissiones
1061 2592 1234 2653 continent
1256 2589 1287 2650 et¹
1303 2588 1327 2648 in

251 2695 443 2757 memoriam
462 2703 625 2756 reuocant.
1377 2691 1378 2704 ¹

290 2849 338 2916 45
384 2847 413 2896 2⁰
432 2839 550 2897 Tanis:
571 2836 813 2901 Sacramenta
828 2835 941 2899 Novae
966 2835 1076 2914 Legis
1097 2836 1250 2914 gratiam
1265 2849 1327 2896 con·
1377 2791 1378 2843 t

250 2936 368 3000 ierunt
393 2953 440 2998 ex
466 2952 573 3013 opere
595 2940 743 3012 operato
769 2933 934 2996 omnibus
959 2932 1097 2997 obicem
1122 2951 1193 2998 non
1217 2947 1326 3012 ponen-
1376 2979 1377 3000 ,

250 3033 360 3110 tibus,
382 3054 429 3091 scu
455 3035 522 3090 aln's
544 3035 634 3091 acriis
656 3041 724 3089 scant
747 3047 867 3094 causae
890 3029 1183 3094 instrumentales
1209 3028 1325 3108 gralia

250 3131 301 3193 Dc
313 3131 384 3210 fide
407 3140 453 3192 cst
475 3123 513 3192 cn
540 3129 727 3191 Tridentino
750 3129 840 3210 (sess.
859 3129 938 3204 Vll,
963 3149 1032 3191 can.
1055 3145 1083 3208 7,
1104 3131 1136 3208 9)
1154 3153 1160 3193 ε
1185 3127 1328 3208 “Siquis

293 3287 359 3292 ----
600 3279 1328 3292 —---———-———-——-—-—---.---
1375 3267 1376 3348 p

244 3363 466 3436 incarnationis,
479 3368 776 3422 cansrcbslann'alilatis
794 3363 920 3419 adhibuit
934 3365 970 3418 ad
983 3365 1105 3420 haereses
1121 3366 1264 3420 dilucidius
1276 3382 1326 3419 con·
1375 3351 1376 3388 l

250 3459 387 3515 tutandas.
428 3459 489 3510 Nec
508 3457 617 3510 dicatur
636 3455 751 3506 verbum
770 3455 884 3521 operari
896 3469 959 3506 esse
972 3454 1107 3520 deponens
1126 3454 1243 3522 ideoque
1259 3469 1328 3506 sensu

250 3545 362 3617 passivo
376 3561 431 3596 non
446 3560 508 3596 esse
522 3541 723 3609 usurpandum
737 3540 867 3608 quaedam
878 3541 953 3592 enim
963 3541 1091 3606 exempla
1101 3540 1257 3608 hujusmodi
1267 3539 1329 3608 apud

251 3634 381 3703 profanos
394 3631 523 3685 aridiores
541 3628 718 3682 inveniuntur
731 3638 758 3679 et
772 3627 885 3679 aliunde
899 3628 914 3651 “
924 3626 1023 3678 melius
1036 3637 1079 3679 est
1092 3638 1121 3680 ut
1134 3644 1186 3680 nos
1200 3629 1328 3697 reprehen-

250 3724 317 3776 dant
331 3719 504 3788 grammatici
518 3733 601 3783 quarn
616 3731 671 3767 non
686 3713 841 3779 intelligant
856 3712 971 3780 populi'’
1009 3713 1051 3778 (S.
1067 3713 1263 3782 Aragosn'nust
1373 3777 1374 3786 ἵ

285 3805 293 3834 ¹
311 3807 553 3857 “Sacramentum
567 3802 633 3854 nihil
648 3798 722 3852 aliud
737 3807 779 3852 est
793 3815 876 3866 quarn
891 3799 1095 3868 oppigneratis,
1110 3803 1164 3869 qud
1176 3819 1206 3854 se
1219 3803 1328 3854 homines
1373 3805 1374 3808 ’

251 3888 374 3954 obligant
389 3887 509 3948 Christo,
525 3888 640 3954 ejusque
653 3885 760 3938 militiae
774 3901 875 3938 nomen
890 3887 958 3939 <lant
970 3885 992 3940 ³.
1027 3889 1208 3956 (Znn'nglr'ns,
1222 3890 1254 3942 de
1266 3889 1294 3942 Υ.
1306 3901 1327 3940 et

250 3975 321 4028 falsa
336 3974 424 4039 Relig.
443 3975 473 4024 C.
488 3973 523 4026 de
538 3973 675 4034 Sacram.)
1372 3961 1373 3976 ¹

284 4061 293 4086 '·'
308 4061 322 4086 ‘¹
335 4059 433 4110 Fixum
448 4071 558 4112 maneat
573 4077 628 4112 uon
642 4060 712 4112 alias
726 4073 964 4112 sacramentorum
984 4079 1069 4130 qrrarn
1085 4061 1162 4115 verbi
1178 4063 1230 4115 Dei
1242 4072 1326 4130 putes

250 4164 313 4216 quoe
327 4157 390 4198 sunt
404 4145 502 4197 offerre
516 4145 596 4198 nobis
610 4163 642 4198 ac
657 4163 810 4215 proponere
825 4147 975 4214 Christum,
986 4163 1012 4203 er
1028 4150 1054 4202 in
1069 4167 1103 4204 eo
1116 4150 1237 4204 coelestis
1246 4163 1324 4217 gmtu

251 4235 396 4287 thesauros
408 4230 428 4284 ’ἢ
458 4233 615 4298 (Calvinus,
633 4233 722 4285 instit.
738 4234 753 4286 l.
772 4235 820 4296 ill,
836 4251 857 4286 c.
877 4235 925 4298 η).
