2752 4648
249 173 317 225 354
706 169 845 222 CAPUT
863 170 887 220 1.

249 357 297 419 eis
318 376 384 417 non
409 353 579 429 limitatur,
594 374 698 435 quum
719 353 771 415 hae
793 353 860 416 sint
883 350 1064 433 inaequales
1085 336 1322 413 dimensionibus

250 460 396 541 corporis
413 457 559 521 humani.

292 573 341 640 51.
389 559 489 642 Quod
507 569 542 621 ut
559 559 677 622 melius
689 557 882 633 declaretur,
895 557 1035 620 dicimus
1049 565 1162 637 carpus
1175 553 1285 621 Chrisli
1296 553 1322 612 ir

250 661 461 725 Eucharlslril
491 682 553 724 non
581 661 864 744 circumseptae,
891 681 990 742 aeque
1018 660 1184 743 definitive
1204 670 1324 740 presens

250 787 322 842 esse,
332 766 392 829 sed
401 765 685 828 sacramentaliter.

294 871 370 932 Non
385 869 654 950 circurrrscrrptr've
668 893 680 932 .·
704 869 784 932 illud
808 869 895 932 enim
919 870 1041 933 dicitur
1055 887 1127 930 esse
1147 865 1324 930 circumscri-

250 974 340 1055 ptive
356 973 388 1035 in
406 973 489 1048 loco,
505 972 599 1053 cujus
614 974 784 1053 quantitas
801 974 847 1036 ita
863 981 1150 1035 commensuratur
1165 971 1206 1034 ad
1226 971 1324 1037 locum,

250 1085 286 1138 ut
303 1087 413 1157 partes
425 1076 496 1156 ejus
513 1074 662 1156 partibus
678 1074 740 1137 loci
756 1076 1049 1157 correspondeant;
1073 1075 1163 1155 atqui
1178 1073 1325 1155 quantitas

249 1182 395 1261 corporis
411 1178 534 1243 Christi
551 1198 616 1241 non
633 1189 684 1242 est
700 1178 850 1242 localiter
864 1189 1014 1253 extensa,
1030 1199 1089 1241 nec
1114 1177 1249 1260 proinde
1269 1176 1327 1237 loco

249 1291 556 1358 commensuratur;
582 1300 669 1362 ergo,

293 1385 360 1448 Nec
381 1384 574 1464 definitive:
611 1384 642 1446 id
672 1385 759 1446 enim
783 1383 952 1446 definitive
975 1385 1008 1446 in
1033 1384 1106 1446 loco
1132 1404 1203 1447 esse
1228 1382 1327 1445 dicitur

248 1489 337 1570 quod
356 1488 402 1550 ita
418 1497 469 1550 est
485 1487 517 1549 in
535 1507 575 1549 eo
591 1497 628 1549 ut
643 1486 722 1549 alibi
739 1487 837 1550 simul
855 1506 921 1549 non
938 1487 981 1550 sit
995 1508 1002 1564 ;
1024 1487 1087 1549 hoc
1100 1498 1211 1551 autem
1223 1485 1261 1548 de
1271 1503 1327 1546 cor·

248 1612 328 1674 pore
352 1591 474 1655 Christi
499 1591 531 1652 in
556 1589 764 1654 Eucharistia
787 1591 959 1672 praedicari
984 1591 1107 1671 nequit,
1123 1609 1224 1671 quum
1246 1589 1283 1650 sit
1302 1587 1325 1646 ia

249 1693 397 1777 pluribus
413 1693 509 1756 simul
528 1693 617 1769 locis,
633 1692 786 1757 videlicet
808 1696 840 1757 in
857 1695 943 1758 coelo
959 1705 992 1758 et
1014 1695 1047 1758 in
1064 1694 1162 1757 variis
1178 1693 1327 1776 speciebus

250 1797 458 1860 consecratis.
1361 1817 1362 1860 t

294 1901 365 1963 Sed
374 1899 662 1976 sacramentaliter,
678 1901 697 1964 i.
712 1921 738 1964 e.
756 1902 858 1964 modo
873 1901 971 1982 hujus
987 1901 1186 1964 sacramenti
1208 1899 1327 1983 proprio.
1361 1875 1362 1920 t

249 2005 305 2086 qui
321 2005 447 2069 nullum
465 2004 565 2068 habet
581 2005 775 2086 exemplum
792 2008 923 2088 proprie
938 2004 1064 2070 ditium
1082 2005 1113 2067 in
1132 2009 1256 2080 naturai,
1270 2003 1327 2064 licet

248 2109 433 2190 comparari
455 2108 559 2189 possit
580 2107 643 2170 sub
658 2108 770 2189 aliquo
792 2106 939 2190 respedtu
962 2109 1062 2171 modo
1081 2128 1149 2189 quo
1163 2104 1330 2171 substantia

247 2211 406 2292 simplices
417 2221 598 2292 praesentes
614 2230 686 2272 esse
702 2212 864 2274 dicuntur.
911 2211 1083 2292 Siquidem
1100 2210 1282 2274 substantia
1295 2210 1329 2268 ita

248 2323 299 2378 est
315 2334 460 2396 praesens
478 2314 509 2374 in
527 2314 600 2375 loco
616 2323 652 2376 ut
668 2314 711 2376 sit
727 2323 799 2376 tota
811 2315 842 2376 in
856 2314 1004 2396 qualibet
1020 2324 1114 2396 parte
1130 2314 1192 2378 loci
1209 2313 1330 2392 subquo

249 2418 445 2491 continetur,
460 2437 487 2478 v.
505 2437 534 2497 g.
551 2417 738 2480 substantia
762 2416 842 2497 ligni
866 2425 916 2478 est
940 2425 1011 2481 tota
1035 2417 1066 2478 in
1084 2416 1233 2496 qualibet
1254 2423 1329 2496 parte

251 2519 341 2599 ligni,
357 2519 469 2581 anima
492 2529 542 2582 est
566 2528 637 2582 tota
661 2519 693 2580 in
718 2520 866 2601 qualibet
889 2529 983 2600 parte
1006 2519 1177 2600 corporis;
1200 2519 1330 2600 jamvero

250 2641 370 2702 corpus
387 2621 518 2696 Christi,
534 2624 715 2685 succedens
736 2622 932 2686 substantiae
953 2624 1055 2705 panis,
1071 2633 1105 2686 et
1127 2621 1260 2686 aliunde
1277 2637 1328 2682 non

248 2723 374 2784 habens
390 2724 622 2786 extensionem
640 2723 793 2798 localem,
809 2725 927 2788 eodem
944 2725 1044 2788 modo
1061 2745 1207 2806 praesens
1221 2733 1268 2786 est
1282 2719 1330 2782 sub
1360 2743 1361 2814 ,

248 2825 471 2890 accidentibus
488 2827 583 2907 panis
599 2848 638 2888 ac
656 2827 726 2908 ipsa
744 2827 939 2905 substantia,
956 2829 1007 2891 cui
1031 2829 1198 2891 successit.
1250 2827 1329 2888 atta-
1360 2843 1361 2906 1

249 2950 324 2992 men
349 2928 534 2991 accidentia
557 2929 775 2992 eucharistica
799 2950 864 2992 non
890 2931 1051 2994 inhaerent
1074 2931 1202 3012 corpori
1227 2925 1328 2992 Christi
1360 2937 1361 2974 l

248 3043 408 3112 tanquam
426 3029 585 3111 subjedto,
601 3052 662 3094 nec
684 3034 745 3114 ipsi
768 3034 927 3098 uniuntur
942 3035 1064 3098 unione
1079 3033 1284 3097 substantiali
1297 3029 1328 3090 ad

248 3134 491 3197 efformandum
514 3145 622 3198 totum
646 3137 830 3218 physicum,
847 3138 904 3200 sed
927 3137 1034 3200 solum
1056 3136 1113 3199 tali
1136 3137 1330 3215 unioneque

248 3237 370 3299 sufficit
387 3237 428 3298 ad
446 3236 690 3301 efformanrlum
708 3259 810 3302 unum
827 3249 1084 3316 sacramentum;
1108 3239 1185 3300 hinc
1198 3239 1251 3301 illa
1262 3257 1330 3319 pra·

247 3342 354 3404 sentia
365 3351 503 3402 vocatur
513 3343 766 3416 seararrrerrtalr's,
778 3350 810 3403 et
823 3343 856 3403 in
870 3361 910 3403 eo
922 3343 1106 3424 praesertim
1119 3342 1183 3403 sita
1195 3337 1329 3420 estquod

247 3446 432 3508 accidentia
451 3446 624 3507 continent
647 3465 766 3525 corpus
783 3443 914 3520 Christi,
932 3445 978 3507 ita
1002 3453 1038 3507 ut
1062 3445 1190 3507 tamdiu
1215 3451 1329 3506 maneat

247 3549 342 3610 realis
356 3549 533 3629 praesentia
545 3548 705 3628 quamdiu
718 3555 915 3629 permanent
927 3545 1112 3608 accidentia
1125 3545 1205 3626 ipsa.
1230 3544 1276 3622 (S.
1286 3539 1329 3601 lla

248 3653 530 3732 spamam

289 3763 338 3830 52.
388 3754 441 3815 Ex
459 3755 521 3816 hoc
535 3756 656 3835 pariter
667 3754 816 3834 sequitur
827 3763 938 3832 carpas
951 3750 1077 3816 Clrre'sli
1091 3752 1125 3813 ia
1138 3746 1329 3814 Eaclrarislii
1359 3767 1360 3826 t

247 3875 308 3915 non
326 3857 447 3917 raorrerl
466 3857 610 3920 localiter
624 3867 689 3938 per
700 3877 740 3932 se,
755 3857 814 3918 sed
830 3856 933 3918 salam
949 3865 1012 3934 per
1024 3853 1175 3929 accedeus,
1192 3863 1329 3936 quatenus
1359 3847 1360 3911 l

245 3975 284 4017 sc.
298 3957 440 4020 localiter
455 3970 624 4022 releventur
636 3960 751 4040 spectes
765 3958 1022 4022 sacramentales.
1069 3959 1212 4034 Etenim,
1222 3951 1325 4035 aliquid

247 4067 400 4121 movetur
416 4061 563 4124 localiter
580 4084 636 4144 per
652 4083 696 4137 se,
712 4065 848 4144 quando
867 4063 956 4144 prius
972 4061 1159 4143 occupabat
1182 4062 1288 4130 locum,
1301 4065 1326 4114 ct

246 4168 365 4239 postea
397 4163 439 4222 ad
475 4163 575 4225 alium
604 4165 712 4228 locum
741 4177 892 4229 movetur
924 4166 1078 4229 localiter.
1132 4164 1198 4229 Sed
1228 4177 1327 4241 corpus

250 4259 372 4322 Christi
397 4282 462 4324 non
483 4275 531 4326 est
555 4267 587 4327 in
612 4267 674 4330 hoc
690 4281 897 4332 sacramento
913 4271 998 4332 sicut
1015 4271 1046 4330 in
1065 4269 1146 4342 loco,
1162 4280 1198 4331 ut
1221 4263 1324 4330 dietum
