2758 4652
244 180 310 230 528
451 181 506 228 DE
525 180 819 229 POENlTENTlAE
838 178 1143 229 sncRnMEn'so.

244 382 315 423 rum
330 383 395 424 non
410 372 467 425 est.
507 363 594 425 Nam
610 361 736 426 nullum
749 373 828 426 tunc
838 363 998 444 temporis
1011 372 1081 424 erat
1090 361 1324 424 ecclesiasticum

244 475 447 547 praeceptum
471 485 591 528 annuae
614 466 853 546 consessionis;
879 466 1015 528 aliunde
1039 474 1238 546 praeceptum
1258 466 1325 526 divi-

244 588 324 630 num
348 589 469 650 vagum
493 579 564 631 erat
587 579 620 632 et
644 569 937 632 indeterminatum
954 569 1066 648 quoad
1084 579 1222 649 tempus,
1237 587 1327 648 neque

244 671 370 753 ligabat
387 672 448 733 nisi
465 673 594 752 eosqui
611 673 734 734 conscii
750 681 845 733 erant
861 671 987 754 peccati
1005 671 1156 734 mortalis
1169 691 1176 746 ;
1191 671 1328 750 jamvero,

244 765 396 853 utsupra
412 771 570 846 diximuS,
586 772 636 832 his
652 772 860 853 temporibus
877 783 913 836 ut
930 773 1084 836 mortalia
1101 793 1167 835 non
1183 772 1327 835 habeban-

245 884 298 936 tur
314 875 421 936 multa
437 886 575 956 peccata
595 895 670 956 quae
693 875 793 938 hodie
811 886 848 939 ut
868 877 948 938 talia
970 885 1202 958 agnoscuntur.
1246 877 1330 940 Unde

246 979 340 1041 multi
358 978 481 1052 fideles,
496 979 552 1058 qui
577 979 742 1040 immunes
765 988 860 1040 erant
877 1001 896 1042 a
913 981 1005 1060 gravi
1023 989 1171 1060 peccato,
1186 979 1225 1041 ad
1240 1000 1329 1040 sacra-

245 1090 394 1143 mentum
427 1081 640 1143 Poenitentiae
678 1101 744 1142 non
782 1083 1007 1160 accedebant;
1047 1084 1132 1146 inter
1162 1093 1330 1163 peccatores

245 1194 356 1246 autem
373 1185 524 1246 nonnulli
547 1204 627 1245 sane
650 1194 743 1246 erant
767 1186 822 1264 qui
847 1186 889 1247 ad
912 1185 1156 1248 confessionem
1173 1185 1276 1248 statim
1290 1205 1330 1246 re-

176 1297 181 1307 “
245 1307 372 1349 currere
388 1287 525 1348 minime
548 1288 650 1349 teneri
675 1307 710 1348 se
733 1289 991 1367 existimarent;
1015 1290 1092 1352 inde
1108 1287 1230 1352 latium
1245 1298 1332 1350 estut

245 1391 468 1452 consessiones
485 1391 621 1452 rariores
638 1402 758 1466 essent,
775 1413 915 1474 raroque
937 1415 956 1455 a
978 1394 1133 1455 Patribus
1149 1411 1332 1455 commemo-

246 1504 401 1555 rarentur.
450 1493 524 1554 Hac
547 1494 579 1554 in
605 1514 638 1556 re
662 1495 761 1568 enim,
777 1497 863 1557 sicut
887 1497 918 1557 in
943 1497 1025 1570 altis,
1042 1515 1232 1576 progressus
1246 1513 1334 1574 agno-

246 1598 388 1659 scendus
404 1607 454 1659 est
471 1607 542 1659 tum
559 1597 669 1676 quoad
687 1599 829 1677 praxim,
845 1618 902 1660 seu
926 1599 1145 1678 disciplinam,
1161 1609 1229 1660 tum
1245 1597 1333 1658 etiam

245 1700 354 1780 quoad
383 1697 568 1762 dodtrinam
597 1700 714 1779 ipsam,
738 1710 905 1780 quatenus
932 1702 1095 1782 principia
1122 1700 1281 1781 generalia
1304 1700 1333 1758 in

248 1802 433 1884 Evangelio
448 1812 615 1877 contenta,
631 1803 761 1864 nonnisi
783 1804 922 1867 decursu
947 1814 1136 1886 temporum
1160 1824 1198 1866 ac
1220 1822 1335 1864 succes·

246 1907 315 1969 sive
341 1907 439 1988 plane
466 1904 634 1969 intelledta
660 1916 762 1987 atque
788 1909 944 1989 exposita
971 1908 1102 1971 fuerunt
1114 1921 1136 1983 ¹,
1151 1918 1188 1970 ut
1202 1907 1337 1969 diximus

247 2011 297 2073 De
312 2011 400 2074 Fide.
417 2033 446 2074 n.
464 2013 506 2088 84
522 2031 567 2092 sq.

280 2136 320 2192 71.
361 2124 444 2180 Huic
468 2135 644 2195 argumento
669 2142 765 2195 pauca
791 2123 913 2194 quidem
940 2135 1100 2195 opponunt
1127 2125 1337 2182 Protestantes:

246 2212 286 2281 (a)
300 2209 384 2267 multi
399 2211 507 2280 Patres,
525 2211 671 2282 inquiunt,
685 2211 796 2268 docent
813 2210 882 2267 satis
900 2227 965 2268 esse
982 2211 1046 2266 Deo
1063 2219 1186 2282 peccata
1203 2208 1337 2266 confiteri.

246 2298 331 2368 Resp.
360 2298 531 2368 hujusmodi
557 2297 653 2366 verba,
684 2297 823 2368 inspedlis
854 2308 917 2354 tum
949 2308 1088 2354 contextu
1114 2308 1178 2353 tum
1204 2295 1339 2367 parallelis

246 2385 328 2454 locis,
346 2383 512 2455 significant
531 2395 653 2455 peccata
672 2383 851 2440 declaranda
870 2401 934 2440 esse
954 2383 1106 2452 Sacerdoti,
1120 2383 1203 2454 quasi
1217 2381 1340 2437 ministro

247 2471 313 2540 Dei,
339 2471 523 2542 proindeque
545 2470 610 2527 Deo
630 2470 695 2542 ipsi,
717 2487 806 2540 quem
828 2469 971 2526 Sacerdos
991 2481 1198 2541 repraesentat;
1217 2469 1257 2524 sic
1275 2487 1299 2522 r.
1313 2485 1337 2536 g.

248 2558 425 2614 Anastasius
439 2557 557 2613 Sinaita
572 2558 599 2625 (†
615 2560 684 2627 599),
698 2556 755 2614 ait:
776 2555 953 2614 “Confitere
967 2567 1089 2626 peccata
1103 2567 1154 2612 tua
1170 2555 1283 2612 Christo
1296 2572 1339 2624 per

246 2643 438 2701 Sacerdotem
448 2643 472 2699 ''.
515 2643 596 2698 Hinc
610 2643 697 2700 etiam
714 2643 743 2698 in
757 2642 858 2700 libello
873 2642 1077 2713 poenitentiali,
1088 2641 1339 2715 qulJoanniJrjrr·

247 2730 352 2800 naton',
369 2729 542 2800 patriarchae
556 2729 786 2800 Constantinop.
803 2731 830 2796 (t
846 2732 908 2800 595)
920 2727 1067 2796 tribuitur,
1075 2728 1219 2786 Sacerdos
1232 2728 1273 2784 sic
1286 2745 1339 2798 pce·

248 2819 392 2876 nitentem
406 2818 585 2888 alloquitur:
610 2819 626 2846 ‘¹
639 2817 804 2888 Spiritoalis
824 2816 872 2887 fili,
890 2834 948 2887 ego
966 2817 1186 2874 contessionem
1200 2827 1279 2873 tuam
1293 2817 1339 2887 pri·

248 2907 340 2964 mario
353 2918 382 2964 et
395 2907 545 2978 praecipue
558 2923 619 2961 non
633 2906 754 2976 recipio,
768 2923 823 2962 nec
837 2905 888 2962 tibi
903 2905 1123 2962 absolutionem
1137 2905 1282 2966 concedo,
1296 2903 1340 2959 sed

242 3007 298 3068 per
309 3015 351 3051 me
365 2995 445 3050 Deus
456 3005 645 3065 peccatorum
656 3005 774 3050 tuorum
786 2995 1004 3051 consessionem
1014 2993 1136 3064 suscipit
1145 2993 1170 3050 ’'.
1205 2994 1250 3050 Ita
1261 2995 1339 3050 etiam

247 3085 276 3140 in
296 3095 376 3140 textu
396 3099 483 3152 supra
503 3081 595 3140 relato
614 3081 782 3138 audivimus
805 3080 836 3137 S.
857 3081 1044 3137 Ambrosium
1066 3081 1237 3137 dicentem:
1259 3086 1278 3109 ‘⁶
1290 3099 1339 3136 nor.

247 3168 456 3226 erubescamus
462 3167 560 3238 fateri
571 3168 698 3224 Domino
713 3179 834 3238 peccata
848 3179 947 3224 nostra
959 3168 982 3237 ’',
999 3167 1052 3224 sed
1068 3167 1156 3223 simul
1170 3179 1256 3224 vocat
1270 3167 1339 3222 illam

246 3255 464 3312 consessionem
491 3254 696 3318 ivea-amdam·
719 3255 851 3324 jamvero
877 3254 923 3310 vix
948 3253 1117 3310 verecunda
1138 3263 1225 3320 esset,
1247 3254 1270 3309 si
1295 3253 1340 3308 soli

248 3344 325 3411 Ded,
336 3359 396 3398 non
411 3340 556 3397 sacerdoti
572 3340 672 3410 fieret3
691 3340 744 3398 sed
758 3341 840 3411 quod
854 3341 948 3412 magis
962 3353 1016 3407 est,
1029 3351 1161 3397 narratur
1175 3341 1203 3396 in
1218 3342 1282 3410 ejus
1292 3341 1341 3396 riti

246 3450 263 3487 a
283 3431 410 3486 Paulino
429 3430 538 3500 scripti
557 3429 595 3497 (n.
620 3432 665 3500 39)
687 3447 764 3499 eum,
788 3429 1036 3500 quotiescumque
1058 3429 1097 3484 illi
1120 3429 1229 3500 aliquis
1251 3429 1341 3500 lapsus

247 3538 315 3577 suos
334 3518 487 3575 consessus
506 3528 591 3583 esset,
606 3515 645 3572 ita
665 3516 780 3574 flevisse
799 3527 831 3574 ut
851 3527 1037 3588 peccatorem
1058 3517 1128 3574 llere
1146 3517 1343 3588 compelleret:

246 3605 328 3677 quod
342 3604 463 3676 quidem
478 3603 628 3661 evidenter
642 3603 772 3661 ostendit
785 3605 1002 3661 consessionem
1016 3604 1054 3661 de
1068 3603 1127 3674 qud
1136 3603 1232 3674 agitur
1243 3602 1342 3659 faciam

247 3693 336 3749 fuisse
351 3691 416 3747 Deo
430 3689 561 3760 quidem,
578 3689 631 3746 sed
646 3707 697 3760 per
710 3690 905 3748 ministerium
921 3689 1095 3747 Sacerdotis.

247 3779 286 3847 (b)
307 3779 434 3834 Socrates
453 3775 506 3844 (H.
525 3775 557 3831 E.
577 3775 595 3830 l.
611 3776 648 3842 V,
667 3794 692 3830 c.
710 3777 751 3846 19)
771 3787 800 3832 et
820 3777 989 3833 Soaomenrcs
1008 3776 1062 3845 (H.
1080 3775 1114 3831 E.
1137 3775 1154 3831 l.
1172 3775 1245 3844 VII,
1264 3793 1290 3830 c.
1310 3778 1345 3832 ιθ)

247 3866 375 3921 referunt
389 3863 571 3933 Episcopum
586 3862 760 3919 Neilarium
776 3863 820 3918 IV
833 3881 899 3920 saec.
911 3862 1076 3920 abolevisse
1086 3862 1218 3919 officium
1230 3863 1343 3934 presbr-

247 3951 299 4008 teri
314 3947 531 4018 poenitentiarii,
541 3950 698 4005 occasione
709 3949 902 4006 confessionis
916 3951 975 4020 qud
989 3949 1140 4020 proditum
1154 3949 1250 4006 luerat
1262 3965 1343 4019 graie

247 4039 365 4097 diaconi
386 4049 550 4108 peccatum,
573 4040 760 4109 proindeque
781 4039 969 4111 abrogavisse
991 4040 1088 4110 ipsam
1110 4039 1344 4096 consessionem:

312 4200 386 4263 laod
396 4201 549 4253 luculenter
557 4202 669 4269 exponit
685 4203 796 4268 Vocant,
808 4205 846 4256 la
858 4204 1034 4266 Confession,
1045 4221 1089 4272 ap.
1102 4204 1197 4256 Revue
1204 4205 1245 4256 du
1256 4204 1344 4270 Clergt

336 4285 382 4350 rb,
395 4284 460 4336 maii
479 4285 552 4352 1896,
567 4303 593 4354 p.
611 4287 663 4356 426
677 4305 717 4356 sq.
