2770 4652
263 203 330 255 ⁴38
710 201 851 252 CAPUT
870 200 929 247 111.

269 321 323 330 μ...-

262 383 330 446 lum
356 393 496 446 mortem
523 383 644 447 Christi
669 392 894 464 repraesentat,
911 383 968 444 sed
993 380 1141 462 aliquam
1167 380 1343 442 immolatio-

264 506 339 548 nem
357 487 526 568 importat,
544 497 576 549 et
593 495 643 548 est
659 484 854 548 sacrificium
872 484 1071 547 absolutum.

305 587 366 669 (Β)
383 589 488 651 Missa
503 598 553 651 est
569 587 765 650 sacrificium
783 607 848 650 non
866 573 973 649 solum
991 586 1175 662 relativum,
1191 589 1245 650 sed
1262 587 1345 649 etiam

263 691 463 767 absolutum,
475 693 501 754 si
519 693 550 754 in
569 692 624 754 illa
641 693 827 754 inveniatur
842 693 996 772 quaedam
1010 690 1197 753 immolatio
1209 688 1348 759 villima;

264 796 356 876 atqui
380 816 430 857 res
454 796 501 858 ita
523 816 559 858 se
582 795 704 872 habet;
728 795 817 876 quod
834 816 854 856 a
869 794 1035 874 theologis
1056 793 1180 874 duplici
1198 797 1293 857 modo
1303 795 1348 856 de·

265 899 427 976 claratur;
452 897 499 978 (a)
516 918 592 961 nam
610 897 647 961 vi
660 898 829 960 verborum
846 897 981 978 ponitur
993 897 1130 959 seorsim
1145 917 1261 977 corpus
1273 897 1295 960 C
1299 898 1349 958 hri·

245 1078 249 1091 Ι
265 1002 307 1065 sti
325 1003 387 1065 sub
404 1003 514 1083 specie
531 1004 626 1084 panis
643 1011 675 1064 et
692 1003 828 1064 seorsim
845 1001 916 1082 ejus
932 1001 1068 1082 sanguis
1089 1001 1152 1064 sub
1168 1003 1275 1082 specie
1289 1003 1349 1066 vini.

266 1125 304 1167 ac
321 1106 460 1186 proinde
476 1106 575 1167 verba
598 1104 856 1167 consecrationis
879 1114 957 1166 sunt
979 1103 1081 1165 veluti
1106 1103 1237 1183 gladius
1257 1105 1349 1184 mysti-

265 1229 323 1271 cus
347 1228 505 1290 separans
528 1227 648 1288 corpus
672 1229 691 1269 a
713 1208 883 1288 sanguine,
906 1208 951 1268 ita
975 1215 1020 1280 ut,
1044 1207 1105 1268 nisi
1129 1208 1275 1270 obstaret
1296 1207 1350 1286 ejus

266 1309 412 1393 perledta
428 1311 669 1386 immortalitas,
687 1310 837 1374 Christus
861 1329 973 1371 revera
997 1330 1055 1390 per
1077 1311 1178 1372 verba
1202 1331 1351 1372 consecra·

268 1416 353 1476 toria
368 1415 574 1476 occideretur
589 1436 596 1492 ;
619 1418 635 1446 ‘¹
647 1434 706 1476 nec
723 1414 836 1477 obstat
853 1413 984 1475 veritati
1001 1412 1101 1494 hujus
1116 1413 1264 1475 sacrificii
1280 1412 1352 1494 quod

269 1538 334 1580 non
352 1515 409 1579 fiat
427 1517 534 1598 reipsa
546 1517 713 1597 separatio
725 1517 896 1597 sanguinis
909 1537 929 1578 a
941 1537 1038 1578 carne
1052 1538 1060 1579 :
1083 1518 1157 1597 quia
1171 1518 1203 1579 id
1217 1527 1265 1579 est
1277 1516 1353 1596 quasi

268 1641 326 1702 per
338 1619 501 1694 accidens,
514 1630 651 1700 propter
661 1619 959 1682 concomitantiam
977 1620 1130 1699 partium.
1168 1619 1255 1681 Nam
1268 1638 1354 1699 quan-

270 1733 339 1784 tum
357 1731 468 1783 estex
486 1723 516 1783 vi
535 1723 710 1784 verborum
729 1722 765 1784 fit
781 1743 858 1784 vera
874 1723 1077 1804 separatio...
1114 1723 1158 1784 Et
1175 1723 1239 1785 hoc
1254 1721 1355 1785 sufficit

269 1824 312 1886 ad
330 1825 492 1886 rationem
518 1823 616 1904 hujus
640 1824 812 1888 sacrificii:
836 1836 908 1888 tum
926 1837 962 1887 ut
979 1827 1022 1888 sit
1038 1847 1153 1888 verum
1170 1826 1357 1890 sacrificium.

269 1928 307 1990 fit
323 1927 412 1989 enim
429 1927 516 1988 circa
537 1927 691 2004 hostiam,
708 1929 789 1990 dum
813 1930 859 1992 sic
884 1929 1019 2010 ponitur
1042 1929 1210 1993 sufficiens
1233 1931 1357 1992 mutatio

270 2034 336 2112 qua
352 2039 574 2112 protestemur
588 2031 698 2093 Deum
716 2030 838 2093 habere
854 2051 1044 2114 supremam
1059 2033 1091 2094 in
1104 2034 1219 2095 omnia
1232 2042 1358 2115 potesta-

271 2145 355 2212 tem;
372 2143 442 2196 tum
461 2143 497 2195 ut
513 2133 557 2194 sit
570 2131 765 2195 sacrificium
780 2136 1123 2210 commemorativum,
1137 2146 1358 2218 repraesentans

272 2238 368 2300 nobis
396 2235 593 2299 sacrificium
620 2237 724 2299 crucis
750 2246 784 2299 et
811 2246 951 2300 mortem
982 2239 1119 2302 Domini
1131 2241 1147 2265 ''
1162 2253 1182 2303 ¹.
1206 2277 1250 2286 —
1275 2240 1377 2301 Hunc}

272 2353 384 2403 tamen
402 2341 535 2402 dicendi
554 2340 691 2401 modum
709 2339 816 2419 rejicit
832 2340 942 2417 Billol,
958 2351 1029 2404 tum
1055 2344 1133 2423 quia
1155 2341 1244 2406 adiio
1260 2361 1360 2404 consc-

273 2445 398 2505 crativa
413 2443 451 2504 dc
465 2464 497 2504 sc
514 2462 580 2503 non
598 2442 747 2505 excludit
765 2445 963 2523 sanguinem
980 2465 1001 2506 a
1016 2466 1154 2527 corpore
1170 2448 1234 2509 sub
1254 2446 1359 2527 specie·

275 2548 336 2607 bus
353 2547 460 2625 panis,
476 2555 547 2607 tum
563 2546 641 2625 quia
657 2546 730 2608 haec
746 2545 834 2609 altio
850 2547 1045 2610 nullomodo
1069 2558 1177 2612 mutat
1201 2549 1376 2614 Christumi

275 2650 332 2711 sed
350 2648 454 2710 solam
473 2649 646 2710 materiam
663 2668 738 2729 quae
755 2661 976 2725 consecratur,
992 2654 1198 2733 proindeque
1214 2675 1252 2716 ex
1264 2675 1294 2715 se
1308 2671 1358 2712 non

275 2751 383 2814 tendit
399 2751 441 2813 ad
459 2751 682 2831 separandum
707 2773 827 2833 corpus
850 2775 869 2814 a
893 2756 1062 2834 sanguine.
1110 2756 1195 2818 Rem
1213 2757 1259 2818 sic
1275 2774 1375 2873 expo-p

276 2855 332 2917 nit.
381 2853 586 2917 Sacrificium
604 2865 654 2917 est
672 2855 703 2917 in
722 2875 843 2936 genere
858 2857 965 2937 sigui,¹
987 2857 1137 2937 jamvero
1159 2861 1186 2920 si
1208 2860 1361 2937 contingat

278 2980 345 3021 rem
369 2957 478 3020 offerri
503 2978 569 3019 non
595 2959 627 3019 in
653 2959 795 3040 propria,
818 2961 876 3022 sed
902 2962 932 3022 in
959 2960 1068 3022 aliena
1091 2963 1212 3044 specie,
1235 2973 1309 3024 tunc
1330 2959 1359 3019 ad

279 3063 456 3124 essentiam
481 3060 631 3123 sacrificii
649 3061 730 3123 nihil
748 3063 933 3143 requiritur,
950 3063 1012 3124 nisi
1030 3075 1067 3126 ut
1083 3085 1134 3126 res
1151 3065 1207 3128 illa
1224 3067 1255 3128 in
1272 3063 1361 3146 specil¹

280 3165 395 3238 alieni,
409 3185 466 3227 seu
485 3166 516 3226 in
534 3165 644 3245 specie
657 3166 866 3240 sacramenti,
878 3167 940 3227 sub
952 3167 1098 3246 quodam
1112 3179 1254 3230 externo
1266 3167 1361 3229 habitu

282 3271 397 3331 mortis
421 3289 567 3350 praesens
591 3269 747 3344 sistatur;
771 3269 848 3331 hine
872 3289 937 3331 non
962 3271 1139 3351 requiritur
1163 3271 1306 3333 formalis
1323 3267 1359 3328 vel

281 3371 483 3453 aequivalens
499 3368 681 3432 destructio
698 3373 741 3433 rei
760 3373 791 3432 in
809 3373 927 3453 seipsa,
944 3373 1001 3435 sed
1024 3373 1094 3435 sola
1116 3373 1293 3437 destructio
1308 3393 1361 3450 my·

281 3477 364 3537 stica
380 3476 442 3537 sub
458 3475 568 3556 specie
583 3476 781 3536 sacramenti
799 3476 946 3537 exterius
959 3497 1132 3558 apparens,
1180 3477 1279 3540 Porro
1293 3473 1361 3538 auto

281 3579 506 3640 consecrativa
529 3579 616 3640 sistit
641 3577 810 3640 Christum
835 3580 898 3641 sub
925 3581 1099 3660 speciebus
1124 3581 1314 3642 sacramenti
1337 3579 1359 3636 in

281 3682 426 3762 quodam
453 3693 594 3745 externo
618 3683 734 3745 habitu
760 3683 875 3744 mortis
899 3694 932 3746 et
956 3680 1199 3757 destructionis,
1224 3701 1317 3764 quum
1336 3681 1362 3738 vi

281 3787 477 3847 sacramenti
492 3787 599 3848 solum
617 3806 737 3867 corpus
756 3785 956 3847 sensibiliter
972 3786 1058 3847 adsit
1074 3785 1137 3847 sub
1153 3788 1263 3866 specie
1278 3784 1360 3866 panis.

283 3889 372 3949 solus
396 3891 532 3970 sanguis
549 3891 611 3952 sub
626 3891 736 3971 specie
754 3891 837 3964 vini;
860 3909 940 3970 ergo
958 3889 989 3950 in
1007 3889 1121 3949 ordine
1138 3888 1181 3949 ad
1197 3887 1359 3969 sr'gniſsmu·

319 4059 326 4088 ¹
343 4059 387 4114 Ita
401 4063 521 4127 Lesrr'us,
536 4065 581 4118 De
594 4064 708 4131 perfect.
722 4065 833 4130 divinis,
846 4065 893 4116 lib.
907 4065 975 4130 ΧΗ,
992 4080 1015 4116 c.
1032 4077 1069 4131 13,
1081 4079 1107 4115 n.
1120 4077 1164 4130 97.
1203 4055 1358 4115 addimit

285 4142 322 4212 (n.
337 4147 399 4214 915)
414 4163 470 4198 non
484 4149 585 4216 requin'
600 4151 627 4201 in
641 4149 693 4203 hoc
705 4149 843 4202 sacrificio
863 4149 966 4202 realem
979 4159 1007 4202 et
1020 4147 1166 4216 physicam
1180 4147 1359 4216 separationen

286 4231 408 4298 corporis
428 4241 454 4282 et
475 4232 627 4300 sanguinis
641 4235 706 4302 quia
727 4235 870 4296 sanauinis
889 4235 988 4288 effusio
1007 4233 1034 4286 in
1055 4251 1138 4288 cruce
1157 4251 1220 4290 sese
1235 4230 1370 4288 virtualiterl

287 4313 411 4366 extendit
423 4315 460 4366 ad
473 4315 567 4367 omnia
580 4317 715 4370 sacrificia
728 4319 779 4372 sub
794 4321 829 4372 N.
845 4321 919 4387 Lege
933 4319 1034 4372 oblata.
