2758 4652
458 188 514 237 DE
532 188 710 238 ORDINE.
1066 187 1132 239 605

42 299 187 308 ——-

22 366 163 430 nullum
188 377 238 430 est
261 368 349 431 aliud
374 369 570 432 sacrificium
594 370 655 432 nisi
680 370 947 444 eucharisticum,
971 378 1008 431 ut
1035 389 1135 449 supra

42 471 243 533 ostendimus
257 491 264 548 ;
287 491 367 554 ergo
384 493 503 535 munus
520 473 697 536 essentiale
709 473 928 537 Sacerdotum
941 483 991 534 est
1006 472 1135 534 Eucha-

42 572 162 634 ristiam
179 573 296 636 offerre
320 585 353 637 et
376 595 576 638 consecrare.
624 575 713 638 Hinc
730 574 890 648 ChristuS,
907 585 983 656 post
1005 575 1135 638 institu-

41 683 107 736 tum
131 675 194 738 hoc
218 676 413 739 admirabile
436 688 691 752 sacramentum,
709 676 891 758 Apostolos
910 677 956 738 sic
974 676 1135 738 allocutus

40 787 85 838 est
98 789 108 820 1
121 801 128 839 :
142 769 253 840 *Hoc
271 779 369 842 facite
386 781 418 842 in
436 800 545 843 meam
562 780 944 852 commemorationem'',
961 779 1011 842 his
1027 779 1135 841 verbis

39 889 236 958 potestatem
254 882 301 943 eis
318 881 491 946 conferens
508 883 597 963 quod
616 884 687 964 ipse
702 882 825 945 fecerat
842 883 960 946 iterum
984 881 1136 957 faciendi,

40 983 54 1042 i.
65 1003 89 1044 e.
100 1004 220 1066 corpus
236 994 270 1047 et
285 985 481 1066 sanguinem
499 1005 594 1049 suum
612 986 836 1048 consecrandi.
882 985 930 1066 (c)
945 985 1022 1048 Hoc
1033 986 1134 1047 etiarn

38 1094 148 1164 aperte
165 1087 398 1150 demonstrant
413 1088 515 1150 verba
529 1087 738 1168 Pontificalis
753 1086 836 1150 inira
855 1086 990 1154 citanda
1014 1087 1069 1149 ubi
1093 1086 1135 1150 de

37 1188 184 1266 quolibet
200 1189 324 1253 ordine.

75 1304 125 1370 24
177 1287 242 1376 (Β)
258 1291 471 1356 Sacramenta
483 1291 621 1356 Ordinis
633 1292 781 1355 traditur
790 1292 887 1354 etrum
897 1302 1042 1372 poteslas
1049 1302 1134 1372 prce-

32 1392 178 1472 porandi
190 1405 301 1475 corpus
319 1393 446 1458 Christi
460 1395 639 1475 mysticum,
654 1415 708 1457 seu
715 1394 840 1476 fideles,
857 1394 905 1456 ad
916 1393 1134 1457 Eucharistice

37 1496 237 1577 receptionem
249 1521 263 1571 ,·
287 1498 377 1578 quod
398 1497 435 1560 fit
456 1498 639 1579 praesertim
658 1518 715 1578 per
731 1507 1013 1560 sacramentorum
1031 1497 1135 1560 admi·

36 1599 277 1675 nistrationem,
289 1610 323 1663 et
335 1601 425 1663 verbi
442 1601 544 1662 divini
562 1601 841 1682 praedicationem.
888 1601 1025 1664 Etenim
1043 1611 1135 1682 pote-

35 1709 101 1763 stas
114 1701 362 1766 Eucharistiam
379 1703 577 1765 conficiendi
594 1713 628 1766 et
642 1704 857 1784 dispensandi
874 1715 963 1766 certe
976 1705 1135 1785 supponit

35 1813 236 1882 potestatem
251 1825 289 1866 ea
302 1805 416 1867 omnia
429 1807 609 1886 praestandi
622 1826 697 1886 quae
709 1807 751 1868 ad
766 1807 902 1886 dignam
916 1806 1135 1868 Eucharistiae

36 1907 259 1986 receptionem
278 1908 488 1988 requiruntur
504 1929 512 1984 ;
539 1907 631 1987 atqui
648 1907 800 1969 homines
816 1908 917 1990 digne
941 1910 982 1970 ad
1007 1928 1135 1971 sacram

35 2010 305 2073 communionem
330 2019 560 2092 praeparantur
576 2009 626 2091 (a)
643 2019 760 2072 remote
780 2030 839 2090 per
862 2011 1134 2091 praedicationem

35 2112 131 2186 verbi,
145 2112 178 2173 vi
192 2112 285 2193 cujus
300 2112 475 2176 illuminati
490 2112 588 2175 fidem
604 2113 796 2193 concipiunt
809 2112 860 2174 vel
878 2111 909 2173 in
923 2117 962 2174 ea
975 2123 1136 2187 crescunt,

35 2214 192 2292 mysteria
209 2214 286 2277 fidei
303 2226 537 2297 praeceptaque
553 2216 666 2277 divina
682 2215 846 2290 ediscunt,
864 2223 1000 2295 peccata
1022 2213 1135 2294 sugere

34 2316 238 2398 virtutesque
251 2317 407 2392 colere,et
421 2319 467 2380 ita
481 2319 571 2381 illam
586 2316 783 2378 munditiam
797 2325 1080 2396 comparant,quae
1093 2318 1135 2380 ad

33 2435 164 2478 sacrum
181 2417 370 2479 convivium
387 2418 618 2496 desideratur;
641 2418 692 2500 (b)
705 2419 854 2499 proxime
874 2439 932 2498 per
948 2439 1135 2480 sacramen-

33 2529 142 2580 torum
166 2520 500 2596 administrationem,
516 2542 591 2602 quae
614 2522 682 2583 sive
706 2521 748 2583 ad
773 2521 900 2602 peccati
924 2520 1136 2597 deletionem,

34 2631 68 2681 ut
83 2633 294 2686 sacramenta
311 2635 527 2700 mortuorum,
540 2626 610 2687 sive
626 2626 668 2687 ad
685 2625 763 2687 vitae
779 2624 959 2706 spiritualis
976 2645 1136 2706 augmen·

32 2735 113 2799 turn,
130 2734 170 2787 ut
193 2736 401 2789 sacramenta
425 2728 585 2804 vivorum,
601 2728 806 2790 ordinantur.
854 2727 944 2787 Hinc
960 2727 1136 2808 Apostolis

33 2826 134 2890 etiam
168 2848 349 2909 eorumque
384 2831 628 2892 successoribus
663 2829 789 2893 dietum
824 2840 874 2892 est
909 2850 929 2891 a
961 2831 1136 2894 Domino:

32 2933 48 2956 “
62 2929 191 2991 Euntes
208 2951 287 3010 ergo
302 2931 403 2994 docete
419 2952 535 2993 ornnes
551 2943 677 3014 gentes,
693 2932 890 3012 baptizantes
904 2953 961 2993 eos.
973 2982 997 2995 ..
1044 2933 1135 3014 Quo-

34 3051 106 3093 rum
125 3033 317 3094 remiseritis
333 3043 479 3113 peccata,
497 3035 709 3096 remittuntur
725 3035 816 3096 eis...”

74 3144 126 3212 25.
175 3134 233 3216 (C)
253 3135 440 3200 Corollaria.
488 3135 578 3198 Hinc
594 3136 734 3218 intelligi
751 3139 851 3200 datur
866 3147 993 3218 quanta
1018 3138 1061 3200 sit
1085 3159 1135 3200 sa-

31 3239 173 3301 cerdotii
185 3239 337 3319 dignitas.
382 3240 433 3321 (a)
445 3240 654 3321 Dignitatem
667 3259 781 3320 regum
795 3250 828 3302 et
841 3240 1027 3321 principum
1042 3249 1136 3301 terrae

33 3351 180 3423 superat,
194 3341 294 3421 juxta
316 3343 395 3406 illud
415 3343 451 3407 S.
471 3343 734 3422 chrysostomi&-
756 3343 870 3423 “Regi
892 3362 1030 3423 corpora
1047 3362 1135 3403 com·

33 3447 138 3506 missa
151 3455 237 3516 sunt.
249 3445 421 3509 Sacerdoti
435 3447 556 3508 animae
571 3471 578 3508 :
603 3467 661 3508 rex
676 3446 823 3509 maculas
837 3466 1011 3527 corporum
1026 3445 1136 3506 remit·

32 3548 96 3623 tit;
132 3546 296 3610 Sacerdos
324 3559 436 3610 autem
465 3549 611 3611 maculas
638 3559 901 3629 peccatorum...
949 3547 1008 3610 lile
1036 3545 1137 3610 habet

31 3670 130 3712 arma
146 3651 324 3726 sensibilia,
340 3651 394 3713 hic
410 3671 503 3713 arma
519 3652 724 3732 spiritualia;
747 3653 802 3715 ille
819 3653 942 3714 bellum
960 3653 1044 3732 gerit
1060 3672 1136 3714 cum

33 3751 195 3828 barbaris,
217 3754 297 3816 mihi
320 3754 445 3817 bellum
470 3764 521 3816 est
545 3757 703 3820 adversus
726 3756 904 3820 daemones.
952 3755 1062 3835 Major
1084 3755 1137 3816 hic

32 3857 263 3938 principatus;
287 3866 463 3938 propterea
486 3878 546 3919 rex
569 3869 671 3940 caput
694 3859 862 3921 submittit
885 3857 999 3920 manui
1022 3856 1137 3920 Sacer·

31 3961 125 4022 dotis
135 3959 161 4022 ''.
190 3961 259 4040 ⁴(b)
284 3960 491 4041 Angelorum
517 3962 617 4024 etiarn
641 3962 806 4044 dignitate
830 3971 988 4043 praestat;
1012 3961 1136 4042 Angeli

69 4199 162 4257 ‘Luc
179 4204 277 4271 XXII,
294 4219 334 4275 19.

65 4309 78 4331 2
95 4289 201 4344 Homil.
218 4289 276 4358 4in
291 4291 376 4344 verba
392 4292 446 4346 isa.
461 4291 512 4352 V1.
529 4308 549 4346 1.
