2752 4648
238 157 295 208 DE
314 154 940 208 sncnalanuroeucflamsm.
1075 153 1138 204 ⁴1⁷

43 345 147 399 utrum
177 338 251 419 quis
279 336 443 418 jejunium
473 336 615 418 fregerit,
643 345 753 416 potest
779 335 1034 409 communicare,
1060 333 1137 414 quia

43 441 209 518 probanda
224 450 276 506 est
291 437 408 504 fractio
421 438 501 521 legis
515 439 705 520 priusquam
719 439 793 520 quis
805 437 1051 504 communicare
1063 455 1136 518 pro·

43 537 190 603 hibeatur
201 553 220 605 ¹.

83 670 149 735 144.
184 653 245 737 (Β)
260 656 429 740 othgario.
456 655 629 738 jejunium
641 667 740 737 supra
752 653 952 735 explicatum,
961 652 1020 716 sub
1027 655 1138 735 gravi,

43 755 104 838 lege
115 759 321 823 eccleseasticct
331 760 560 842 prascn'br'tm:

45 857 90 935 (a)
107 859 167 921 llla
182 861 237 924 lex
253 873 304 924 est
320 863 559 944 antiquissima,
575 883 652 926 cum
671 865 713 926 de
736 867 775 925 etl
794 859 948 944 loquatur
970 861 1004 925 S.
1020 861 1135 942 Augae-

43 962 144 1024 str'nus
156 963 278 1044 (Epist
297 980 336 1044 54
357 967 399 1028 ad
418 967 576 1048 lanum),
591 967 718 1030 sancita
741 966 803 1029 fuit
818 985 837 1028 a
853 963 1001 1047 pluribus
1017 963 1137 1026 Conci·

45 1062 92 1124 liis
113 1068 294 1144 praesertim
314 1066 567 1150 Carthaginensi
579 1069 672 1150 (397)
688 1077 721 1130 et
739 1061 978 1132 Constantiensi
991 1066 1136 1146 (1444)².

45 1165 88 1244 (b)
106 1167 349 1234 Convenienter
370 1181 496 1234 statuta
518 1171 579 1236 luit
599 1181 733 1253 propter
752 1170 967 1233 reverentiam
989 1169 1063 1231 huic
1086 1188 1138 1231 sa·

44 1277 209 1336 eramento
236 1274 406 1338 debitam:
443 1285 481 1340 ut
511 1273 623 1336 fideles
655 1273 772 1335 melius
802 1271 989 1352 intelligant
1018 1290 1137 1352 corpus

7 1455 8 1464 ,
45 1369 160 1436 Christi
176 1375 367 1456 primarium
389 1397 503 1439 eorum
527 1377 637 1440 cibum
659 1394 751 1451 esse;
774 1383 807 1436 et
831 1393 924 1436 mens
945 1369 987 1437 sit
1007 1373 1138 1435 liberior

44 1481 75 1534 et
89 1477 276 1556 expeditior
290 1480 332 1541 ad
348 1499 399 1540 res
414 1480 601 1560 spirituales
617 1475 807 1541 tradtandas
820 1477 870 1558 (S.
886 1477 942 1540 Te.
953 1496 982 1557 q.
994 1473 1043 1552 80,
1055 1497 1082 1540 a.
1094 1477 1136 1558 8).

45 1575 208 1642 Naturalis
231 1584 353 1662 pariter
375 1585 557 1646 reverentia
579 1583 695 1663 exigit,
719 1591 755 1645 ut
780 1581 870 1645 nulla
893 1581 1011 1644 saltem
1035 1585 1136 1644 causa

45 1693 185 1761 urgente,
195 1685 445 1748 communicans
459 1685 503 1748 ab
518 1705 575 1749 esu
592 1697 625 1749 et
641 1695 721 1766 potu
739 1685 904 1748 abstineat
915 1685 1022 1746 donec
1035 1703 1136 1746 sacrae

7 1833 8 1844 ,
45 1785 164 1862 species
177 1798 387 1869 consumptae
403 1788 531 1851 fuerint.
1176 1769 1180 1778 Ι

85 1909 149 1975 145
196 1889 255 1982 (C)
272 1901 387 1966 Causae
399 1911 603 1965 accusantes:
626 1900 779 1982 Quatuor
802 1901 977 1982 praecipuae
993 1920 1101 1962 causae
1117 1921 1137 1962 a

34 2023 37 2028 ·
43 1998 162 2078 jejunio
179 2003 407 2068 Eucharistico
425 2013 608 2067 excusant:

7 2149 54 2218 3
45 2100 88 2180 (a)
111 2105 292 2169 Necessitas
312 2108 507 2191 sacreficeum
523 2107 732 2190 perficiendi,¹
763 2127 840 2170 nam
868 2107 924 2168 lex
948 2106 1033 2169 circa
1056 2107 1135 2168 inte·

7 2227 9 2308 3
45 2206 192 2283 gritatem
216 2209 364 2272 sacrificii
389 2220 439 2273 est
460 2211 572 2273 divina
596 2221 629 2272 et
654 2211 717 2290 legi
741 2209 972 2271 ecclesiasticae
992 2217 1136 2289 praestat

7 2263 130 2369 ζἨἰηε
152 2311 178 2371 si
202 2313 363 2387 sacerdos,
387 2323 464 2394 post
486 2313 777 2389 consecrationem,
802 2313 989 2375 recordetur
1011 2332 1046 2374 se
1069 2332 1135 2374 non

45 2429 111 2473 esse
123 2413 283 2495 jejunum,
294 2415 394 2478 debet
410 2425 523 2478 tamen
539 2414 736 2478 sacrificium
753 2416 868 2478 Missae
882 2413 1046 2497 perficere,
1056 2416 1135 2477 item

7 2507 68 2572 si
81 2518 233 2579 sacerdos
248 2505 490 2581 animadvertat
506 2538 549 2594 se,
566 2507 809 2581 communionis
826 2519 972 2594 instanti,
985 2538 1045 2599 pro
1058 2521 1136 2581 vino

46 2619 213 2698 sumpsisse
236 2640 379 2702 aquam;
409 2622 436 2683 si
462 2622 592 2685 accidat
619 2623 835 2684 ut·sacerdos
862 2631 938 2704 post
965 2641 1135 2684 consecra-

46 2719 161 2783 tionem
183 2721 325 2798 deficiat,
348 2723 439 2800 alter,
462 2725 563 2787 etiam
591 2745 656 2787 non
676 2723 819 2806 jejunus,
843 2723 1010 2807 complere
1036 2724 1136 2786 debet

46 2823 241 2887 sacrificium.

45 2921 90 3006 (1))
112 2926 292 2990 Necessitas
313 2928 445 2992 vitandi
460 2931 649 2992 scandalum
660 2956 673 3006 ,·
700 2953 729 2996 v.
746 2951 774 3012 g.
797 2932 823 2992 si
847 2931 1000 2993 sacerdos
1020 2930 1051 2992 in
1076 2951 1135 3012 pu·

7 3055 8 3058 ¹
46 3025 124 3090 blico
138 3030 307 3093 celebrans
327 3033 525 3110 recordetur,
542 3034 646 3096 Missa
662 3033 732 3114 jam
753 3035 907 3114 incoeptA,
923 3053 958 3094 se
978 3053 1043 3094 non
1064 3053 1135 3095 esse

7 3215 8 3218 ,
43 3129 193 3210 jejunum,
207 3142 241 3197 et
258 3155 324 3196 non
341 3136 446 3216 possit
462 3138 532 3198 sine
549 3137 708 3201 scandalo
731 3138 921 3213 discedere;
945 3138 1062 3199 iterum
1082 3138 1136 3199 die

46 3233 202 3298 dominica
217 3247 275 3300 aut
291 3237 376 3300 festo
387 3238 610 3320 obligationis
622 3241 785 3321 parochus
798 3260 863 3303 non
872 3240 1005 3321 jejunus
1017 3250 1136 3321 potest,

7 3335 209 3404 deficiente
234 3338 300 3402 alio
321 3341 523 3404 sacerdote
512 3342 636 3422 Jejuno,
660 3363 720 3424 pro
741 3341 865 3425 populo
888 3342 1027 3404 Missam
1053 3343 1135 3404 cele·

7 3445 9 3490 l
46 3435 139 3514 brare,
163 3441 190 3502 si
216 3461 260 3503 ex
288 3461 354 3503 non
380 3443 601 3507 celebratione
630 3445 818 3507 scandalum
849 3447 1013 3520 timeatur,
1038 3455 1136 3525 prout

7 3557 125 3622 saepe
139 3544 311 3624 contingit,
327 3545 389 3606 nisi
408 3555 522 3627 pastor
542 3548 591 3609 sit
608 3549 734 3628 optime
754 3557 871 3626 notus;
894 3566 985 3609 secus
1008 3565 1086 3608 vero
1109 3547 1135 3607 si

76 3736 118 3789 ¹Si
131 3737 192 3808 quis
205 3738 278 3794 inter
290 3740 495 3795 comedendum
506 3744 550 3796 vel
563 3742 718 3798 bibendum
729 3746 849 3814 primum
862 3744 972 3812 pulsum
982 3744 1059 3796 horae
1069 3743 1138 3795 duo-

47 3819 152 3879 decimae
164 3826 270 3894 audiat,
282 3843 338 3879 non
352 3836 463 3881 tenetur
476 3830 551 3897 quod
571 3831 601 3882 in
619 3847 668 3885 ore
687 3830 772 3884 habet
785 3847 928 3898 exspuere,
943 3829 1009 3899 quia
1027 3828 1065 3883 ad
1083 3829 1137 3882 hoc

48 3907 163 3966 Ecclesia
175 3929 233 3966 non
246 3923 376 3968 censetur
387 3914 513 3982 obligare
527 3916 610 3970 velle.

76 3992 154 4052 'lmo
169 4000 366 4054 Tertullianus
379 4001 427 4068 (ad
443 4002 577 4068 Uxorem,
591 4003 607 4057 1.
626 4005 667 4064 ll,
683 4018 707 4054 c.
726 4013 752 4068 53
771 3999 808 4054 de
821 3999 899 4053 Orat.
914 4015 938 4053 c.
958 3999 1010 4068 14),
1026 4015 1137 4054 necnon

48 4076 73 4130 S.
86 4082 239 4152 Cyprianus
252 4086 317 4155 (Ep.
331 4085 377 4154 63)
396 4087 470 4140 hanc
489 4089 597 4157 praxim
610 4097 842 4152 commemorant,
854 4096 883 4140 et
895 4086 1022 4140 nonnulli
1036 4095 1137 4155 putant

47 4177 100 4220 eam
116 4171 151 4225 ab
168 4171 323 4242 Apostolis,
336 4173 360 4226 si
379 4189 434 4226 non
453 4176 655 4244 praescriptam,
673 4176 774 4230 saltem
791 4173 1020 4228 commendatam
1037 4174 1133 4226 fuisse.

48 4250 83 4304 Cf·
100 4254 213 4326 Carblet,
227 4275 273 4327 op.
289 4257 348 4325 cit,
361 4259 377 4312 l.
392 4259 416 4311 V
423 4260 477 4326 lll,
491 4276 515 4312 c.
534 4259 555 4325 1,
569 4275 593 4312 a.
609 4274 634 4323 2,
652 4256 666 4328 ἓ
681 4274 705 4312 2.

122 4377 244 4425 Sruoesrs
256 4377 301 4424 111.
315 4399 342 4411 -
355 4391 383 4435 27
