2780 4646
341 161 397 210 DE
414 161 576 214 onam
595 158 850 211 flammam.
1084 153 1145 206 Ι121

48 348 165 416 posset,
181 359 257 402 cum
273 341 470 404 certitudine
485 359 687 422 cognoscere
706 339 843 403 deberet
858 359 895 402 se
909 337 1144 420 adimplevisse

47 461 160 506 omnes
171 444 381 508 conditiones
392 445 436 507 ad
444 442 720 525 justificationem
733 441 917 523 requisitas,
929 449 987 502 aut
999 437 1142 520 experiri

48 543 77 604 in
92 563 127 606 se
143 547 355 626 praesentiam
370 548 490 628 gratia:
502 543 762 622 sanstifieantis;
784 545 877 626 atqui
896 553 1050 606 neutrum
1065 561 1141 604 cum

47 647 196 710 absoluta
207 650 405 712 certitudine
417 649 575 730 cognosci
588 649 687 723 valet,
699 667 777 710 nam
793 647 844 730 (a)
855 646 994 708 omnino
1008 642 1144 708 difficile

48 759 94 811 cst
117 750 264 831 aliquem
290 752 373 816 scire
396 773 433 815 se
458 752 531 814 illas
556 751 765 814 conditiones
790 749 1039 831 adimplevisse,
1066 765 1142 809 cum

49 853 276 918 Protestantes
283 856 348 936 ipsi
360 855 528 919 fateantur
539 875 605 916 non
618 874 754 918 omnem
771 853 872 916 fidem
882 849 1071 934 justificare,
1083 851 1143 912 sed

47 973 154 1018 veram
178 956 288 1032 fidem,
306 967 341 1020 et
364 958 489 1021 multos
511 978 584 1021 esse
606 959 665 1040 qui
686 966 806 1041 putent
828 977 865 1019 se
886 975 999 1018 veram
1021 954 1143 1016 habere

48 1055 152 1134 iidem,
167 1059 249 1123 dum
269 1060 325 1122 illa
345 1080 459 1124 revera
480 1071 615 1140 carent3
641 1061 694 1143 (b)
717 1061 854 1124 aliunde
874 1058 990 1138 gratia,
1006 1075 1081 1119 cum
1099 1057 1144 1118 sit

48 1179 94 1220 res
116 1163 256 1224 omnino
276 1164 540 1244 muralis
556 1174 591 1227 et
609 1163 804 1238 abscondita,
819 1181 885 1224 non
910 1149 1007 1223 cadit
1020 1153 1143 1222 dirette

48 1262 105 1323 sub
126 1264 319 1328 testimonio
341 1266 564 1344 conscientiae,
591 1287 651 1329 nec
677 1267 816 1348 proinde
842 1285 919 1327 cum
944 1263 1143 1326 certitudine

49 1365 166 1448 percipi
187 1376 321 1449 potest:
347 1369 527 1450 spiritualis
549 1379 661 1432 autem
684 1369 836 1443 dulced0,
858 1376 917 1429 aut
938 1385 1008 1447 pax
1031 1365 1143 1440 animi,

49 1465 172 1550 aliaque
194 1470 397 1552 hujusmodi,
412 1491 488 1554 quae
510 1472 664 1554 injustis
686 1471 909 1534 communiter
931 1468 1143 1550 reperiuntur,

49 1580 121 1632 sunt
135 1571 230 1653 signa
246 1573 345 1636 nimis
361 1573 484 1637 incerta
496 1585 534 1638 ut
546 1596 590 1638 ex
602 1575 650 1638 eis
661 1576 817 1656 cognosci
834 1572 940 1655 possit
954 1587 1029 1634 cum
1046 1571 1144 1632 abso-

50 1670 115 1735 luta
128 1676 327 1739 certitudine
343 1677 488 1758 aliquem
504 1697 577 1740 esse
593 1677 625 1740 in
642 1687 731 1740 statu
747 1677 873 1758 gratiae.
959 1743 962 1749 ,

82 1789 133 1857 ¹⁶7·
170 1789 219 1860 (C)
238 1788 315 1847 Solu.
334 1788 396 1861 diff
434 1788 503 1860 Obj.
528 1789 750 1846 Protestantes:
770 1789 811 1858 (a)
834 1787 928 1860 “Ipse
951 1786 1031 1844 enim
1054 1785 1144 1857 Spiri-

50 1879 92 1925 tus
115 1873 306 1932 testimonium
331 1875 426 1932 reddit
448 1874 564 1948 spiritui
590 1885 691 1932 nostro
716 1875 799 1946 quod
824 1891 926 1932 sumus
951 1873 1002 1932 filii
1031 1872 1086 1930 Dei
1097 1872 1112 1897 ’¹
1124 1877 1141 1928 ¹.

50 1955 128 2028 Resp.
140 1960 169 2017 S.
181 1959 292 2018 Paulus
305 1961 354 2018 hic
365 1961 535 2034 hypothen'ce
547 1963 688 2036 loquitur,
701 1973 735 2022 ut
745 1980 781 2020 ex
794 1971 934 2020 contextu
947 1960 1103 2032 colligitur,
1114 1969 1143 2018 et

51 2057 146 2102 sensus
158 2057 202 2104 est
214 2066 222 2103 r
236 2047 360 2118 quando
378 2048 409 2105 in
428 2059 505 2107 statu
524 2050 626 2120 gratiae
639 2066 789 2108 versamur
802 2059 832 2106 et
844 2048 1007 2104 clamamus
1020 2051 1036 2076 “
1047 2046 1143 2116 Abba,

53 2126 160 2201 Pater’',
176 2142 249 2190 tunc
267 2133 392 2205 Spiritus
410 2135 530 2194 sandius
547 2136 635 2194 simul
653 2153 722 2194 cum
742 2134 829 2193 nobis
844 2135 962 2202 clamat,
976 2145 1006 2192 et
1024 2134 1066 2190 sic
1085 2151 1143 2190 una

52 2214 198 2275 nobiscum
212 2229 336 2278 testatur
347 2238 402 2279 nos
415 2239 480 2281 esse
499 2223 575 2280 filios
595 2223 660 2282 Dei.
700 2223 760 2281 Sed
780 2221 899 2280 difficile
917 2219 1081 2280 admodum
1100 2231 1144 2278 est

52 2301 118 2360 scire
130 2305 319 2376 quandonam
334 2308 365 2366 in
378 2319 456 2367 statu
474 2311 575 2382 gratiae
594 2329 751 2380 versemur,
765 2319 794 2368 et
813 2319 938 2381 excepto
957 2309 1143 2368 revelationis

52 2403 123 2458 casu,
136 2392 340 2452 testimonium
353 2397 544 2456 conscientiae
557 2398 604 2455 vel
617 2397 742 2471 Spiritus
756 2397 901 2455 incertum
915 2406 1023 2454 manet.

53 2475 88 2543 (b)
100 2477 259 2549 Apostolus
272 2481 362 2540 alibi¹
373 2494 475 2554 aperte
488 2485 619 2542 declarat
632 2473 664 2542 se
677 2501 738 2541 non
754 2500 841 2554 posse
854 2483 981 2555 separari
993 2501 1011 2540 n
1024 2485 1144 2542 caritate

53 2559 153 2622 Christi
169 2584 204 2625 ac
221 2585 291 2624 cum
309 2569 394 2628 firma
410 2570 588 2630 certitudine
607 2573 776 2644 exspetlare
793 2589 933 2628 coronam
950 2571 1070 2641 justitiae
1087 2570 1142 2629 sibi

53 2661 174 2716 paratam
187 2671 195 2722 ;
214 2669 294 2723 ergo.
334 2654 420 2727 Resp.
441 2656 478 2714 In
492 2657 580 2728 priori
594 2665 676 2715 textu
689 2656 718 2714 S.
735 2657 844 2714 Paulus
857 2658 964 2729 pariter
975 2658 1145 2730 hypothetice

53 2730 180 2808 loquitur,
199 2738 353 2796 declarans
373 2759 471 2814 neque
491 2753 617 2800 mortem
637 2761 735 2815 neque
754 2744 844 2801 vitam
864 2754 919 2802 etc.
941 2763 1028 2816 posse
1048 2747 1143 2817 justos

53 2835 177 2892 separare
194 2843 212 2882 a
230 2825 361 2894 caritate,
375 2829 430 2886 sed
449 2847 509 2887 non
529 2831 602 2889 dicit
621 2849 653 2888 sc
672 2849 736 2889 esse
755 2843 836 2889 certo
853 2833 964 2902 justum
971 2851 978 2900 ;
998 2833 1026 2888 in
1047 2844 1143 2904 poste·

53 2907 120 2980 riori,
134 2912 286 2986 exspectat
298 2914 421 2986 quidem
434 2917 607 2989 cnfidenter
617 2928 758 2976 aeternam
772 2919 1002 2988 retributionem,
1018 2919 1096 2991 quia,
1114 2921 1143 2976 in

54 3009 186 3064 quantum
207 3000 341 3073 judicare
362 3013 468 3074 potest,
493 3004 607 3062 bonum
629 3014 780 3063 certamen
800 3005 931 3074 certavit,
948 3005 1001 3063 sed
1020 3005 1144 3064 mininie

53 3085 144 3142 asserit
161 3086 220 3144 hoc
239 3104 305 3145 esse
323 3087 477 3158 objectum
491 3088 570 3150 fidei.
612 3091 679 3149 Imo
693 3089 782 3149 alibi³
793 3090 897 3149 addit:
921 3094 935 3122 “
946 3091 1069 3162 Castigo
1082 3111 1144 3150 cor-

54 3181 100 3234 pus
114 3188 247 3228 meum...
257 3172 381 3244 nefarie,
393 3192 461 3232 cum
476 3175 539 3234 aliis
553 3177 782 3249 praedicaverim,
794 3177 852 3249 ipse
862 3179 995 3249 reprobus
1002 3179 1111 3251 effin'ar
1118 3181 1141 3237 ”.

54 3251 80 3306 Si
100 3258 163 3327 quis
187 3268 289 3317 autem
315 3262 479 3320 contendat
504 3263 683 3334 Apostolum
709 3273 822 3320 certum
851 3264 942 3322 fuisse
967 3265 1145 3325 certitudine

55 3337 112 3398 lidei
124 3343 163 3402 de
175 3346 296 3418 propris
307 3346 410 3419 salute,
425 3351 593 3408 concedere
606 3349 697 3408 debet
715 3351 771 3422 ipsi
791 3367 963 3406 concessam
977 3350 1067 3408 fuisse
1080 3369 1144 3422 spe-

54 3427 145 3488 cialem
162 3432 383 3504 revelationem,
397 3452 466 3506 quae
481 3440 681 3496 communiter
697 3437 833 3496 fidelibus
852 3456 913 3495 non
928 3438 1022 3508 datur,
1039 3457 1141 3512 quum,

55 3521 116 3574 teste
130 3518 222 3576 Paulo
230 3521 250 3586 ⁴,
264 3538 327 3578 cum
340 3528 416 3578 metu
427 3529 456 3577 et
466 3530 586 3580 trenrore
599 3541 682 3581 suam
696 3523 822 3581 salutem
835 3523 949 3593 operari
964 3521 1101 3580 debeant.

91 3618 152 3684 168.
201 3629 237 3695 3⁰
264 3616 490 3682 corollarium.
541 3619 674 3682 Erravit
701 3620 802 3700 igitur
830 3617 1031 3681 Catharinus
1057 3639 1144 3680 asse·

57 3717 143 3779 rendo
159 3719 328 3800 propriam
342 3719 614 3801 justificationem
631 3721 788 3803 cognosci
805 3740 903 3802 posse
919 3739 994 3782 cum
1012 3721 1143 3784 certitu·

57 3813 120 3880 dine
140 3821 362 3884 conclusionis
382 3823 600 3904 theologicae;
624 3844 710 3898 nam,
728 3822 803 3884 licet
826 3820 869 3883 de
893 3821 957 3884 fide
973 3822 1015 3884 sit
1033 3823 1143 3888 Deum

55 3909 218 3990 justificare
235 3920 308 3983 illos
324 3941 441 3986 omnes
457 3925 514 4004 qui
531 3924 680 4006 proprias
693 3923 927 4007 dispositiones
939 3926 1072 4002 habent,
1084 3928 1143 3989 mi-

58 4046 1128 4076 Μ

85 4123 178 4186 ¹Ronn
192 4133 277 4202 Vlll,
295 4135 335 4190 16.
352 4164 386 4174 -
399 4135 409 4168 ¹
421 4138 503 4192 Rom.
515 4138 583 4206 Vll,
598 4139 648 4205 385
670 4141 705 4193 ΙΙ
717 4142 790 4194 Tim.
809 4142 858 4209 IV,
878 4157 900 4200 1.

87 4219 189 4276 ⁸1c0r.
206 4221 256 4290 1x,
270 4236 312 4292 27.
330 4251 359 4262 -·
373 4223 524 4294 41)]ιίΙίρῤΙ
542 4226 638 4292 11,12.
