2770 4646
237 181 293 231 DE
313 179 703 232 SACRAMENTORUM
724 177 991 230 EFFECTOEUS.
1101 172 1155 224 181

72 375 139 426 esse;
150 360 280 430 jamvero
292 371 476 420 sacramenta
490 371 558 418 sunt
572 359 684 417 morale
697 357 896 430 compositum
902 375 909 425 ;
923 371 994 426 ergo
1008 350 1157 410 moraliter

72 454 225 512 operantur.

99 540 135 595 5¹·
171 531 180 598 t
185 533 219 600 Β)
229 532 317 604 Juxta
332 531 502 599 Tlromisias,
517 530 634 593 Suana
647 530 781 601 aliosque
790 531 806 598 ¹,
820 538 1003 586 sacramenta
1016 532 1084 580 sunt
1098 536 1157 576 non

70 616 154 672 solum
176 635 264 676 causa
285 619 414 682 moralis,
435 617 488 680 sed
511 617 598 678 etiam
620 617 736 689 physica
758 615 867 686 gratiae,
888 631 922 671 ac
942 610 1068 685 proinde
1089 615 1158 664 sunt

69 702 148 759 reluti
161 707 278 763 canales
287 723 424 778 perquos
437 703 559 777 physice
568 714 597 762 et
608 703 724 762 realiter
736 703 828 774 gratia
842 701 871 758 in
884 699 1013 758 animam
1027 705 1157 754 nostram

67 790 174 860 transit;
187 792 275 849 verba
288 793 368 850 euim
384 792 550 862 Scriptum,
568 801 596 848 et
610 791 737 847 Parrum
750 787 997 860 comparationes
1006 785 1045 842 de
1058 795 1157 838 causa·

68 870 141 932 litate
153 875 272 948 physica
285 877 390 934 melius
404 875 608 948 intelliguntur
616 896 623 946 ;
636 887 665 934 et
678 877 798 935 aliunde
810 884 1006 942 sacramenta,
1014 871 1082 928 licet
1093 885 1157 926 sen-

66 959 161 1030 sibilia,
174 975 298 1036 possunt
312 982 377 1023 esse
390 963 524 1022 vehicula
543 963 653 1034 gratiae,
666 963 741 1020 sicut
758 980 845 1020 voces
863 959 1016 1018 sensibiles
1033 962 1157 1030 possunt

65 1063 124 1104 esse
136 1048 268 1106 vehicula
280 1051 475 1122 cogitationis.
516 1053 556 1120 (a)
567 1050 716 1121 Objicitur
726 1049 847 1124 quidem
862 1055 1079 1106 sacramentum
1093 1057 1157 1099 esse

64 1148 114 1188 ens
126 1137 266 1192 transiens
278 1136 360 1207 quod
374 1137 501 1208 amplius
515 1154 575 1194 non
590 1136 686 1195 existit
699 1153 736 1194 eo
750 1135 870 1208 praecise
888 1131 1005 1191 instanti
1021 1147 1082 1202 quo
1094 1145 1157 1198 gra·

64 1217 102 1273 tia
114 1221 258 1279 confertur
270 1245 277 1288 ;
295 1241 366 1293 ergo
385 1222 506 1295 physice
519 1225 632 1296 operari
648 1225 759 1296 nequit.
800 1222 858 1280 Sed
871 1221 910 1278 acl
925 1219 1076 1293 physicam
1090 1230 1157 1271 carr-

63 1305 200 1364 salitatem
218 1309 342 1366 minime
358 1309 516 1380 requiritur
531 1321 563 1368 ut
580 1321 798 1367 sacramentum
819 1319 914 1367 totum
934 1305 1021 1364 simul
1038 1302 1157 1365 existat:

62 1391 163 1450 sufficit
182 1405 221 1464 ut,
243 1405 378 1466 tempore
397 1413 458 1468 quo
476 1396 569 1467 gratia
585 1397 767 1468 producitur,
785 1394 898 1467 aliquid
917 1393 991 1464 signi
1011 1385 1157 1448 sensibilis

62 1490 224 1546 remaneat;
243 1480 327 1552 quod
342 1479 372 1536 ht
387 1479 416 1534 in
430 1481 640 1550 sacramentis3
660 1497 728 1536 nam
749 1479 778 1536 in
798 1479 904 1537 ultimo
924 1474 1042 1534 instanti
1062 1471 1156 1544 prola·

62 1559 146 1618 tionis
157 1563 314 1621 verborum
327 1565 449 1622 effeetus
462 1565 559 1623 statim
575 1566 756 1638 producitur.
796 1567 836 1636 (b)
847 1565 968 1622 Instant
978 1556 1134 1619 adversarii
1150 1577 1155 1614 :

61 1645 99 1703 de
114 1649 220 1708 ratione
238 1651 425 1708 instrumenti
445 1651 558 1724 physici
577 1663 620 1708 est
640 1663 671 1728 ut
690 1670 756 1710 vere
773 1663 802 1709 et
820 1651 934 1710 realiter
947 1658 1048 1718 tangat
1060 1643 1156 1713 subje-

61 1731 138 1790 aum
157 1736 185 1792 in
204 1737 288 1807 quod
306 1739 387 1808 agit;
411 1738 494 1808 atqui
514 1749 733 1795 sacramentum
753 1737 882 1794 animam
903 1747 1023 1806 tangere
1042 1729 1154 1802 nequit.

62 1819 141 1892 Resp.
152 1845 162 1878 .·
178 1835 397 1881 sacramentum
411 1825 540 1882 animam
559 1825 676 1896 attingit
696 1843 755 1882 non
776 1825 898 1896 quidem
912 1823 1024 1879 ratione
1037 1819 1091 1885 sui,
1104 1814 1156 1872 sed

61 1907 168 1966 ratione
180 1911 300 1966 uirtutis
313 1909 368 1982 ipsi
382 1911 644 1983 supernaturaliter
657 1911 760 1976 insitae,
775 1911 851 1968 sicut
864 1910 907 1967 sol
921 1924 1045 1978 corpora
1058 1913 1157 1962 nostra

61 1995 149 2065 tangit
162 2013 222 2052 non
236 1996 402 2054 substantii
420 1999 483 2068 sud,
499 1998 552 2056 sed
571 1999 712 2056 contadtu
729 1998 842 2055 virtutis
857 2007 886 2054 et
901 1994 1013 2052 caloris.
1053 1993 1090 2060 (c)
1107 1988 1157 2044 Ia-

61 2086 136 2134 stant
148 2080 274 2138 iterum:
295 2097 439 2154 repugnat
453 2083 589 2141 virtutem
607 2084 787 2156 spiritualem
808 2083 903 2141 inesse
921 2081 982 2138 enti
1002 2092 1154 2148 corporeo,

61 2167 145 2236 quale
157 2179 200 2225 est
213 2179 438 2227 sacramentum.
459 2169 542 2242 Resp.
555 2191 566 2224 :
579 2182 724 2242 repugnat
737 2171 859 2242 quidem
874 2169 1010 2225 virtutem
1024 2161 1156 2236 spiritua·

62 2251 115 2308 lem
129 2254 223 2313 inesse
236 2255 298 2312 enti
311 2273 454 2328 corporeo
471 2275 507 2313 cx
525 2276 552 2314 sc
569 2265 597 2314 et
609 2266 820 2328 pernrnnrnter,
837 2257 889 2315 sed
903 2254 1001 2313 “nihil
1021 2248 1157 2325 prohibet

61 2339 88 2393 in
107 2356 228 2412 corpore
246 2358 311 2398 esse
330 2341 467 2400 virtutem
487 2344 668 2416 spiritualem
684 2343 952 2412 instrumentaliter,
969 2341 1156 2410 inquantum

61 2424 164 2484 scilicet
177 2444 287 2498 corpus
301 2437 399 2498 potest
414 2431 523 2486 moveri
541 2429 580 2486 ab
599 2431 699 2506 aliqua
717 2431 881 2490 substantia
900 2426 1042 2502 spirituali
1055 2424 1094 2482 ad
1107 2423 1156 2480 ali-

60 2527 145 2580 quem
163 2513 302 2570 effedlnm
322 2514 505 2585 spiritualem
526 2517 739 2586 inducendum,
753 2517 827 2576 sicut
840 2527 869 2576 et
884 2517 912 2574 in
927 2516 990 2588 ipsa
1003 2530 1077 2572 voce
1092 2528 1156 2568 sen·

61 2597 133 2655 sibili
146 2611 189 2657 est
203 2601 341 2672 quaedam
359 2602 401 2658 vis
418 2603 575 2675 spiritualis
593 2604 632 2662 ad
651 2605 841 2663 excitandum
860 2605 1042 2662 intellectum
1062 2597 1156 2656 homi·

61 2685 112 2756 nis,
138 2686 165 2742 in
191 2699 336 2758 quantum
364 2691 498 2760 procedit
523 2707 540 2747 a
566 2693 764 2764 conceptione
790 2692 921 2750 mentis”
946 2691 988 2762 (S.
1014 2688 1064 2745 Tt.
1088 2686 1105 2742 l.
1130 2703 1154 2740 c.

61 2771 96 2828 ad
111 2775 142 2840 r).
171 2774 211 2842 (d)
225 2775 413 2833 Sacramenta
427 2775 495 2834 fiete
508 2789 654 2849 suscepta,
668 2790 781 2836 remoto
795 2779 889 2848 obice,
903 2777 1025 2850 gratiam
1036 2790 1156 2830 causare

62 2871 200 2926 possunt;
224 2861 307 2932 atqui
327 2879 387 2918 non
408 2859 529 2934 physice
548 2883 613 2922 eam
635 2867 814 2938 producunt,
838 2883 930 2937 quum
950 2863 1076 2934 amplius
1096 2877 1156 2916 non

61 2945 198 3016 existant;
217 2964 298 3018 ergo.
337 2947 422 3020 Resp.
437 2951 574 3008 :etiamsi
589 2951 618 3007 in
633 2953 690 3009 hoc
704 2971 773 3010 casu
786 2953 935 3011 moraliter
951 2957 1079 3021 agerent,
1096 2963 1156 3003 non

60 3032 162 3091 exinde
172 3033 304 3104 sequitur
314 3051 349 3092 ea
359 3035 389 3091 in
399 3036 480 3092 omni
492 3055 561 3095 casu
576 3039 725 3097 moraliter
736 3051 849 3097 tantum
863 3039 985 3112 operari.
1024 3033 1155 3092 Aliunde

61 3131 327 3192 sacramentaque
346 3123 532 3196 reviviscunt,
547 3127 710 3196 generatim
729 3127 907 3185 caratterem
929 3123 1110 3197 imprimunt,
1127 3130 1155 3178 et

63 3205 205 3264 mediante
218 3207 375 3274 carac'iere,
391 3210 513 3282 physice
526 3214 649 3282 gratiam
664 3215 828 3286 producere
842 3214 948 3278 valent,
963 3209 1078 3270 etiamsi
1096 3225 1155 3264 non

62 3292 182 3364 amplius
195 3293 363 3370 subsistant

95 3379 167 3437 Haec
178 3381 282 3452 opinio
296 3393 327 3438 ut
334 3383 516 3453 probabr'lt'or
525 3387 705 3457 propugnari
716 3397 821 3458 potest,
835 3384 1001 3444 dummodo
1015 3394 1155 3450 tanquam

63 3481 122 3524 '’ere
136 3467 299 3541 probabilis
312 3471 458 3527 contraria
472 3473 671 3544 permittatur.'

286 3597 335 3653 11.
360 3596 494 3668 Qualis
518 3598 755 3670 producatur
777 3592 933 3670 gratia?

101 3707 214 3770 Gratia
236 3727 255 3769 a
276 3709 491 3772 sacramentis
512 3709 682 3792 produeta,
703 3714 830 3794 duplex
851 3723 922 3774 est:
946 3709 1052 3790 gratia
1075 3731 1154 3780 cont·

65 3811 164 3873 rnrrm's
179 3830 236 3873 seu
254 3807 473 3887 sandiilicans,
488 3822 521 3874 et
537 3814 644 3894 gratia
658 3812 910 3876 sacramentalis.

101 3924 145 3990 52.
214 3926 245 3976 10
276 3914 328 3975 De
359 3913 478 3978 Gratiri
508 3915 735 3998 saniiificante.
796 3917 911 3980 Gratia
942 3913 1157 3991 sandiificans,

65 4034 155 4093 quam
172 4011 382 4080 sacramenta
403 4019 585 4094 conserunt,
602 4029 652 4082 est
662 4019 784 4100 prium,
801 4020 850 4082 vel
867 4019 1003 4082 secundo
1015 4043 1029 4092 ,·
1046 4019 1157 4100 prima

96 4183 102 4214 ¹
115 4189 142 4242 S.
160 4189 187 4242 T
184 4187 289 4256 hornus,
307 4203 323 4256 3
337 4206 363 4258 p.
379 4205 407 4259 q.
422 4191 466 4256 62,
480 4207 506 4242 a.
522 4207 554 4258 43
574 4191 692 4252 Sttarea,
707 4189 776 4260 disp.
794 4191 850 4256 lX;
871 4192 1009 4245 Salnmnl.
1021 4191 1092 4260 disp.
1106 4191 1155 4252 IV,

66 4269 124 4326 dub.
137 4289 198 4345 3-43
218 4274 356 4341 Billrrart‚
370 4273 437 4330 diss.
454 4276 509 4342 111,
523 4293 546 4330 a.
562 4285 585 4330 2'.
727 4275 729 4278 ’
1030 4277 1033 4282 ’
