2770 4652
244 189 301 238 DE
318 185 612 236 Poenllrsn'rm
630 185 931 238 SACRAMENTO.
1074 184 1142 236 ⁴90

76 377 128 442 34
175 367 271 424 rhesis
285 386 296 420 .·
321 365 450 430 Omnia
474 370 512 428 et
535 364 615 430 sola
639 371 790 444 peccata
814 370 897 444 post
922 363 1142 442 baptismum

36 460 233 526 commissa
247 468 333 526 sunt
348 461 500 526 materia
512 467 652 526 remota
662 461 881 526 sacramenti
895 458 1120 524 Poenitentiae
1134 476 1142 521 ε

37 558 205 622 mortalia
218 558 378 623 nondum
393 559 576 623 declarata
585 558 808 622 constituunt
821 557 1009 622 materiam
1021 571 1142 620 neces·

37 653 182 732 sariam,
197 655 350 720 venialia
363 662 487 720 autem
509 660 547 720 et
561 655 638 734 jam
661 654 814 718 remissa
835 653 1023 718 materiam
1046 650 1141 716 sulii·

37 749 192 814 cientem
206 751 363 817 liberam.
409 751 544 818 Certum
562 763 621 816 est.

79 873 131 939 35
182 878 214 926 1⁰
235 865 450 948 Solapeccata
462 877 537 948 post
556 867 751 949 baplr'smum
771 867 965 938 commissa,·
989 885 1076 940 nam,
1098 884 1142 927 ex

38 963 147 1041 dictis,
159 979 402 1034 sacramentum
418 970 627 1034 Poenitentiae
644 989 702 1051 per
718 971 854 1032 modum
862 967 989 1048 siedicr'i
1002 967 1143 1030 admini-

38 1077 178 1146 stratur;
202 1073 295 1152 atqui
313 1073 471 1149 Ecclesia,
486 1080 524 1135 ut
539 1073 586 1135 ait
603 1073 632 1134 T
630 1073 745 1136 rident.
759 1072 849 1152 (sess.
865 1069 961 1144 XIV,
973 1089 1043 1150 cap.
1057 1068 1096 1146 2),
1108 1069 1141 1130 in

39 1172 208 1235 neminem
233 1173 394 1254 judicium
422 1183 564 1252 exercet,
590 1175 646 1257 qui
678 1194 744 1238 non
777 1173 867 1255 prius
894 1173 926 1234 in
953 1172 1059 1252 ipsam
1085 1190 1144 1251 per

39 1273 198 1355 baptismi
213 1276 350 1357 januam
368 1278 464 1341 fuerit
480 1279 665 1360 ingressus:
690 1276 808 1360 “Quid
825 1275 913 1338 enim
931 1273 1020 1349 mihi,
1037 1273 1143 1354 inquit

40 1375 228 1458 Apostolus
241 1391 262 1455 ¹,
277 1381 319 1443 de
335 1381 373 1442 iis
389 1381 445 1462 qui
462 1381 540 1444 loris
555 1389 632 1443 sunt
644 1379 814 1461 judicare?
827 1379 842 1404 ''
887 1377 1037 1441 Aliunde
1052 1375 1142 1439 aliud

39 1491 287 1546 sacramentum
304 1483 492 1546 institutum
509 1494 560 1546 est
571 1483 613 1545 ad
626 1481 769 1546 delenda
781 1489 917 1563 peccata
929 1489 1008 1544 ante
1020 1478 1144 1560 baptis-

41 1603 136 1646 mum
153 1585 331 1647 commissa
354 1595 388 1648 et
410 1587 518 1668 ipsum
535 1584 694 1667 originale
713 1594 897 1666 peccatum,
913 1594 949 1647 ut
968 1582 1045 1646 alibi
1070 1601 1144 1663 pro·

41 1684 159 1748 batum
177 1697 227 1748 est
245 1687 309 1766 (Dc
322 1687 497 1770 Baptismo,
513 1709 542 1751 n.
561 1705 578 1750 2
583 1689 614 1768 3)
626 1699 647 1750 ².

85 1795 136 1876 36.
193 1814 228 1862 2⁰
254 1801 374 1865 Omnia
392 1811 521 1884 peccata
544 1801 695 1864 mortalia
718 1801 860 1864 nondum
883 1800 1046 1864 declarata
1068 1807 1147 1860 sunt

42 1899 185 1961 mamia
199 1901 376 1963 necessaria
389 1901 487 1982 dusiis
500 1904 702 1978 sacramenti,
715 1914 752 1967 ut
767 1913 899 1966 constat
915 1923 958 1965 ex
974 1899 1072 1966 ditiis
1088 1900 1144 1962 ubi

42 2003 84 2064 de
109 2004 307 2066 necessitate
329 2024 409 2068 sacr.
430 2004 660 2082 Poenitentiae3
682 2008 709 2068 si
733 2008 820 2069 enim
845 2025 946 2069 unum
971 2013 1143 2086 peccatum

44 2108 291 2185 graveremitti
315 2119 427 2190 posset
450 2107 521 2169 sine
544 2127 675 2171 recursu
698 2109 740 2171 ad
765 2117 965 2190 potestatem
993 2105 1145 2180 clavium,

44 2207 237 2290 hujusmodi
251 2220 399 2292 potestas
411 2209 557 2273 illusoria
568 2221 655 2274 esset
663 2233 671 2288 ;
687 2231 774 2287 narn,
787 2231 888 2293 quum
905 2209 995 2272 nulla
1007 2209 1049 2272 sit
1061 2209 1146 2271 ratio

45 2333 102 2373 cur
127 2332 230 2374 unum
254 2323 426 2394 peccatum
451 2313 592 2376 clavium
622 2314 779 2395 potestati
806 2312 999 2394 subjiciatur
1021 2312 1143 2394 potius·

46 2436 147 2496 quarn
165 2416 315 2492 alterum,
330 2437 459 2480 sacrum
476 2417 620 2480 tribunal
642 2419 888 2501 relinqueretur,
903 2437 963 2479 nec
983 2415 1052 2498 jam
1076 2434 1147 2477 am-

46 2519 134 2600 plius
150 2523 296 2585 exerceri
314 2531 426 2604 posset
446 2531 594 2604 potestas
617 2523 808 2586 dimittendi
824 2522 875 2585 vel
892 2520 1054 2584 retinendi
1071 2541 1145 2602 pec-

47 2633 129 2686 cata.
178 2624 268 2686 Hinc
289 2625 432 2688 deent.
450 2633 539 2704 (sess.
556 2623 652 2700 XIV,
668 2647 737 2688 can.
755 2627 789 2708 7)
811 2623 959 2688 definivit
975 2624 1016 2686 ad
1034 2623 1146 2686 remis-

47 2727 176 2788 sionem
200 2737 411 2808 peccatorum
435 2727 654 2790 necessarium
682 2748 754 2790 esse
777 2725 951 2790 “confiteri
977 2725 1091 2788 omnia
1114 2735 1148 2788 et

47 2829 180 2910 singula
196 2838 331 2910 peccata
355 2831 516 2905 mortalia,
532 2849 671 2910 quorum
697 2830 855 2893 memoria
878 2847 953 2890 curn
976 2826 1091 2889 debita
1113 2837 1148 2890 et

47 2934 200 3014 diligenti
217 2934 503 3015 praemeditatione
519 2931 679 2994 habeatur
689 2933 713 2994 ''.

91 3065 142 3134 37.
179 3069 214 3133 3⁰
235 3055 266 3116 V
263 3055 383 3118 emelia
397 3062 475 3116 sunt
487 3049 625 3113 materia
640 3047 797 3129 sufficiens
811 3055 843 3108 et
854 3045 974 3118 liberm·
991 3043 1050 3126 (Α)
1062 3045 1148 3129 suffi-

48 3154 141 3228 ciens,
156 3153 172 3215 i.
185 3175 213 3220 e.
231 3174 270 3216 ea
285 3175 369 3235 quae,
384 3153 484 3216 etiarn
502 3173 561 3235 per
575 3173 610 3214 se
626 3149 705 3224 sola,
720 3149 762 3212 ad
780 3147 1022 3210 absolutionem
1040 3149 1149 3211 valide

49 3257 272 3338 recipiendam
296 3257 457 3334 sufficiat;
487 3255 586 3319 verba
610 3253 697 3316 enim
722 3251 845 3316 Christi
871 3251 914 3314 de
938 3261 1147 3332 peccatorum

49 3361 245 3422 remissione
268 3359 434 3440 generalia
457 3367 543 3430 sunt,
560 3367 593 3420 et
616 3356 658 3418 ad
682 3355 795 3417 omnia
818 3363 962 3436 peccata,
978 3355 1078 3417 etiam
1095 3375 1148 3418 ve·

50 3463 153 3525 nialla
168 3483 240 3524 sese
256 3463 465 3538 extendunt;
488 3461 577 3543 quod
596 3459 765 3540 Scriptura
781 3458 851 3519 sola
867 3477 933 3518 non
951 3465 1063 3538 posset
1079 3456 1150 3538 qui-

49 3567 127 3627 dem
153 3565 293 3648 probari,
311 3566 367 3626 sed
397 3565 428 3626 T
425 3564 585 3626 raditione
608 3561 693 3624 clare
716 3560 896 3635 evincitur;
919 3559 967 3638 (a)
992 3559 1039 3620 ait
1061 3560 1149 3621 enim

51 3671 88 3732 S.
114 3669 296 3750 Cyprianus
318 3667 375 3750 (de
400 3668 528 3749 Lapsis,
551 3687 576 3729 c.
601 3669 675 3738 28l:
699 3669 716 3697 ‘⁴
725 3664 828 3746 Apud
855 3661 1060 3724 sacerdotem
1085 3661 1149 3723 Dei

86 3877 129 3931 ιΙ
141 3877 202 3930 Cor.
219 3877 253 3943 V,
271 3889 308 3930 12.

86 3971 97 4002 ²
110 3963 140 4019 Si
154 3973 301 4033 peccatum
315 3960 451 4030 sacrilegii
466 3959 494 4014 in
507 3959 666 4028 receptione
676 3955 811 4026 baptismi
825 3952 1006 4008 commissum
1019 3951 1108 4018 luerit,
1123 3952 1150 4006 in

53 4051 181 4122 sequenti
202 4049 377 4104 confessione
398 4047 533 4103 declarari
553 4046 655 4108 debet;
680 4059 746 4096 nam
768 4052 907 4112 quatenus
928 4041 982 4094 hoc
1004 4049 1151 4109 peccatum

54 4137 242 4210 perseveravit
255 4148 381 4206 tempore
393 4153 449 4205 quo
461 4131 607 4188 character
619 4130 795 4200 baptismatis
805 4127 1025 4198 imprimebatur,
1035 4136 1079 4180 est
1088 4142 1151 4194 pec·

54 4240 147 4282 catum
167 4237 231 4294 post
251 4225 420 4294 baptismum
444 4220 634 4284 commissum,
658 4216 831 4288 proindeque
853 4213 971 4269 materia
994 4211 1152 4266 necessaria

56 4311 235 4385 poenitentiae.
