2738 4646
598 397 994 540 turannos

461 606 535 736 uc
576 589 1126 739 continuatione.

488 1120 744 1199 Auctores
773 1121 1098 1200 consulendi.

284 1279 331 1337 De
351 1279 587 1338 Confirmatione
605 1280 794 1351 scripserunt,
807 1291 912 1352 praeter
929 1281 1065 1340 auctores
1083 1285 1228 1356 allegatos
1249 1285 1332 1342 ubido

249 1367 443 1424 sacramentis
456 1367 487 1423 in
497 1385 617 1438 genere:

284 1465 366 1522 Inter
380 1455 530 1519 Patres:
546 1463 724 1516 Innocentius
737 1464 748 1514 l
763 1466 791 1531 (†
801 1469 874 1535 417),
889 1463 982 1534 Epist.
995 1465 1034 1522 ad
1046 1465 1239 1532 Decentium,
1249 1485 1304 1539 cap.
1312 1485 1332 1538 3:

248 1551 400 1615 Gregorius
413 1550 453 1600 Μ.
471 1552 498 1618 (†
511 1553 584 1622 604),
601 1549 693 1620 Epist.
709 1548 762 1620 lib,
777 1550 829 1619 IV,
846 1567 891 1621 ep.
905 1569 923 1620 9
935 1560 965 1608 et
979 1555 1013 1607 26
1022 1559 1038 1606 ¹.

285 1647 367 1704 Inter
379 1637 606 1716 Theologos:
620 1649 679 1714 Jos.
694 1648 859 1701 vicecomes
872 1650 1027 1719 (visconti),
1039 1650 1087 1706 De
1101 1650 1223 1709 Ritibus
1236 1651 1332 1711 Contr-

249 1735 396 1802 mationis,
416 1734 590 1805 Mediolani,
615 1739 697 1802 1618,
719 1737 838 1788 Basilius
857 1737 982 1797 Pontius,
1005 1736 1040 1794 O.
1062 1737 1090 1794 S.
1113 1741 1191 1810 Aug.
1210 1741 1255 1798 De
1272 1757 1329 1796 suci.

249 1819 500 1888 ConfirmationiS,
521 1836 549 1875 2⁸
568 1821 638 1878 edit.
663 1823 794 1892 Lovanii,
818 1827 902 1894 1642;
930 1822 1082 1876 Guilelmus
1099 1826 1198 1892 Beyer,
1216 1827 1329 1884 Desacr.

250 1907 500 1977 ConfirntatiouiS‚
513 1909 695 1980 Antuerpiae,
711 1915 788 1981 165o;
803 1910 834 1960 L.
849 1910 1019 1970 liolstenius,
1034 1909 1080 1966 De
1091 1929 1163 1968 sacr.
1175 1911 1330 1970 Confimut

249 1995 330 2066 apud
349 1994 483 2063 Graecos,
506 1995 625 2058 Romae,
651 2001 734 2064 1669;
760 1995 975 2057 sainte-Reuss,
998 1996 1045 2053 De
1064 1997 1294 2056 Confirmatione
1310 2011 1330 2053 et

251 2082 304 2139 Ex.
323 2080 481 2150 Unctione‚
501 2085 587 2150 1686;
607 2082 757 2142 Vitassius,
772 2100 823 2140 seu
838 2083 937 2153 potius
951 2081 1145 2140 Oratoriauus
1158 2085 1215 2142 sub
1228 2083 1330 2142 nominc

249 2167 377 2236 Vitassii,
394 2167 443 2223 Tr.
461 2168 499 2225 de
519 2167 763 2238 Confirmatione,
785 2168 929 2234 Venetiis,
955 2171 1029 2240 1738,
1048 2186 1094 2240 ap.
1114 2170 1227 2241 Migne,
1243 2167 1330 2226 Theoi.

250 2253 334 2312 Curs.
350 2253 405 2311 vol.
420 2254 504 2325 XXI,
521 2271 549 2326 p.
565 2273 616 2327 545
630 2273 671 2326 sq.
677 2276 685 2327 ;
704 2256 831 2307 Andreas
843 2256 913 2319 Gau,
929 2255 974 2312 De
987 2255 1085 2313 valore
1098 2274 1242 2314 memuum
1253 2258 1330 2327 impo-

250 2340 466 2412 sitionisutque
481 2341 628 2398 unctionis
644 2343 672 2398 in
686 2361 758 2399 sacr.
775 2342 1028 2407 Confirmationis,
1044 2343 1189 2413 Coloniae,
1209 2347 1276 2416 1832.

286 2441 368 2497 Inter
389 2431 661 2495 Protestantes:
684 2442 851 2502 Bachmann,
873 2441 930 2498 Die
949 2439 1167 2498 Confirmation
1188 2442 1239 2499 der
1258 2441 1329 2497 Kne-

250 2523 418 2580 chumeueu
428 2523 456 2577 in
466 2521 518 2578 der
528 2523 763 2592 Evangelischen
774 2523 893 2592 Kirche,
905 2525 1011 2597 Berlin,
1023 2527 1101 2597 1852;
1115 2527 1327 2590 Setinis-Herzog.

251 2609 425 2680 Encyclop.,
436 2627 464 2680 p.
480 2625 548 2678 530;
562 2606 830 2665 sinim-Circeium,
847 2607 926 2665 Dlet.
942 2609 976 2664 os
986 2609 1135 2666 Christian
1150 2611 1259 2681 Antiq.,
1270 2623 1329 2664 rote

254 2695 482 2766 confirmatum
502 2694 727 2758 Lichtcnbergcr,
745 2693 878 2764 Encycl„
895 2705 913 2750 t.
930 2694 990 2762 ΙΙΙ,
1004 2713 1031 2766 p.
1048 2713 1109 2767 35⁴·

339 2828 387 2884 Ex
409 2829 561 2884 Ducnnro
579 2827 726 2883 Concruu
748 2826 948 2882 Fuonnurrur
969 2843 1026 2884 suu
1047 2828 1198 2886 Euunnro
1218 2829 1259 2886 lV

519 2928 579 2968 ruo
600 2927 834 2969 rusrnucrroun
854 2913 1077 2970 Anniuuonuu.

287 3033 457 3092 Secundum
468 3041 733 3088 sacramentuiuest
740 3032 1034 3104 Confirmatio,cujus
1043 3035 1163 3092 materia
1173 3046 1215 3092 est
1223 3033 1328 3091 cluisnu

250 3121 420 3178 coniedlum
439 3137 475 3176 ex
493 3119 569 3186 olen,
583 3118 664 3189 quod
684 3119 810 3175 nitorem
830 3119 976 3188 significat
994 3122 1194 3190 conscientiae,
1210 3133 1237 3179 et
1255 3119 1328 3176 balsa-

251 3225 309 3279 nm,
323 3207 405 3279 quod
415 3206 539 3264 odorem
553 3205 698 3276 siguificat
712 3205 799 3262 bonae
813 3205 908 3269 inmte,
919 3224 971 3276 per
983 3207 1167 3280 Episcopum
1180 3204 1326 3266 benedictn

252 3297 359 3354 Forma
371 3305 470 3351 autem
484 3305 528 3350 est
542 3315 547 3349 :
569 3294 658 3363 Signo
677 3299 702 3346 re
716 3293 797 3362 signo
808 3293 906 3362 crucis,
921 3301 949 3348 e!
959 3293 1095 3363 corrjr'mno
1108 3303 1133 3350 te
1145 3295 1286 3351 chrismare
1296 3307 1328 3344 rn-

249 3382 329 3446 lutis,
345 3387 376 3436 in
391 3380 503 3436 norrn'ne
515 3379 618 3435 Putris
630 3387 657 3435 ct
668 3379 743 3434 Filii
753 3387 781 3435 cl
793 3379 924 3450 Spr'rr'lrrs
937 3379 1046 3437 Sarzcit'.

286 3467 461 3526 Ordinarius
481 3466 613 3523 minister
634 3477 678 3522 est
701 3467 867 3538 episcopus.
909 3467 947 3523 Et
970 3483 1039 3523 cum
1061 3477 1173 3523 ceteras
1195 3465 1329 3523 unctiones

250 3557 375 3627 simplex
394 3553 532 3610 sacerdos
551 3555 645 3610 valeat
665 3553 811 3622 exhibere,
831 3555 908 3610 hanc
928 3572 987 3611 urm
1008 3553 1062 3609 nisi
1083 3554 1239 3626 episcopus
1256 3548 1328 3608 debet

250 3644 383 3700 conferre
394 3662 402 3713 3
421 3642 491 3712 quia
504 3641 542 3697 de
556 3641 625 3698 solis
641 3641 791 3712 Apostolis
805 3641 920 3712 legitur,
932 3658 1058 3712 quorum
1072 3643 1168 3699 vicem
1179 3651 1272 3699 tenent
1281 3635 1327 3706 epi·

251 3731 343 3801 scopi,
365 3728 447 3798 quod
467 3745 519 3799 per
540 3745 644 3784 manus
665 3728 885 3798 impositionem
908 3726 1049 3799 Spiritum
1072 3727 1208 3785 Sanctum
1226 3724 1324 3784 dabant,

253 3814 508 3886 quemadmodum
531 3814 663 3870 Adluum
684 3813 896 3884 Apostolorum
921 3813 1008 3870 lectio
1031 3814 1219 3872 manifestat:
1243 3810 1326 3868 “Cum

252 3905 267 3928 “
277 3901 356 3956 enim
369 3900 530 3972 audissent.
548 3899 651 3969 inquit,
666 3898 801 3970 Apostoli
823 3898 873 3969 qui
893 3908 975 3955 erant
989 3899 1214 3971 Hierosolymis,
1226 3897 1285 3968 quia
1296 3909 1327 3947 re·
1359 3887 1360 3968 l

333 4012 412 4021 -ae—
428 4014 450 4018 -
498 4015 518 4018 -
539 4013 567 4018 .-.
610 4013 644 4018 ...-
669 4013 694 4017 -
722 4013 742 4016 -
781 4012 882 4017 —-..

289 4069 295 4091 ¹
313 4063 424 4112 Patrum
438 4061 514 4113 varia
529 4062 689 4114 testimonia
709 4063 744 4114 de
765 4061 985 4114 Confirmatione
1004 4061 1113 4115 errrdite
1132 4061 1239 4130 collegit
1251 4053 1327 4110 auclor

260 4148 305 4198 Tr.
320 4147 352 4196 de
369 4143 501 4206 Confirm.
519 4163 561 4214 ap.
577 4149 684 4215 ⁴ilique,
699 4149 795 4201 Tlreol.
812 4149 904 4210 Curs,
919 4149 972 4202 vol.
991 4149 1071 4213 xxi,
1085 4165 1111 4217 p.
1131 4151 1247 4216 569·761.
