2686 4950
122 149 187 201 ⁷20
394 150 449 199 DE
470 150 551 200 DEO
570 148 940 202 REMUNERATORE.

117 337 259 392 mortem
287 329 408 392 coelum
436 331 657 413 ingressurum
681 353 812 415 sperare
839 337 974 415 potest?
1043 331 1081 396 Si
1112 330 1209 394 nullus
1252 350 1254 365 =

117 441 203 493 esset
220 431 319 506 locus,
336 433 367 494 in
384 454 451 514 quo
466 455 485 495 a
502 433 628 498 levibus
644 433 773 499 delictis
795 428 927 517 purgari
950 433 1133 517 possimus,
1146 434 1209 514 quis

117 542 185 595 tarn
203 534 346 596 mundus
362 546 448 598 esset
469 537 550 598 hora
573 539 688 600 mortis
709 547 746 600 ut
766 548 844 600 ante
861 537 973 599 Deum
991 535 1126 599 infinite
1145 556 1209 599 san·

116 631 207 697 &um
224 656 258 699 se
275 637 389 700 sistere
405 640 542 702 auderet
554 641 590 703 1?
631 640 662 702 N
666 661 703 702 ec
718 641 848 703 dicatur
863 639 1037 703 Christum
1054 637 1209 702 sufficien-

117 747 166 799 ter
191 760 249 821 pro
274 743 428 804 omnibus
452 740 581 804 delictis
599 743 726 805 ‘nostris
749 742 970 818 satisfecisse3
1001 743 1209 823 probavimus

117 843 204 904 enirn
222 844 277 923 (de
303 845 401 907 Verbo
415 845 544 908 incarn.
562 848 639 927 206)
655 847 726 926 ejus
742 841 986 908 satisfaitiones
1002 845 1130 908 adultis
1151 864 1207 906 non
1251 806 1254 875 i

117 947 274 1026 applicari
291 949 352 1010 nisi
366 949 444 1029 ipsis
461 951 717 1029 cooperantibus
731 973 738 1030 ;
760 950 787 1011 si
804 950 904 1031 igitur
917 949 1059 1030 quidam
1072 951 1117 1012 de
1131 945 1207 1011 fatto

117 1069 183 1112 non
207 1051 407 1115 sufficienter
428 1072 503 1115 cum
528 1053 661 1117 Christo
685 1053 913 1128 satisfecerint,
937 1051 1031 1116 nulla
1055 1053 1121 1116 alia
1141 1071 1206 1135 spes

117 1155 196 1235 ipsis
213 1167 361 1219 remanet
377 1157 497 1219 coelum
514 1157 738 1238 consequendi
758 1157 820 1219 nisi
841 1157 1043 1238 purgatoriis
1060 1156 1166 1239 poenis
1179 1155 1204 1216 in

117 1258 220 1322 altera
236 1261 303 1323 vita
319 1261 483 1343 patienter
498 1261 653 1323 toleratis.

291 1424 318 1480 1.
337 1424 392 1481 De
416 1415 556 1483 natura
578 1435 781 1495 poenarum
804 1425 1046 1494 purgatoriis

160 1570 208 1637 45,
257 1554 347 1615 Nihil
374 1554 435 1615 hac
463 1554 505 1615 de
532 1574 565 1615 re
592 1555 634 1616 ab
661 1554 810 1617 Ecclesiit
836 1553 1011 1617 definitum
1039 1564 1112 1633 est;
1148 1577 1205 1638 pra

119 1658 222 1719 oculis
245 1667 358 1719 tamen
383 1656 537 1719 habenda
561 1665 638 1719 sunt
661 1657 732 1719 haec
759 1657 946 1719 Tridentini
967 1660 1098 1721 monita
1123 1656 1205 1744 (sess
1252 1734 1254 1753 Ι

120 1757 238 1844 XXV)
256 1784 262 1821 ι
289 1759 418 1840 “Apud
437 1760 552 1821 rudem
570 1780 647 1822 vero
664 1761 795 1841 plebem
812 1759 1006 1842 dffciliores
1020 1782 1061 1824 ac
1073 1761 1205 1824 subtilib-
1252 1756 1254 1761 ’

119 1884 169 1924 res
183 1862 393 1942 quaestiones
405 1881 546 1942 quaeque
563 1864 604 1924 ad
621 1861 875 1925 aedificationem
892 1882 958 1924 non
976 1862 1113 1940 faciunt,
1124 1875 1157 1927 et
1171 1883 1206 1925 ex

118 1966 238 2046 quibus
254 1965 449 2047 plerumque
466 1965 555 2026 nulla
579 1964 615 2026 fit
639 1965 772 2045 pietatis
788 1965 941 2039 accessio,
957 1985 977 2027 a
1000 1966 1208 2048 popularibus

119 2070 332 2132 concionibus
348 2068 567 2131 secludantur.
612 2068 740 2130 Incerta
755 2070 844 2144 item,
859 2067 910 2131 vel
927 2089 1002 2150 quae
1017 2071 1118 2151 specie
1130 2069 1210 2152 salsi

120 2173 279 2256 laborant,
293 2170 437 2254 evulgari
455 2192 493 2233 ac
510 2170 642 2234 tractari
659 2192 723 2233 non
741 2173 943 2253 permittant.
976 2172 1027 2235 Ea
1044 2194 1133 2251 vero,
1144 2194 1208 2255 quae
1252 2216 1254 2237 .

119 2277 160 2338 ad
185 2276 401 2337 curiositatem
425 2275 615 2355 quamdam,
632 2285 689 2336 aut
711 2275 968 2354 superstitionem
987 2275 1151 2357 spectant.
1166 2277 1208 2339 vel

120 2390 215 2460 turpe
230 2381 355 2442 lucrum
373 2379 515 2459 sapiunt,
532 2388 692 2457 tanquam
710 2378 876 2451 scandala,
892 2389 924 2441 et
948 2377 1099 2443 fidelium
1115 2380 1209 2442 ofien·

119 2484 228 2544 dicula
245 2483 448 2561 prohibeant.

169 2598 199 2645 10
229 2586 291 2646 His
323 2586 448 2664 positis,
475 2586 612 2645 omnino
642 2595 773 2647 constat
803 2586 930 2646 animas
961 2585 994 2646 in
1025 2588 1210 2668 purgatorio
1252 2586 1254 2597 '

120 2691 273 2751 detentas
301 2698 406 2749 certas
434 2709 506 2749 csse
533 2690 575 2750 de
602 2693 660 2750 sua
688 2690 803 2762 salute,
825 2709 884 2751 nec
911 2689 1056 2769 amplius
1084 2709 1209 2772 peccare
1251 2727 1254 2786 4

121 2813 224 2873 posse.
272 2793 412 2855 Constat
429 2812 472 2852 ex
490 2793 705 2853 damnatione
728 2792 842 2853 harum
861 2791 997 2853 Lutheri
1020 2795 1208 2875 propositio-

121 2915 199 2956 num
218 2896 345 2974 (38-39)
364 2915 370 2955 :
399 2900 412 2923 “
425 2893 559 2954 Anima¹
577 2895 608 2954 in
627 2895 817 2974 purgatorio
841 2914 906 2954 non
930 2905 1008 2957 sunt
1031 2917 1155 2959 secura²
1174 2897 1208 2956 dc

120 3020 231 3060 earum
249 2999 363 3071 salute,
374 2998 491 3059 saltem
510 3018 575 3058 non
593 3018 717 3069 omnes,
731 3019 790 3059 nec
807 2998 984 3078 probatum
1002 3010 1053 3061 est
1071 3001 1144 3062 ullis
1160 3010 1208 3059 aut

121 3102 302 3162 rationibus
326 3112 379 3162 aut
404 3102 573 3181 scripturis
597 3101 685 3180 ipsas
709 3122 780 3162 esse
802 3111 898 3162 extra
920 3111 1045 3164 statum
1072 3101 1208 3165 merendi

120 3216 177 3266 aut
201 3205 362 3284 augendae
379 3205 545 3279 caritatis;
573 3206 693 3265 animae
718 3207 749 3265 in
775 3204 968 3285 purgatorio
985 3217 1126 3286 peccant
1149 3207 1209 3266 sine

121 3308 370 3380 intermissione,
382 3309 540 3386 quamdiu
555 3318 706 3387 quaerunt
721 3310 865 3389 requiem
879 3318 912 3369 et
924 3307 1058 3371 horrent
1077 3307 1209 3391 poenas'’
1251 3304 1254 3407 Ι

120 3410 291 3490 (Derzeing.
304 3410 469 3488 663-664).
518 3410 721 3489 Rejicienda¹
735 3421 811 3472 sunt
828 3411 928 3490 igitur
940 3412 1080 3491 privatae
1097 3412 1210 3476 revela-

121 3513 235 3586 tiones
252 3513 283 3572 in
301 3512 420 3591 quibus
437 3514 637 3573 contrarium
655 3514 817 3574 asseritur.

156 3744 161 3764 ¹
178 3739 247 3791 Vide
261 3755 295 3790 ea
309 3755 371 3805 quae
386 3738 495 3805 scripsit
511 3740 540 3790 S.
560 3739 717 3791 Catlrarr'ua
733 3740 887 3792 Gemiertsis
905 3739 932 3791 in
950 3741 1087 3808 opusculo
1105 3741 1140 3793 de
1153 3741 1211 3791 Pur-

119 3827 234 3892 gatori0‚
248 3838 275 3878 ct
288 3826 420 3879 eximium
434 3844 504 3894 opus
517 3828 599 3879 Card.
612 3828 739 3890 (ir'bbotrs,
751 3829 812 3881 The
827 3827 894 3882 saith
906 3829 937 3881 oi
947 3845 997 3882 our
1007 3829 1030 3880 F
1032 3830 1128 3883 athers
1140 3828 1212 3883 xvi:

118 3929 228 3964 necnon
243 3913 392 3978 intratum,
404 3914 465 3965 The
482 3915 587 3966 Dream
602 3915 633 3967 os
644 3915 803 3968 Gerontins.

154 3997 205 4050 ²8.
226 3999 329 4061 Titurii,
344 4001 359 4051 1.
375 4017 406 4064 c,
420 4012 448 4052 et
463 4001 576 4068 insuper
590 4004 667 4054 Sent.
687 4003 725 4067 11,
740 4002 803 4054 dist.
821 4015 864 4067 33,
878 4018 903 4069 q.
921 4002 958 4065 ΙΙ,
973 4019 997 4054 a.
1016 4020 1026 4054 1
1043 4023 1050 4066 ;
1072 4004 1210 4063 Bcllmn,

118 4085 135 4136 l.
156 4086 180 4135 ll
188 4102 195 4150 ;
215 4086 331 4136 Fratres
347 4086 546 4154 Walemburg„
556 4090 601 4142 Tr.
620 4090 654 4142 de
670 4091 801 4142 Controv.
817 4089 889 4155 fidei,
907 4099 983 4141 tome
999 4089 1069 4155 11,1.
1087 4090 1172 4153 Xlll,
1183 4086 1212 4138 de

120 4173 228 4238 Purgat.
245 4173 259 4239 ,ξ
276 4185 288 4238 5
302 4189 309 4238 3
330 4172 512 4240 litigantium,
529 4191 555 4226 n.
572 4189 605 4241 95
620 4192 683 4243 sq.;
714 4175 1071 4247 ittaan·lla,1r.13365q.;
1100 4179 1210 4233 Hurtcr,

114 4277 141 4314 n.
160 4260 194 4315 82
198 4272 212 4328 5
225 4279 232 4326 ς
252 4259 413 4327 divinabit,
428 4261 493 4313 Car.
513 4259 589 4330 ruer),
600 4274 646 4330 (ηε
661 4263 743 4314 Cont.
