2780 4646
334 165 389 214 nr:
406 165 566 214 aarum
586 165 838 216 urarruarr.
876 136 878 141 ’
1076 166 1136 218 12⁷

267 373 318 430 Π.
343 372 399 430 De
419 372 532 430 donis
555 370 724 444 Spiritus
747 372 903 430 sanctia

81 511 142 576 180.
192 523 225 573 1⁰
240 510 386 572 Natura.
434 506 499 594 (A)
517 508 682 590 Definitia.
731 509 830 570 Dona
846 508 991 590 Spiritus
1009 508 1040 573 S.
1058 519 1136 571 sunt

42 610 160 674 habitus
173 613 447 693 supernaturales,
462 612 578 693 qra'bus
592 611 712 672 anima
720 611 900 690 facultates
920 612 1139 692 de'ptaauntur

42 715 228 796 adprampte
242 715 451 779 obediendum
468 713 661 777 arationibus
672 713 822 796 Spiritus
832 714 944 778 saut'li.
990 714 1023 776 A
1035 715 1134 777 virtu-

42 817 120 879 tibus
141 817 321 882 differunt:
348 819 396 898 (a)
413 819 541 882 ratione
557 818 699 893 eliseum,
716 837 792 879 nam
811 818 949 881 virtutes
967 837 1027 880 nos
1043 817 1134 880 habi-

43 919 82 980 les
104 921 245 984 reddunt
268 922 310 985 ad
335 919 430 984 ailus
454 919 718 1001 supernaturales
735 919 920 981 ordinarias
936 919 1135 995 efficiendos,

42 1022 111 1084 dum
132 1025 221 1086 dona
242 1023 284 1086 ad
306 1020 400 1086 astus
422 1021 700 1085 extraordinarias
722 1032 756 1084 et
779 1019 916 1083 luraicas
935 1023 1134 1104 disponunt;

42 1123 85 1204 (b)
105 1137 135 1187 et
154 1126 283 1188 diuersa
298 1126 419 1208 agendi
434 1126 533 1200 ruodo,
550 1143 627 1186 nam
652 1144 754 1205 opera
779 1125 938 1186 virtutum
960 1124 1134 1188 ordinariis

42 1227 288 1307 supernaturalis
308 1227 495 1308 prudentia
521 1226 649 1306 legibus
675 1225 894 1306 regulantur:
924 1227 1004 1288 dum
1034 1247 1133 1307 opera

42 1329 193 1392 donorum
217 1329 352 1410 speciali
375 1329 489 1392 diviua
512 1328 680 1403 instiuiia,
699 1347 755 1390 seu
782 1328 998 1409 inspiratione
1022 1330 1133 1392 divina

43 1431 229 1511 regulantur.
270 1433 332 1506 lta,
349 1452 400 1494 ex.
418 1451 474 1514 gr,
491 1430 523 1494 S.
542 1429 733 1510 Apollonia,
750 1431 872 1510 aliique
889 1439 1060 1514 martyres,
1076 1433 1132 1513 qui

42 1553 103 1594 sese
119 1533 300 1614 injecerunt
317 1535 349 1596 in
368 1535 490 1614 ignem,
506 1533 570 1594 sub
586 1531 715 1594 influxu
732 1532 886 1613 specialis
908 1527 1133 1616 inspirationis

43 1633 172 1714 Spiritus
190 1635 233 1710 S.,
249 1645 283 1698 et
299 1635 377 1697 doni
386 1633 602 1713 fortitudinis
617 1643 764 1714 egerunt.

79 1780 142 1843 181.
189 1776 257 1863 (B)
275 1765 452 1842 Numerus.
500 1778 637 1860 Septem
655 1789 732 1842 sunt
749 1778 838 1841 dona
856 1779 999 1860 Spiritus
1016 1779 1132 1854 sandli,

43 1899 169 1960 quorum
187 1893 332 1963 quatuor
347 1881 525 1944 virtutibus
538 1881 742 1962 theologicis
756 1882 820 1943 tria
832 1890 943 1944 autem
958 1884 1132 1946 virtutibus

43 1985 209 2047 moralibus
227 1985 463 2066 respondente

43 2083 52 2137 l
54 2085 84 2161 a)
100 2085 220 2148 Virtuti
237 2084 314 2148 fidei
331 2085 678 2166 correspondentduo
696 2084 795 2160 dona,
812 2107 853 2148 sc.
871 2087 996 2148 donum
1014 2087 1132 2150 intelle-

42 2188 102 2248 rius
122 2199 153 2250 et
175 2189 302 2251 donum
324 2187 470 2250 scientia.
516 2187 620 2249 Prius
643 2198 693 2249 est
714 2188 847 2250 habitus
864 2190 1132 2270 supernaturalis,

43 2309 100 2368 quo
127 2291 282 2352 veritates
314 2289 389 2352 fidei
421 2300 643 2370 penetramus,
671 2298 704 2351 et
733 2289 832 2353 veluti
866 2290 954 2352 intus
983 2290 1130 2372 legimus,

43 2389 204 2468 Posterius,
221 2412 279 2454 seu
303 2391 429 2454 donum
455 2391 611 2464 scientiae,
634 2400 685 2453 est
707 2391 841 2454 habitus
865 2391 1132 2474 supernaturalis,

45 2512 101 2570 quo
115 2491 198 2556 reite
211 2495 403 2575 judicamus
419 2494 461 2558 de
478 2494 575 2555 rebus
597 2495 724 2568 creatis,
740 2505 906 2575 quatenus
930 2515 990 2557 nos
1013 2496 1132 2558 ducere

45 2606 169 2672 possunt
185 2597 227 2658 ad
247 2597 365 2658 Deum.

45 2697 86 2772 (b)
108 2698 218 2760 Virtus
242 2697 312 2778 spei
336 2695 504 2777 perficitur
532 2715 589 2778 per
616 2697 741 2758 donum
770 2697 898 2759 tiararis
926 2697 1042 2772 filialis,
1065 2719 1131 2780 quo

46 2799 141 2862 Deum
159 2821 344 2863 reveremur
360 2810 496 2882 propter
511 2799 583 2879 ejus
599 2798 863 2879 majestatem,et
880 2800 1077 2863 inclinamur
1089 2804 1130 2864 ad

45 2903 165 2966 uitanda
181 2925 220 2966 ea
236 2903 350 2965 omnia
366 2923 441 2985 quae
460 2904 528 2984 lpsi
544 2902 730 2985 displicent.

45 3005 84 3082 (c)
99 3005 209 3067 Virtus
226 3005 373 3067 caritatis
391 3004 558 3085 perficitur
581 3025 640 3085 per
661 3005 786 3066 donum
803 3003 976 3084 sapientia,
993 3025 1060 3086 quo
1084 3007 1131 3067 in-

46 3105 190 3169 clinamur
213 3108 255 3170 ad
280 3106 577 3189 contemplandum
602 3107 722 3180 Deum,
739 3127 855 3188 resque
878 3107 1015 3184 divinas
1033 3118 1065 3170 et
1089 3110 1130 3170 ad

46 3211 291 3272 contemnendas
307 3229 358 3270 res
375 3209 546 3271 humanas.

46 3308 89 3388 (d)
103 3311 212 3375 Virtus
229 3312 415 3392 prudentiae
432 3331 491 3392 per
506 3313 631 3372 donum
649 3309 781 3384 consilii,
799 3331 866 3392 quo
890 3313 1035 3394 prompti
1060 3313 1130 3374 red·

75 3541 81 3572 ¹
94 3548 192 3602 Praeler
201 3547 331 3602 audiores
345 3547 455 3612 citatos,
468 3546 533 3601 vide
548 3549 716 3616 Dionysium
734 3548 876 3614 Cartima,
890 3549 925 3602 de
941 3549 1032 3602 Donis
1047 3550 1132 3618 Spiri-

48 3631 81 3684 u'rs
102 3636 148 3698 S.;
172 3637 213 3690 H.
239 3637 277 3689 E.
300 3636 459 3704 Manning,
479 3635 542 3689 The
567 3635 691 3688 Internal
715 3636 832 3688 mission
855 3635 887 3688 ol
905 3637 953 3689 the
974 3637 1010 3688 H.
1033 3637 1132 3703 Ghost,

48 3715 181 3784 Vll-XIV,
197 3721 244 3775 ubi
258 3721 381 3776 dilucide
394 3721 476 3775 simul
491 3732 518 3775 et
532 3721 654 3790 pratiice
674 3733 851 3790 exponuntur
864 3739 897 3774 ea
910 3723 1006 3774 omnia
1019 3740 1081 3792 qua.¹
1095 3725 1131 3777 ad

47 3803 107 3857 dona
119 3807 237 3877 spiritus
251 3808 280 3861 S.
298 3805 437 3876 speilanu
457 3807 490 3860 L.
507 3808 607 3872 Barre',
622 3809 667 3860 Tr.
682 3808 717 3860 de
733 3807 896 3874 Virtutibus,
916 3805 1039 3874 ParisliS,
1057 3810 1131 3877 1886,

46 3905 66 3940 n.
83 3906 125 3961 103
138 3911 192 3962 sq.;
218 3894 343 3955 Temen,
361 3895 382 3960 l,
399 3910 425 3961 p.
443 3893 492 3947 186
506 3911 547 3962 sq.

72 3971 144 4034 'Hic
164 3979 307 4050 sequimur
330 3979 463 4033 Dotloris
487 3980 615 4048 Angelici
640 3979 817 4034 divisionem.
858 3978 985 4050 Quidam
1008 3983 1130 4050 theologi

46 4061 108 4118 dona
119 4065 245 4120 dividunt
259 4066 287 4119 in
301 4067 372 4120 duas
390 4068 517 4134 species:
537 4078 656 4134 quatuor
674 4066 766 4134 priora
786 4067 954 4120 iutellae‘luru
975 4069 1130 4136 perficiunt,

46 4147 159 4206 videlieet
173 4151 337 4215 iutelleilus,
348 4154 497 4221 sapientia,
509 4154 625 4206 seientia
637 4159 665 4206 et
676 4153 837 4218 eonsilium,-
850 4155 903 4207 tria
916 4155 1071 4223 posteriora
1085 4172 1131 4207 vo-

47 4225 177 4300 luntatem,
190 4237 248 4290 scil.
260 4237 362 4305 pietas,
375 4239 462 4288 timor
472 4246 499 4288 et
506 4236 656 4306 fortitudo.
