2770 4652
248 157 311 206 510
452 157 508 206 DE
527 157 821 208 POENITENTIAE
840 159 1143 210 sennensium.

247 349 376 414 vocant,
392 359 460 420 quo
474 339 629 404 videlicet
645 343 738 403 Deus
754 353 886 404 amatur
900 363 999 426 super
1013 344 1127 406 omnia
1143 343 1327 424 concupisci·

247 442 325 503 bilia
342 462 407 504 non
424 453 561 524 propter
576 445 686 518 se,sed
696 454 830 526 propter
842 445 924 508 bona
939 467 1013 528 quae
1030 447 1176 528 largitur,
1187 465 1248 508 non
1263 445 1329 526 quia

248 543 356 607 bonus
381 555 432 608 est
457 547 488 607 in
514 566 558 622 se,
577 548 637 608 sed
658 549 737 627 quia
762 547 870 611 bonus
890 558 942 611 est
966 549 1071 624 nobis,
1090 550 1160 612 imo
1180 567 1327 611 summum

248 646 384 724 bonum,
394 647 487 729 cujus
503 648 658 713 fruitione
673 651 762 714 beati
778 649 960 732 aliquando
971 652 1094 714 erimus
1108 672 1115 728 ;
1138 649 1189 731 (b)
1199 668 1328 712 amorem

241 751 430 829 perfectum,
445 772 502 814 seu
520 753 719 834 gratuitum,
738 772 806 834 quo
829 753 922 816 Deus
944 753 1094 836 diligitur
1110 763 1240 834 propter
1256 771 1285 813 se
1303 761 1329 812 et

249 857 472 935 superomnia
486 877 493 932 ;
516 857 572 937 qui
586 858 709 938 pariter
719 856 846 938 duplex
862 865 926 928 est,
938 875 1033 918 amor
1044 855 1267 928 benevolentia,
1275 873 1329 933 quo

250 957 360 1021 Deum
381 958 551 1040 diligimus
576 969 612 1024 ut
637 959 764 1022 infinite
784 957 978 1041 perlectum,
998 958 1071 1040 ejus
1091 955 1328 1040 perfectionibus

248 1061 507 1140 congaudemus,
523 1063 619 1143 eique
635 1061 759 1126 bonum
776 1071 942 1146 optamus,
957 1063 1181 1125 desiderando
1195 1059 1329 1122 videlicet

249 1182 323 1224 eum
341 1162 385 1224 ab
399 1165 556 1229 omnibus
571 1166 726 1247 cognosci
743 1175 777 1228 et
792 1167 896 1228 amari
910 1187 918 1244 ;
944 1175 977 1229 et
999 1185 1093 1228 amor
1107 1163 1265 1234 amicitia,
1279 1163 1330 1243 qui,

251 1277 370 1348 praeter
386 1267 662 1344 benevolentiam,
678 1269 837 1351 importat
860 1279 1012 1332 mutuum
1030 1287 1188 1340 amorem,
1205 1285 1259 1327 seu
1274 1267 1331 1327 red·

250 1370 464 1444 amationem,
481 1371 676 1452 inquantum
700 1372 826 1434 scilicet
848 1372 905 1453 qui
928 1371 1046 1453 diligit,
1062 1371 1212 1452 diligitur
1226 1389 1246 1430 a
1266 1367 1332 1429 Deo.

253 1474 448 1536 Notandum
465 1485 643 1537 esttamen
662 1475 824 1538 motivum
841 1477 962 1538 amoris
979 1474 1135 1537 amicitiae
1150 1491 1223 1534 esse
1243 1468 1333 1532 inlini·

251 1587 320 1640 tam
340 1577 403 1639 Dei
427 1577 611 1640 bonitatem
637 1577 671 1640 in
693 1599 733 1654 se,
749 1599 815 1641 non
840 1589 952 1642 autem
975 1578 1047 1658 ejus
1070 1576 1254 1638 bonitatem
1270 1591 1333 1652 erga

252 1699 335 1756 nos;
373 1700 431 1741 seu
462 1679 534 1742 aliis
564 1680 681 1754 verbis,
708 1701 821 1745 amore
851 1681 1008 1744 amicitiae
1038 1679 1210 1761 diligimus
1240 1676 1334 1738 Deum

252 1791 387 1864 propter
413 1803 457 1856 se,
484 1783 625 1846 scientes
652 1793 764 1846 tamen
794 1784 904 1847 Deum
931 1783 1068 1865 diligere
1092 1781 1268 1862 diligentes
1289 1797 1335 1843 se;

252 1885 329 1948 hinc
342 1897 459 1950 mutua
475 1887 658 1950 redamatio
672 1907 737 1950 non
751 1897 802 1950 est
818 1887 979 1952 motivum
993 1885 1159 1958 amicitiae,
1174 1883 1231 1946 sed
1244 1880 1334 1942 solunt

253 2009 319 2052 una
336 2011 380 2051 ex
396 1989 466 2070 ejus
481 1990 737 2054 conditionibus.

295 2103 356 2184 (B)
367 2105 523 2186 Jamvero
539 2105 697 2186 quoniam
714 2106 756 2168 ad
773 2105 926 2168 eamdem
943 2104 1099 2167 virtutem
1117 2099 1261 2184 pertinet
1275 2117 1335 2180 pro·
1363 2133 1364 2142 κ

252 2207 345 2288 sequi
361 2227 463 2270 unum
481 2209 709 2289 oppositorum
735 2218 769 2271 et
792 2207 905 2290 lugere
928 2206 1028 2280 aliud,
1044 2207 1092 2267 ita
1113 2205 1156 2266 ad
1180 2205 1334 2266 caritatem

253 2311 395 2388 pertinet
426 2309 563 2391 diligere
592 2310 700 2372 Deum
732 2320 764 2372 et
794 2310 952 2373 detestari
980 2317 1165 2390 peccatum,
1189 2316 1335 2386 quatenus

254 2410 328 2472 Deo
351 2414 552 2493 oppositum.
599 2411 729 2493 Quibus
753 2413 879 2494 positiS,
894 2421 1020 2474 certum
1045 2419 1096 2472 est
1117 2408 1333 2471 contritionem
1362 2441 1363 2460 ι

253 2533 327 2593 quae
343 2533 387 2576 ex
405 2534 517 2577 amore
534 2512 679 2596 perlecto
695 2515 889 2597 concipitur,
905 2515 974 2576 siue
989 2512 1214 2576 benevolentia
1223 2523 1242 2585 ¹,
1256 2512 1334 2573 dum·

253 2618 356 2679 modo
373 2618 416 2680 sit
437 2619 696 2700 supernaturalis
717 2639 755 2680 ac
771 2639 870 2700 super
885 2618 1007 2688 omnia,
1023 2617 1092 2679 sive
1106 2613 1265 2689 amicirier,
1279 2631 1334 2674 esse

254 2717 444 2802 perlectam,
455 2722 634 2803 statimque
650 2732 788 2803 peccata
803 2722 982 2796 remittere;
1005 2719 1052 2781 ita
1064 2739 1092 2781 v.
1105 2737 1135 2799 g.
1148 2718 1205 2798 qui
1221 2717 1263 2779 de
1276 2733 1333 2797 pcc·
1361 2767 1362 2845 1

253 2834 330 2887 cato
345 2825 446 2900 dolet,
462 2835 626 2906 quatenus
645 2835 697 2888 est
718 2824 846 2888 offensa
864 2825 927 2886 Dei
944 2821 1075 2887 Summi
1093 2821 1177 2884 Boni
1200 2831 1233 2883 et
1255 2835 1334 2900 super

253 2928 367 2990 omnia
383 2925 506 3002 dilecti,
521 2927 755 2990 contritionem
773 2924 954 3010 perfetiam
971 2924 1073 2987 habet
1082 2935 1103 2986 ².
1157 2923 1333 2986 Controvcr·

254 3031 334 3092 titur
346 3040 458 3092 autem
472 3039 582 3092 utrum
595 3050 689 3093 amor
700 3029 769 3110 spei
782 3039 815 3092 et
826 3026 1049 3110 gratitudinis
1059 3027 1102 3089 ad
1119 3025 1332 3088 contritionem
1360 3049 1361 3117 p

253 3129 435 3212 perfectam
452 3131 601 3194 sufficiat.

290 3333 296 3354 ¹
320 3329 403 3383 Pauci
429 3325 551 3396 theologi
571 3329 700 3383 dixerunt
724 3345 850 3382 amorem
868 3323 1062 3382 herrevolentr'oe
1084 3343 1141 3381 non
1167 3327 1287 3380 sufficere
1307 3321 1333 3376 ad
1359 3349 1360 3389 i

234 3483 239 3492 ¹
253 3413 451 3469 contritionem
471 3413 632 3483 perfidiam,
646 3415 696 3468 sed
710 3413 888 3484 decipiuntur
900 3425 1031 3484 putantes
1050 3413 1211 3481 hujusmodi
1230 3427 1334 3465 amorem

253 3502 297 3556 vel
311 3518 366 3555 non
381 3517 443 3554 esse
457 3501 707 3569 supernaturalem,
721 3500 773 3566 vel,
788 3503 810 3554 si
830 3499 1050 3570 supernaturalis
1064 3499 1108 3566 sit,
1122 3515 1178 3552 non
1192 3515 1253 3553 esse
1270 3513 1334 3566 super

254 3588 356 3642 omnia.
1358 3593 1359 3662 l

289 3675 461 3743 'Disputant
475 3685 569 3728 autem
583 3674 704 3742 theologi
717 3685 809 3728 utrum
819 3691 935 3730 necesse
945 3675 980 3729 sit
994 3675 1069 3728 illam
1081 3673 1277 3730 contritionem
1289 3687 1335 3742 pro

254 3763 354 3816 cedere
372 3779 405 3815 ex
424 3761 530 3814 motivo
549 3761 664 3814 infinitae
685 3761 828 3827 bonitatis,
845 3773 983 3830 quatenus
996 3771 1039 3813 est
1052 3759 1217 3828 aggregatio
1229 3761 1335 3814 omniun
1357 3797 1358 3820 2

254 3845 466 3916 periedtionum,
477 3847 520 3900 vel
535 3847 655 3901 sufficiat
668 3859 697 3901 ut
711 3847 838 3902 eliciatur
850 3864 883 3900 ex
897 3847 1002 3900 motivo
1016 3847 1217 3915 cujuscumque
1230 3843 1335 3901 attributi

254 3933 341 3987 divini
361 3933 470 3996 offensi,
485 3943 553 4002 puta
572 3933 780 3998 misericordiae,
796 3933 950 4004 sapientiae.
989 3934 1101 4002 Judicio
1118 3943 1225 3998 nostro,
1237 3931 1336 4003 quaestio

255 4029 297 4074 est
310 4021 400 4087 magis
411 4020 584 4087 speculativa
594 4036 679 4089 quam
693 4021 827 4090 praelim
848 4038 914 4075 nam
925 4039 959 4076 ex
970 4037 1000 4074 se
1010 4021 1106 4074 omnia
1115 4019 1213 4074 divina
1223 4021 1338 4074 attribuo

330 4105 389 4170 ejus
403 4103 510 4156 infiniti
522 4103 646 4158 bonitate
656 4103 905 4171 connedluntunet
919 4105 1032 4158 aliunde
1043 4103 1090 4174 qui
1104 4115 1224 4172 peccata
1234 4105 1337 4158 detesta·

335 4198 409 4256 *pote
423 4203 509 4240 unum
523 4203 555 4240 ex
569 4188 670 4242 divinis
684 4190 825 4246 attributis
842 4191 957 4256 laedens,
974 4191 1031 4244 alin
1044 4191 1179 4245 attributa
1195 4207 1252 4245 non
1264 4189 1338 4245 exclu·
1356 4169 1357 4203 l

355 4274 493 4342 oindeque
507 4274 701 4332 contritionem
715 4295 780 4333 vere
793 4277 946 4348 persetlam
960 4279 1055 4334 habet.

1353 4523 1355 4613 l
