2780 4646
241 155 300 206 114
692 159 832 210 CAPUT
849 159 892 207 11.

242 357 313 398 men
323 337 447 418 gloria,
463 358 503 400 ac
518 338 702 402 virtualiter
718 360 792 402 eam
809 339 990 414 contineat,
1006 339 1092 400 sicut
1108 357 1219 400 semen
1242 335 1319 397 arbo·

241 459 310 502 rem
332 441 403 521 jam
427 442 585 505 continet.
643 443 705 505 Per
728 444 870 522 gratiam
895 443 996 523 igitur
1018 441 1121 504 homo
1144 439 1181 502 fit
1204 438 1319 520 physice
1374 504 1377 523 ι

240 552 275 604 et
291 542 473 606 formaliter
489 545 655 625 particeps
680 555 806 607 naturae
830 555 863 607 et
879 546 957 607 vitae
973 545 1104 619 divinae,
1120 561 1223 624 quum
1245 539 1319 601 habi·
1376 540 1377 549 ’

241 643 280 704 lis
305 643 363 707 fiat
390 646 432 709 ad
460 646 730 728 cognoscendum
754 647 864 709 Deum
890 648 975 709 sicut
1000 646 1092 708 Deus
1115 645 1257 725 seipsum
1278 661 1319 702 co-

239 747 379 826 gnoscit.

285 881 353 961 156.
406 875 476 965 (D)
496 880 657 944 Attamen
683 882 739 944 illa
760 883 972 964 participatio
989 889 1039 944 est
1055 881 1197 961 analoga
1211 888 1319 941 tantum

240 990 273 1042 et
286 979 500 1062 inadequata,
507 985 585 1064 quia
595 984 693 1063 justis
707 1005 774 1047 non
785 985 1051 1047 communicatur
1063 985 1182 1046 eadem
1196 981 1320 1044 identicc

238 1084 307 1144 vita
323 1103 398 1164 quae
411 1085 443 1146 in
457 1085 533 1148 Deo
549 1095 608 1161 est,
622 1087 679 1148 sed
693 1087 802 1149 solum
813 1089 882 1150 vita
897 1087 1014 1149 similis
1030 1096 1064 1149 et
1079 1086 1233 1166 analoga;
1255 1083 1319 1145 item
1377 1120 1378 1133 κ

239 1207 306 1249 non
323 1191 591 1253 communicatur
613 1177 732 1252 eodem
756 1193 862 1272 gradu
886 1211 924 1252 ac
942 1193 974 1253 in
993 1191 1066 1252 Deo
1082 1198 1142 1264 est,
1158 1188 1216 1250 sed
1232 1185 1319 1268 gradu

238 1288 342 1364 finito,
359 1292 538 1372 capacitati
555 1303 715 1355 creaturae
732 1295 994 1375 proportionato,
1008 1301 1042 1354 et
1057 1293 1104 1353 sic
1116 1292 1239 1354 vitatur
1251 1289 1321 1350 Pan-

238 1391 409 1455 theismus

555 1506 604 1563 11.
623 1506 805 1566 Definitio
825 1509 1025 1580 probatur.

280 1647 356 1728 Jam
389 1648 655 1711 demonstratum
681 1659 731 1710 est
758 1649 900 1728 gratiam
925 1647 1130 1711 habitualem
1155 1667 1228 1708 esse
1253 1643 1319 1726 quid

239 1750 486 1830 supernaturale
502 1750 568 1830 (De
583 1749 652 1814 Deo
670 1750 813 1826 Creantc,
831 1771 859 1814 n.
882 1734 965 1832 164),
981 1751 1157 1813 intrinsece
1174 1749 1322 1811 inhaerens

238 1852 359 1913 animae
375 1853 496 1933 (supra,
507 1872 537 1915 n.
555 1852 645 1932 132);
669 1863 819 1915 remanet
832 1853 932 1934 igitur
944 1863 981 1915 ut
997 1849 1322 1933 probemuseamdem

238 1973 310 2016 esse
325 1955 451 2016 donum
468 1964 620 2029 creatum,
636 1976 681 2018 ex
698 1976 733 2017 se
741 1967 946 2036 permanens,
971 1957 1002 2018 in
1028 1956 1197 2020 consortio
1205 1953 1324 2036 physico

237 2057 422 2136 etsormali
434 2058 557 2119 divinae
575 2068 702 2120 naturae
719 2059 913 2121 consistens,

280 2203 347 2270 157.
395 2193 560 2251 1²Tlusis:
590 2191 716 2256 Gratia
736 2192 944 2271 justificans
967 2197 1115 2257 nonest
1138 2193 1268 2256 donum
1286 2189 1325 2252 in·

237 2294 411 2367 creatum,
426 2306 492 2353 seu
508 2288 588 2368 ipsa
603 2289 760 2366 Spiritus
776 2290 810 2353 S.
827 2305 992 2367 persona,
1009 2289 1074 2353 sed
1090 2289 1226 2352 donum
1242 2303 1325 2352 crea·

236 2391 315 2450 tum
337 2387 373 2448 in
388 2385 557 2451 cordibus
573 2386 708 2451 nostris
727 2387 772 2450 ab
790 2387 874 2464 lpso
889 2386 1070 2450 diffusum.
1116 2388 1168 2450 lta
1192 2407 1325 2450 commu·
1380 2473 1381 2476 Ἴ

237 2491 324 2551 niter
340 2499 456 2551 contra
472 2489 512 2552 P.
530 2489 761 2552 Lombarcr'um.

283 2587 348 2676 (A)
369 2590 542 2672 Scriptura
559 2593 648 2654 enim
666 2593 752 2656 inter
770 2593 933 2674 Spiritum
953 2595 985 2658 S.
1003 2604 1037 2657 et
1051 2595 1196 2676 gratiam
1220 2592 1325 2657 distin·
1382 2609 1383 2618 ¹

236 2696 310 2776 guit
326 2696 412 2757 sicut
428 2696 514 2757 inter
530 2715 664 2757 causam
681 2705 716 2759 et
732 2694 898 2772 effectum,
915 2717 972 2772 seu
991 2697 1076 2759 inter
1092 2696 1326 2760 diffundentem

237 2799 438 2863 etdiffusum
453 2825 459 2862 :
484 2807 500 2832 “
514 2800 644 2864 Caritas
660 2800 724 2861 Dei
736 2799 858 2864 diffusa
872 2811 922 2864 est
934 2804 965 2864 in
980 2801 1135 2864 cordibus
1149 2799 1267 2862 nostris
1279 2815 1327 2878 per
1381 2875 1382 2882 ἵ

238 2902 399 2982 Spiritum
418 2901 483 2980 S.¹;
519 2905 611 2984 atqui
629 2924 729 2965 causa
746 2905 789 2965 ab
810 2903 940 2980 effectu,
956 2905 1148 2967 diffundens
1173 2925 1193 2965 a
1216 2901 1326 2965 diffuso
1381 2911 1382 2932 ³

238 3004 369 3065 realiter
385 3005 618 3084 distinguitur;
643 3026 730 3085 ergo.

281 3105 341 3186 (B)
360 3105 502 3167 Trident.
521 3107 612 3187 (sess¹
627 3107 689 3183 Vl,
703 3127 772 3188 cap.
787 3109 821 3189 7)
843 3108 990 3170 declarat
1007 3109 1139 3171 unicam
1164 3108 1327 3171 formalem

237 3226 370 3268 causam
392 3206 640 3286 justificationis
658 3218 780 3270 nostrae
806 3231 877 3271 csse
900 3211 1064 3289 justitiam
1084 3211 1145 3272 Dei
1161 3215 1256 3272 “non
1273 3210 1328 3289 qui
1381 3197 1382 3206 ¹

238 3311 308 3390 ipse
328 3307 439 3388 justus
462 3319 521 3385 est,
543 3313 601 3373 sed
627 3314 694 3392 quei
719 3312 827 3392 justos
853 3335 913 3375 nos
937 3314 1017 3375 facit
1030 3314 1055 3389 '¹,
1074 3313 1239 3393 justitiam
1265 3313 1327 3392 (scu

238 3411 394 3492 gratiam)
418 3412 451 3472 in
468 3414 563 3475 nobis
577 3415 684 3495 recipi
709 3416 891 3478 secundum
911 3436 1099 3478 mensuram
1118 3421 1247 3497 “quam
1266 3413 1329 3495 Spi-

238 3517 320 3578 ritus
334 3515 365 3579 S.
380 3517 522 3596 partitur
532 3518 671 3597 singulis
688 3529 787 3599 prout
800 3519 870 3581 vult
882 3521 906 3592 '',
920 3520 1074 3581 eamdem
1087 3522 1230 3602 gratiam
1243 3517 1329 3582 nobis
1380 3529 1381 3572 l

239 3617 405 3692 inhaerere,
428 3627 461 3679 et
485 3618 517 3679 in
543 3620 638 3680 nobis
662 3621 775 3701 augeri
803 3621 887 3700 (can.
907 3621 977 3700 24);
1011 3623 1103 3701 atqui
1130 3622 1202 3684 haec
1225 3620 1329 3684 omnia
1380 3579 1381 3671 l

237 3718 378 3799 intelligi
395 3730 536 3800 possunt
548 3719 590 3782 dc
603 3723 693 3784 dono
706 3735 827 3799 creatu,
844 3745 909 3786 non
928 3735 1037 3786 autem
1050 3725 1093 3786 de
1110 3727 1182 3806 ipsa
1200 3725 1329 3806 personis

238 3821 382 3900 Spiritus
401 3821 446 3896 S.;
479 3842 556 3884 nam
576 3824 718 3904 Spiritus
736 3835 786 3888 est
803 3828 875 3907 ipsa
889 3828 1019 3907 justitia
1035 3834 1101 3909 qua
1122 3829 1216 3891 Deus
1228 3833 1329 3909 J'ustus

238 3933 296 3998 est,
310 3945 375 3987 non
394 3934 505 4005 potest
521 3929 666 4008 seipsum
682 3929 790 4009 justus
806 3943 994 3994 mensurate
1011 3933 1135 4014 partiri,
1154 3952 1214 3994 nec
1232 3933 1263 3994 in
1282 3947 1330 3991 no·

238 4026 287 4088 bis
305 4027 436 4106 proprie
454 4027 611 4089 inhaerere
629 4039 686 4090 aut
703 4031 831 4110 augeri;
856 4051 942 4112 ergo¹
1379 4043 1380 4088 l

272 4239 369 4290 1Ιιίυιι.
387 4238 419 4300 V,
439 4250 460 4303 5.
