2738 4646
254 157 318 208 200
580 161 636 210 DE
655 160 703 210 SS.
722 121 1028 211 Euciiaittsrtn:

252 343 352 391 autem
366 333 459 392 voluit
471 346 689 394 sacramentum
704 335 771 400 hoc,
784 345 925 407 tanquam
940 335 1121 408 spiritualem
1133 333 1283 408 animarum
1293 330 1326 386 ci-

253 419 334 490 bum,
347 439 408 492 quo
420 422 533 480 alantur
545 432 574 481 et
586 424 791 482 confortentur
804 423 935 482 viventes
948 423 1008 480 vita
1021 421 1098 479 illius
1111 421 1162 492 qui
1174 419 1254 478 dixit:
1271 416 1326 488 Qut

253 507 414 590 manducat
432 527 489 580 me,
505 520 533 568 et
553 510 617 582 ipse
629 511 707 568 rivet
725 520 846 582 propter
858 517 923 568 me¹
940 531 946 566 :
969 521 999 568 et
1012 519 1154 580 tanquam
1166 505 1323 567 antidotum,

252 611 313 665 quo
327 591 511 653 liberemura
521 595 617 666 culpis
627 594 817 668 quotidianis,
826 607 884 654 eta
899 597 1028 668 peccatis
1042 593 1214 653 mortalibus
1225 607 1327 664 praeser-

253 697 362 738 ventur.
407 682 517 754 Pignus
539 692 681 754 praeterea
700 683 730 741 id
749 699 815 740 esse
833 683 926 741 voluit
944 683 1049 740 suturae
1068 694 1177 741 nostrae
1193 679 1288 752 gloriae,
1302 687 1327 732 et

252 778 403 840 perpetuae
417 768 571 840 felicitatis,
586 769 725 842 adeoque
738 767 907 840 symbolum
922 769 1009 826 unius
1029 769 1106 827 illius
1119 767 1244 840 corporis
1254 764 1328 834 cujus

252 855 316 926 ipse
334 865 424 928 caput
443 856 549 922 existit,
564 857 674 929 cuique
693 875 747 915 nos
766 867 908 928 tanquam
928 856 1072 920 membra,
1086 853 1244 913 arelissimi
1258 849 1326 910 idei.

252 941 315 1013 spei
329 953 358 1000 et
371 942 498 1000 caritatis
511 943 697 1001 connexione
709 943 845 1002 astrictos
859 961 922 1002 esse
935 945 1036 1015 voluit,
1055 953 1086 1002 ut
1100 944 1228 1016 idipsum
1239 953 1329 997 omnes

252 1029 427 1098 diceremus,
437 1048 493 1089 nec
506 1041 605 1088 essent
619 1030 648 1087 in
662 1030 749 1088 nobis
761 1031 928 1090 schismata.

288 1203 394 1267 CAP.
412 1205 447 1265 3.
465 1205 520 1263 De
536 1199 769 1290 excellentia
785 1208 1041 1266 sanctissimae
1060 1203 1303 1266 Eucharistiae

522 1314 643 1372 super
658 1301 809 1374 reliqua
826 1309 1081 1362 sacramenta.

287 1463 457 1523 Commune
475 1461 534 1520 hoc
553 1461 676 1533 quidem
691 1472 735 1520 est
748 1463 941 1524 sanctissimae
957 1464 1152 1522 Eucharistiae
1164 1479 1232 1519 cum
1242 1455 1330 1516 ceteris

215 1545 218 1551 ’
251 1549 451 1616 sacramentis,
465 1547 634 1621 symbolum
649 1567 715 1608 esse
728 1551 768 1609 rei
783 1567 882 1622 sacrae‚
898 1561 927 1610 et
941 1550 1097 1609 invisibilis
1109 1550 1212 1622 gratiae
1224 1548 1331 1604 sormam

251 1637 396 1696 visibilem
414 1658 420 1695 :
439 1654 542 1694 verum
556 1635 630 1694 illud
643 1636 673 1693 in
687 1639 722 1695 ea
735 1637 883 1696 excellens
895 1647 925 1696 et
937 1638 1086 1712 singulare
1100 1635 1250 1709 reperitur,
1262 1628 1330 1704 quod

252 1724 364 1796 reliqua
384 1734 568 1782 sacramenta
587 1734 658 1782 tunc
677 1723 806 1796 primum
824 1720 1030 1783 sanctificandi
1051 1725 1109 1781 vim
1135 1723 1255 1791 babent,
1273 1733 1330 1774 curn

252 1809 318 1883 quis
331 1810 387 1869 illis
400 1811 491 1869 utitur
498 1830 506 1882 ;
525 1822 555 1869 at
568 1811 597 1868 in
613 1811 798 1870 Eucharistiai
811 1812 875 1884 ipse
888 1812 1051 1870 sanctitatis
1063 1812 1170 1870 auctor
1181 1821 1248 1867 ante
1259 1821 1330 1862 usum

251 1909 304 1958 est.
339 1895 483 1955 Nondum
494 1897 574 1956 enim
585 1897 801 1955 Eucharistiam
815 1898 854 1956 de
867 1916 956 1956 mann
968 1898 1089 1956 Domini
1101 1895 1240 1971 Apostoli
1251 1909 1330 1951 susce·

252 1995 364 2058 perant,
372 2001 442 2042 cum
452 2001 519 2042 vere
533 1995 633 2042 tamen
646 1984 711 2057 ipse
720 1985 877 2043 affirmaret
890 2003 999 2059 corpus
1009 2003 1095 2044 suum
1107 1983 1262 2056 essequod
1273 1997 1331 2053 pra·

241 2069 350 2129 bebat.
391 2071 430 2128 Et
443 2087 560 2143 semper
573 2069 637 2128 haec
651 2071 725 2130 tides
740 2073 767 2129 in
784 2071 918 2130 Ecclesia
932 2072 989 2130 Dei
1003 2073 1066 2143 fuit,
1082 2071 1183 2129 statim
1197 2080 1262 2143 post
1276 2083 1330 2124 con·

251 2155 447 2215 sectationem
461 2174 559 2215 verum
572 2157 700 2214 Donn'ni
711 2159 806 2216 nostri
815 2167 924 2230 corpus,
934 2177 1087 2231 ocmcmqne
1098 2159 1162 2231 ejus
1173 2155 1331 2228 sanguinem

251 2243 307 2300 sub
318 2245 402 2316 panis
413 2253 442 2302 et
453 2242 511 2300 vini
526 2242 625 2314 specie
637 2262 774 2302 unacum
789 2245 880 2318 ipsius
893 2245 994 2302 antino
1005 2259 1033 2304 et
1043 2245 1199 2303 ditu'm'tatc
1208 2243 1331 2302 existere:

251 2329 304 2388 sed
318 2346 426 2401 corpus
440 2328 562 2401 quidem
576 2329 632 2386 sub
645 2331 745 2402 specie
758 2333 854 2403 panis,
866 2343 895 2390 et
908 2333 1084 2404 sanguinem
1098 2331 1156 2389 sub
1170 2333 1228 2388 vini
1241 2327 1331 2402 specie.

251 2432 286 2473 ex
299 2415 332 2473 oi
342 2414 509 2480 verborum·
528 2415 626 2486 ipsum
639 2424 739 2474 autem
753 2435 862 2489 corpus
875 2418 931 2476 sub
946 2420 1045 2492 specie
1055 2418 1164 2487 vini,et
1176 2415 1331 2488 sanguinem

251 2499 307 2558 sub
321 2501 420 2557 snecie
434 2500 528 2572 panis,
543 2501 735 2573 animamque
752 2502 809 2561 sub
823 2507 947 2576 utrique
960 2503 993 2562 vi
1003 2504 1152 2562 naturalis
1164 2504 1245 2561 illins
1254 2516 1331 2560 mnne·

250 2587 343 2644 arion„
360 2623 381 2641 ..
396 2586 626 2656 concomitantia,
640 2589 699 2660 qua
713 2600 810 2660 partes
821 2589 932 2649 Christi
945 2591 1077 2662 Domini,
1091 2589 1142 2663 qui
1155 2591 1215 2661 jam
1227 2607 1261 2648 ex
1273 2602 1331 2644 mor·

251 2670 308 2727 tuis
322 2669 485 2738 resurrexit,
500 2687 561 2727 non
574 2670 703 2742 amplius
716 2673 884 2744 moriturus,
897 2674 972 2732 inter
985 2692 1016 2738 se
1029 2674 1227 2745 copulantur:
1246 2668 1331 2731 divini·

251 2766 340 2814 tatem
355 2773 443 2828 porro
457 2765 577 2828 propter
589 2757 797 2816 admirabilem
815 2759 894 2818 illam
912 2761 976 2832 ejus
988 2778 1057 2818 cum
1071 2776 1199 2832 corpore
1211 2769 1240 2818 et
1251 2755 1330 2814 animi

250 2841 455 2914 hypostaticam
469 2841 610 2899 unionem.
644 2843 837 2916 Quapropter
846 2847 1030 2904 verissimum
1040 2857 1094 2914 est,
1107 2845 1280 2903 tantunrdem
1289 2840 1332 2900 sub

250 2928 395 2985 alterutro
407 2928 492 3000 specie
510 2937 601 3000 atque
619 2928 676 2986 sub
696 2932 996 3002 concoenantem:
1015 2939 1091 2989 totns
1101 2931 1183 2990 enim
1198 2943 1227 2990 et
1244 2931 1333 3000 integer

251 3015 395 3085 Christus,
412 3015 468 3072 sub
481 3015 572 3086 panc‘s
584 3017 678 3087 specii,
693 3026 722 3075 et
736 3017 793 3075 sub
806 3019 909 3090 quava
922 3015 1014 3092 ipsius
1027 3019 1137 3092 speciei
1151 3027 1258 3092 panc,-
1274 3023 1333 3073 totns

252 3102 323 3161 item
336 3101 392 3160 sub
405 3101 471 3160 vini
480 3102 572 3174 specii,
589 3114 618 3160 et
632 3103 688 3162 sub
700 3103 762 3178 ejus
768 3104 907 3176 partibas
919 3107 1025 3165 existit.

448 3282 553 3344 CAP.
571 3279 610 3340 4.
629 3283 683 3340 De
700 3279 1153 3342 transsubstantiatione.

286 3443 439 3517 Quoniam
458 3451 558 3500 autem
578 3441 715 3502 Christus
735 3443 923 3514 Redemptor
942 3454 1049 3514 noster,
1071 3462 1181 3517 corpus
1200 3461 1281 3502 suum
1301 3439 1330 3496 id.
1360 3439 1361 3486 i

251 3530 335 3603 quod
354 3530 410 3588 sub
424 3529 524 3602 specie
542 3529 628 3602 panis
646 3530 796 3601 offerebat,
813 3547 881 3588 vere
894 3549 959 3589 esse
971 3530 1066 3603 dixit;
1090 3531 1159 3591 ideo
1178 3544 1332 3605 persuasum
1360 3551 1361 3612 r

251 3635 368 3690 semper
378 3617 408 3676 in
421 3617 556 3674 Ecclesia
570 3618 625 3676 Dei
640 3617 702 3686 suit,
713 3618 805 3689 idque
818 3635 898 3675 nunc
911 3617 1013 3676 denno
1025 3619 1126 3676 santia
1140 3618 1204 3678 haec
1214 3615 1333 3691 Synodns
1360 3613 1361 3634 ¹

251 3704 389 3774 declarat,
408 3721 459 3776 per
472 3705 726 3763 consecrationem
745 3705 831 3777 panis
849 3705 953 3762 etvini
971 3705 1178 3762 conversionem
1192 3705 1252 3763 fieri
1263 3702 1333 3758 totins

250 3789 417 3846 substantio
436 3790 521 3861 panis
541 3791 572 3847 in
591 3791 783 3848 substantiam
801 3792 926 3863 corporis
939 3791 1048 3849 Christi
1066 3792 1190 3850 Domini
1208 3789 1297 3852 nostri,
1309 3797 1332 3842 et

252 3876 339 3932 totins
350 3876 518 3932 substantie
531 3877 595 3934 tn'nr'
607 3878 636 3934 in
649 3877 840 3934 substantiam
854 3878 1007 3950 sanguinis
1019 3879 1099 3950 cjrcs‚·
1118 3897 1186 3952 quae
1199 3873 1331 3936 conversio
1360 3877 1361 3906 ³

250 3961 462 4102 conveniente}
475 3973 504 4019 et
519 3965 637 4036 proprie
648 3983 664 4022 a
675 3965 778 4022 santia
789 3965 935 4024 catholica
947 3965 1081 4023 Ecclesia
1091 3959 1329 4023 transsubstantia·

251 4048 291 4105 tio
304 4058 349 4106 est
362 4048 450 4118 appel
463 4057 519 4104 ata.

286 4233 295 4263 ¹
301 4239 369 4308 soa,
379 4239 435 4304 ui,
450 4239 492 4307 58-
