2794 4662
449 177 813 263 na'uararuouro.
1116 183 1177 264 ser

1045 332 1179 340 ———--·

78 387 173 450 tione
200 388 244 451 ab
271 389 536 473 interpellatione
566 392 737 470 iacienda;
776 413 853 456 nam
883 394 920 456 in'
944 393 1040 456 Brevi
1070 393 1118 456 Pii
1147 394 1178 456 V

79 488 200 572 legitur
217 515 224 555 :
248 497 263 526 “
276 496 432 572 maxime,
449 498 527 578 quia
542 495 774 559 difficillimum
798 496 882 560 soret
906 497 1049 578 primum
1066 496 1174 576 conju·

78 614 159 674 gem
182 595 325 660 invenire
336 599 373 675 '';
400 600 431 662 in
451 600 586 662 Litteris
610 608 721 662 autem
739 599 888 681 Gregorii
907 599 996 662 XIII
1017 623 1023 662 :
1047 605 1063 630 ‘⁴
1076 600 1177 663 Dum·

79 696 186 759 modo
198 707 327 764 constet
344 701 444 764 etiam
458 702 638 764 summario
650 711 684 764 et
697 701 994 783 extrajudicialiter
1005 703 1180 784 conjugem

79 799 256 863 absentem
285 804 411 866 moneri
440 803 588 885 legitime
615 810 680 866 tlon
706 824 811 885 posse,
835 816 893 868 aut
918 806 1071 868 maritum
1097 807 1181 868 intra

80 912 216 983 tempus
239 903 347 968 eidem
373 907 547 968 monitioni
572 905 747 986 praefixum
771 926 866 970 suam
883 907 1090 973 voluntatem
1115 927 1180 970 non

79 1004 287 1084 significasse
299 1008 322 1069 '’.
369 1007 455 1090 Quae
466 1009 578 1070 omnia
591 1028 670 1070 saue
680 1011 862 1073 ostendunt
875 1009 918 1072 ibi
932 1011 986 1091 agi
997 1012 1040 1074 de
1050 1011 1181 1092 dispen-

80 1107 214 1170 satione
228 1109 271 1172 ab
287 1110 562 1192 interpellatione,
573 1110 796 1194 praetarosque
810 1112 987 1176 Pontifices
1003 1113 1088 1175 hanc
1104 1132 1182 1174 con·

80 1211 221 1274 cessisse
236 1233 301 1275 non
318 1224 415 1278 extra
431 1215 637 1296 privilegium
655 1214 839 1287 Paulinum,
850 1213 908 1276 sed
927 1223 1085 1294 tanquam
1100 1213 1182 1293 juris

81 1314 187 1377 divini
204 1315 408 1398 interpretes.
453 1317 504 1399 (b)
519 1321 625 1399 Juxta
640 1317 723 1380 allos
739 1325 861 1392 autem,
874 1315 1080 1397 privilegium
1101 1318 1179 1379 Pau·

83 1415 189 1480 linum
202 1418 360 1484 fundatur
372 1421 506 1502 quidem
518 1421 591 1501 jure
603 1421 725 1492 divino,
733 1417 791 1482 sed
804 1419 1009 1499 dispensatio
1021 1439 1041 1482 a
1052 1419 1183 1482 duobus

87 1520 301 1584 Pontificibus
318 1525 585 1588 commemoratis
601 1544 757 1588 concessa
773 1526 910 1588 omnino
925 1523 1036 1587 differt
1051 1523 1182 1606 aprivi-

84 1621 173 1702 legio
195 1625 357 1702 Paulin0;
385 1647 462 1690 nam
486 1627 664 1708 Gregorius
687 1628 787 1704 XIII,
804 1629 968 1692 concessit
991 1628 1181 1702 facultatem

83 1724 235 1789 solvendi
260 1729 472 1794 matrimonia
496 1731 527 1792 in
554 1730 748 1794 infidelitate
771 1730 957 1807 contraite,
980 1733 1081 1795 etiam
1105 1753 1184 1796 casu

84 1848 153 1909 quo
176 1830 300 1912 conjux
325 1831 444 1896 absens
468 1833 635 1914 baptismo
659 1841 870 1914 regeneratus
895 1831 1043 1894 suerat1:
1072 1832 1183 1915 “Quae
1253 1905 1254 1908 Ἴ

83 1932 221 2012 quidem
254 1936 478 2010 matrimonia,
506 1938 636 2002 etiamsi
669 1948 785 2019 postea
816 1937 996 2000 innotuerit
1027 1937 1184 2018 conjuges

86 2037 211 2118 priores
229 2039 377 2104 infideles
393 2061 487 2104 suam
500 2042 707 2105 voluntatem
722 2042 811 2122 juste
828 2041 1005 2121 impeditos
1017 2041 1184 2104 declarare

86 2160 154 2202 non
178 2143 333 2221 potuisse,
356 2151 389 2205 et
412 2144 459 2205 ad
468 2144 573 2225 fidem
596 2145 694 2206 etiam
718 2153 855 2225 tempore
877 2145 1037 2205 transaiii
1057 2145 1188 2207 secundi

85 2244 292 2308 matrimonii
304 2267 468 2310 couversos
481 2249 597 2328 fuisse,
615 2248 828 2310 nihilominus
850 2247 989 2308 resciudi
1015 2267 1183 2329 nunquam

83 2347 207 2410 debere
218 2347 241 2411 ''.
290 2349 390 2411 Porro
402 2351 609 2432 privilegium
624 2353 798 2414 Paulinum
813 2353 855 2413 ad
869 2351 956 2412 hunc
970 2371 1083 2414 casum
1096 2363 1184 2414 certe

85 2471 153 2513 non
170 2454 370 2518 extenditur.
418 2451 508 2532 Ergo
524 2451 703 2515 dicendum
721 2461 770 2514 est
788 2450 984 2515 Pontificem
1007 2451 1093 2514 hanc
1112 2472 1184 2533 spe-

84 2554 203 2618 cialem
219 2556 503 2638 dispensationem
519 2555 730 2629 concessisse,
747 2574 813 2616 non
831 2554 952 2618 virtute
971 2555 1097 2616 Paulini
1121 2555 1182 2636 pri·

84 2658 205 2740 vilegii,
215 2660 273 2721 sed
287 2660 318 2722 vi
332 2657 559 2721 ministerialis
568 2658 737 2739 potestatis
749 2661 814 2738 qua
831 2657 957 2720 solvere
974 2666 1084 2739 potest
1100 2659 1185 2720 anti·

83 2783 152 2844 qua
168 2764 411 2845 neophytorum
430 2762 641 2826 matrimonia
666 2764 824 2835 nondum,
841 2771 917 2842 post
934 2763 1183 2825 conversionem
1257 2751 1260 2762 ’

84 2866 182 2928 unius
206 2865 364 2948 conjugis,
386 2875 638 2940 consummata,
672 2885 745 2944 quae
769 2874 917 2946 potestas
941 2863 1057 2926 similis
1081 2872 1131 2926 est
1154 2866 1182 2925 ei

82 2973 151 3051 quit
178 2969 315 3032 solvitur
345 2968 593 3032 matrimonium
623 2977 730 3028 ratum
759 2977 792 3029 et
821 2986 886 3028 non
914 2977 1181 3029 consummatum

83 3071 177 3148 inira,
190 3093 220 3134 n.
231 3087 273 3152 70
284 3092 343 3153 sq.;
366 3071 529 3152 siquidem
545 3069 803 3144 matrimonium,
813 3069 856 3130 de
868 3087 936 3148 quo
948 3068 1067 3151 agitur,
1077 3067 1183 3130 suerat

82 3177 219 3258 quidem
236 3185 502 3238 consummatum
523 3175 554 3235 iu
573 3171 778 3247 infidelitate,
792 3192 857 3233 non
875 3179 985 3233 autem
1000 3191 1020 3232 a
1033 3180 1183 3254 tempore

82 3300 151 3362 quo
168 3290 276 3342 ratum
292 3279 398 3342 suerat
413 3278 628 3339 conversione
644 3277 815 3356 utriusque
833 3275 994 3356 conjugis.

562 3447 609 3455 ...η
620 3448 686 3454 .--.-—.

119 3554 126 3585 ¹
137 3549 220 3616 Quod
236 3547 388 3617 praesertim
399 3545 516 3615 contigit
532 3557 723 3615 temporeque
738 3541 808 3597 servi
822 3543 859 3597 ab
869 3543 965 3597 Africa
975 3543 1011 3596 ad
1022 3543 1182 3598 Americam

82 3637 290 3700 deserebamus
311 3634 388 3690 multi
403 3651 436 3688 ex
447 3633 487 3686 eis
499 3633 638 3704 siquidem
649 3633 710 3700 jam
721 3630 928 3683 matrimonium
940 3640 1137 3683 contraxerant
1148 3647 1182 3684 ac

82 3724 220 3778 violenter
232 3741 249 3777 a
262 3723 380 3791 conjuge
394 3720 516 3789 separati
535 3719 644 3772 fuerant
662 3717 777 3788 quando
790 3717 826 3770 ad
841 3717 925 3770 tidem
938 3716 1179 3780 convertebantur,

82 3811 269 3880 interpellatio
280 3809 461 3879 impossibilis
471 3817 539 3872 erat,
548 3823 633 3877 quum
645 3806 691 3858 ubi
702 3815 776 3858 esset
790 3805 860 3857 alter
870 3803 970 3872 conjux
983 3804 1093 3871 penitus
1105 3804 1180 3872 igno-

82 3910 142 3951 tum
162 3911 258 3961 esset;
281 3897 452 3967 quandoque
470 3897 556 3951 etiam
576 3896 757 3964 contingebat
778 3905 807 3946 ut
826 3893 896 3945 alter
916 3891 1027 3959 conjux,
1042 3891 1069 3942 in
1087 3891 1181 3945 Africa

81 3983 205 4051 relictus,
220 3985 257 4038 ad
272 4001 366 4038 veram
380 3984 464 4038 fidem
478 3993 693 4036 converteretur.
733 3982 796 4048 Quo
816 3978 844 4031 in
864 3995 931 4032 casu
952 3977 1096 4046 privilegio
1113 3977 1181 4032 Pau·

81 4071 140 4125 lino
159 4071 236 4125 Iocus
255 4088 311 4124 non
330 4081 399 4124 erat.
440 4071 527 4124 Porro
541 4071 569 4123 S.
589 4069 714 4122 Pontifex
735 4064 859 4134 permisit
879 4075 908 4118 ut
928 4063 1086 4132 hujusmodi
1108 4063 1179 4118 servi

81 4175 185 4212 novum
204 4157 412 4211 matrimonium
432 4157 639 4216 contraherent,
656 4153 829 4222 proindeque
848 4150 1015 4205 audieritate
1034 4153 1085 4204 sua
1104 4151 1179 4219 prius

81 4244 290 4300 matrimonium
304 4242 393 4297 solvit.
434 4244 487 4297 Cir.
500 4241 743 4310 Gury-Bctllm'm',
755 4250 809 4293 not.
822 4241 857 4293 ad
873 4256 897 4292 n.
910 4251 969 4308 759,
981 4255 1006 4306 p.
1019 4239 1071 4304 736
1083 4237 1126 4291 cd.
1137 4255 1179 4306 4³3

81 4333 180 4397 Bilm,
191 4333 228 4384 th.
241 4347 281 4394 aa.
