2752 4648
225 185 292 237 ³72
673 186 813 238 CAPUT
831 185 874 234 11.

228 364 365 427 materia
376 364 535 444 proainra,
548 385 590 428 sc.
601 367 728 447 species
744 385 802 428 seu
817 364 1004 427 accidentia
1017 361 1114 443 panis
1127 371 1160 424 et
1171 357 1232 422 vini
1244 375 1305 438 qua
1359 365 1360 390 ³

228 476 303 547 post
319 468 601 530 consecrationem
619 477 801 543 remanent,
813 469 949 531 tandem
954 468 1071 547 soram
1082 485 1158 547 quae
1173 464 1203 525 in
1218 459 1306 524 verbis
1359 449 1360 460 .

228 569 485 632 consecrationis
501 569 653 633 consistit
667 592 674 646 ;
698 569 749 652 (b)
764 583 877 652 corpus
891 579 922 631 ct
935 569 1096 648 sangnis...
1111 567 1143 630 id
1159 565 1240 627 enim
1255 563 1305 623 sin·

228 669 341 752 gulare
357 680 407 734 est
425 672 456 733 in
474 670 537 733 hoc
553 683 762 736 sacramento
779 693 844 736 non
862 673 970 735 solum
988 671 1141 751 gratiam,
1153 667 1208 731 sed
1223 663 1306 747 ipsius

229 773 344 852 gratiae
367 771 536 836 audiorem
561 775 724 850 inveniri;
755 777 801 852 (c)
827 775 875 837 ad
884 773 1125 855 producendam
1143 770 1306 852 gratiam...

229 873 282 936 hic
305 875 470 939 indicatur
492 877 644 958 specialis
668 877 775 959 gratia
802 877 900 958 hujus
926 874 1136 950 sacramenti,
1159 893 1199 935 sc.
1220 867 1307 952 gratia

229 977 408 1058 spiritualis
425 980 625 1055 nutritionis,
642 981 674 1043 in
699 981 811 1044 anima
835 980 1022 1062 producens
1045 973 1183 1039 effestus
1204 971 1308 1036 similes
1360 1049 1361 1064 χ

230 1082 268 1143 iis
284 1103 368 1164 quos
384 1083 477 1146 cibus
494 1083 671 1146 materialis
687 1081 816 1163 corpori
833 1089 976 1163 praestat

271 1209 321 1274 80.
369 1219 404 1268 20
423 1207 488 1270 Hic
504 1217 615 1272 autem
632 1206 707 1268 duae
724 1205 926 1286 quaestiones
942 1203 1112 1264 solvendae
1135 1205 1309 1263 occurmnt:
1360 1187 1361 1190 '

230 1307 280 1386 (a)
291 1308 323 1369 in
334 1328 402 1389 quo
412 1310 563 1373 consistit
573 1309 708 1372 essentia
718 1307 915 1370 sacramenti
928 1302 1310 1384 Eucharistiael(b)utmm

229 1407 272 1470 sit
287 1421 531 1472 sacramentum
549 1430 649 1473 unum
671 1409 723 1472 vel
748 1409 943 1490 multiplex?
966 1427 1011 1469 ex
1034 1407 1155 1488 quibus
1176 1404 1310 1487 quaedam

230 1511 402 1574 corollaria
417 1513 631 1576 deducentur.

274 1611 333 1692 (A)
350 1613 496 1695 Quidam
513 1615 667 1696 theologi,
683 1635 758 1677 cum
777 1613 878 1694 Lago,
894 1621 1053 1695 putarunt
1076 1611 1250 1674 essentiam
1264 1607 1312 1667 bu·

228 1712 282 1793 jus
305 1717 503 1779 sacramenti
526 1738 592 1780 non
617 1716 725 1781 solum
750 1716 782 1778 in
807 1715 980 1797 speciebus
996 1724 1030 1777 et
1046 1733 1184 1794 corpore
1199 1707 1312 1776 Christi,

231 1816 289 1879 sed
313 1817 413 1880 etiam
436 1819 471 1880 irr
489 1819 716 1882 consecratione
736 1819 936 1894 consistere;
960 1816 1018 1880 sed
1042 1816 1105 1878 hoc
1127 1813 1252 1878 admitti
1267 1829 1311 1870 ne·

231 1918 311 1998 quit,
324 1939 427 2000 quum
444 1923 649 1985 consecratio
665 1923 708 1984 sit
724 1920 892 1994 transiens,
905 1920 984 1980 dum
1002 1927 1242 1980 sacramentum
1258 1911 1312 1973 Eu·

232 2022 395 2086 charistiae
416 2035 466 2087 est
487 2026 566 2106 quid
589 2043 809 2107 permanens;
831 2022 966 2085 aliunde
987 2021 1192 2084 consecratio
1207 2011 1313 2080 directe

225 2125 375 2205 gratiam
392 2149 454 2190 non
469 2129 611 2208 confert:
627 2128 716 2209 quod
734 2138 846 2190 tamen
864 2123 1040 2187 essentiale
1052 2134 1104 2186 est
1116 2128 1313 2186 sacramento.

232 2225 310 2303 Alii,
327 2239 403 2310 post
422 2229 618 2311 capreolum,
634 2231 719 2292 hanc
732 2227 908 2291 essentiam
925 2235 1142 2308 reposuerunt
1161 2218 1313 2306 partimin

231 2333 417 2411 sumptione,
440 2353 497 2396 seu
521 2333 777 2406 communione;
803 2329 861 2392 sed
885 2330 948 2391 hoc
972 2329 1095 2410 pariter
1117 2323 1313 2408 rejiciendum
1362 2353 1363 2372 .

232 2442 291 2507 est,
308 2445 378 2496 tum
395 2436 472 2515 quia
488 2437 679 2499 communio
702 2444 753 2496 est
775 2433 855 2514 quid
877 2431 1048 2500 transiens,
1065 2441 1137 2493 tum
1153 2429 1226 2511 quia
1239 2441 1314 2488 sum·

233 2534 304 2614 ptio
325 2537 405 2598 nihil
430 2538 518 2626 aliud
543 2549 593 2602 est
614 2539 676 2600 nisi
701 2556 779 2598 usus
799 2534 998 2597 sacramenti
1006 2534 1085 2615 Jirrn
1108 2529 1274 2603 existentes,
1289 2535 1316 2586 et

233 2649 476 2702 sacramentum
487 2641 556 2719 jam
573 2636 761 2702 consenum
774 2637 933 2717 supponit
944 2648 964 2699 ¹.
1003 2635 1082 2709 Alii,
1095 2645 1132 2698 ut
1145 2632 1279 2714 Sylm'us,
1290 2629 1315 2688 in

234 2740 307 2819 ipso
322 2752 447 2821 corpore
464 2741 611 2814 Christi,·
627 2741 685 2802 sed
703 2740 765 2802 hoc
782 2737 849 2802 lieri
867 2741 1000 2821 nequit;
1015 2759 1093 2802 nam
1110 2757 1227 2819 corpus
1239 2731 1317 2798 Chri·

234 2844 275 2905 sti
303 2844 335 2905 in
365 2845 573 2908 Eucharistia
601 2864 667 2908 non
696 2855 746 2907 est
773 2845 905 2924 signum
933 2840 1097 2903 sensibile.
1153 2839 1229 2914 Alii,
1254 2842 1318 2916 post

236 2946 370 3022 Snaree,
396 2956 512 3010 tenent
538 2958 783 3010 sacramentum
812 2964 907 3026 aeque
930 2953 1081 3006 constare
1104 2941 1270 3023 speciebus
1289 2945 1316 2996 et

233 3067 370 3128 corpore
388 3047 534 3113 Domini.
698 3128 702 3134 Ι

279 3152 483 3215 Probabilior
507 3163 618 3216 autem
646 3151 798 3217 doctrina
823 3161 873 3215 est
897 3149 1075 3212 essentiam
1103 3147 1202 3229 hujus
1226 3161 1317 3208 sacra·

236 3254 338 3316 menti
362 3257 587 3336 reponendam
611 3276 683 3318 esse
707 3258 740 3317 in
769 3254 927 3336 speciebus
951 3251 1148 3326 consecratas,
1169 3257 1317 3332 quatenus

234 3359 405 3420 continent
421 3378 540 3440 corpus
563 3371 596 3422 et
617 3361 813 3441 sanguinem
831 3357 963 3431 Christi,
981 3354 1188 3436 proindeque
1209 3345 1317 3415 directe

234 3460 333 3523 sitam
358 3481 429 3524 esse
453 3462 485 3523 in
509 3463 692 3543 speciebus,
717 3457 876 3524 indirecte
900 3460 933 3521 in
957 3477 1095 3538 corpore
1117 3465 1152 3519 et
1174 3451 1318 3535 sanguine

270 3676 277 3700 ¹
293 3673 375 3740 Quod
396 3671 436 3725 sic
453 3673 578 3728 declarat
591 3674 620 3726 S.
638 3673 761 3725 'llromas
776 3669 813 3738 (3,
827 3688 852 3740 p.
873 3684 915 3739 73,
929 3686 953 3722 a.
971 3683 981 3722 1
1002 3668 1039 3721 ad
1053 3667 1100 3736 3):
1124 3667 1140 3694 “
1152 3667 1222 3720 Haec
1239 3673 1319 3717 autem

235 3767 277 3810 est
287 3758 444 3812 differentia
456 3759 527 3814 inter
538 3759 746 3813 Eucharistiam
755 3769 783 3812 et
793 3757 849 3811 alia
860 3765 1037 3810 sacramenta
1047 3755 1181 3808 habentia
1190 3749 1319 3806 materiam

236 3845 406 3911 sensibilem,
420 3847 494 3915 quod
509 3845 689 3901 Euclraristia
702 3845 827 3900 continet
840 3841 946 3914 aliquid
960 3858 1070 3896 sacrum
1089 3841 1217 3894 absolute
1229 3836 1319 3892 scilicet

236 3929 327 3996 ipsum
341 3948 440 4000 corpus
454 3934 558 3986 Christi
571 3953 578 3998 ;
596 3950 671 4002 aqua
689 3949 754 3985 vero
763 3941 764 3946 ’
773 3928 905 3999 baptismi
926 3929 1051 3983 continet
1064 3927 1171 3997 aliquid
1184 3937 1284 3980 sacmm
1296 3919 1317 3970 in

236 4017 333 4070 ordine
346 4018 383 4070 ad
396 4019 480 4087 aliud,
494 4021 552 4073 scil.
568 4019 699 4073 virtutem
712 4019 748 4072 ad
762 4015 1030 4072 sanctificandum...
1049 4015 1085 4068 Et
1100 4014 1164 4068 ideo
1178 4021 1317 4068 sacramen·

236 4115 296 4156 tum
316 4105 501 4158 Eucharistiae
518 4105 658 4174 perficitur
677 4107 705 4157 in
726 4105 786 4173 ipsa
802 4101 1015 4158 consecratione
1033 4101 1178 4164 materiae;
1196 4099 1247 4152 alia
1263 4105 1316 4146 vero

236 4201 414 4242 sacramenta
426 4191 603 4258 perficiuntur
615 4193 643 4245 in
657 4192 843 4261 applicatione
859 4189 984 4244 materiae
1003 4189 1044 4242 ad.
1058 4189 1201 4242 hominem
1214 4177 1315 4239 saudifi·

286 4276 358 4330 ¹dum
369 4277 391 4331 ”.
