2686 4950
127 158 195 208 564
564 161 704 211 APPEN
711 161 800 212 mx„

129 338 289 410 Cajetanus
298 339 358 408 (De
371 337 541 412 suscipient.
558 340 651 398 indul.
667 358 695 412 q.
710 343 744 410 ι),
758 359 819 398 non
833 353 958 414 prosunt
972 343 1169 418 indulgentiae
1179 366 1226 405 ne·

126 425 307 496 gligentibus
320 426 488 484 satisfacere
497 444 548 498 per
562 443 593 484 se
604 426 694 498 ipsos,
707 427 850 498 quoniam
864 428 979 502 indigni
989 445 1059 491 sunt
1072 433 1227 506 indulgen·

126 513 174 583 tia,
187 513 240 570 sed
253 513 308 570 illis
321 531 448 585 quorum
462 514 595 571 voluntas
610 514 651 570 sic
665 525 708 572 est
721 515 760 572 ad
773 509 1022 576 satisfaciendum
1030 533 1134 592 parata
1147 522 1227 592 quod

127 618 187 657 non
201 601 328 658 retardat
341 619 417 673 opus
431 605 485 660 nisi
500 605 650 678 impedita
689 605 735 662 Ita
749 623 774 660 v.
790 622 818 675 g.
835 605 998 676 plenariam
1009 604 1226 676 indulgentiam

127 706 186 745 non
201 688 336 754 lucratur,
351 690 404 746 nisi
414 691 465 761 qui
479 692 517 749 ab
532 693 614 750 omni
626 691 733 749 affeetu
743 691 782 749 ad
795 691 920 749 venialia
934 690 1078 747 immunis
1090 703 1146 748 est.
1171 691 1227 746 His

125 786 225 833 autem
239 773 352 848 positis,
369 777 492 836 facilitas
506 781 605 851 operis
619 778 745 850 injuncti
759 788 804 836 est
823 779 923 850 potius
936 777 1077 850 quaedam
1091 778 1178 848 quasi
1197 778 1227 833 il·

127 862 251 932 lecebra,
264 865 323 934 quit
338 865 515 934 poenitentes
529 869 567 926 ad
583 867 728 940 perfectas
742 866 954 938 dispositiones
973 865 1131 924 interiores
1150 885 1227 924 com·

126 949 272 1021 parandas
286 950 467 1010 inducuntur
481 975 487 1010 :
507 965 536 1012 et
550 956 590 1012 ita
605 965 795 1026 promovetur
808 955 906 1013 cordis
919 952 1069 1019 contritio,
1085 953 1227 1010 orationis

126 1037 267 1103 studium,
295 1051 548 1098 sacramentorum
574 1040 772 1113 frequentatio
797 1059 832 1096 ac
861 1058 987 1113 operum
1017 1040 1228 1098 misericordiae

126 1142 230 1195 praxis.

126 1211 164 1278 (c)
177 1211 298 1267 Instant
308 1211 413 1269 iterum
431 1234 436 1270 :
467 1214 621 1272 concessio
636 1215 889 1289 indulgentiarum
903 1231 939 1272 eo
952 1213 1049 1272 tendit
1063 1226 1095 1271 ut
1110 1227 1228 1286 tempus

126 1299 309 1368 purgationis
321 1300 351 1355 in
362 1299 419 1357 hac
430 1302 475 1359 vel
486 1302 577 1359 altera
587 1303 647 1360 vita
660 1305 774 1362 minuat
782 1325 790 1376 3
809 1304 891 1376 atqui
906 1302 964 1357 hoc
973 1312 1017 1358 est
1031 1311 1140 1359 contra
1152 1302 1228 1360 ordi-

127 1403 194 1442 nem
207 1404 224 1441 a
240 1386 305 1443 Deo
319 1386 491 1445 intentum³.

160 1473 246 1544 Resp.
263 1473 343 1544 Nego
356 1475 457 1530 milior.
466 1499 478 1544 ,·
497 1478 561 1535 lleo
574 1479 664 1547 enim,
678 1479 729 1549 qui
743 1481 857 1536 animas
871 1477 1052 1550 poenitentes
1065 1476 1174 1547 diligit,
1188 1477 1226 1530 ni-

125 1561 165 1616 hil
180 1561 273 1631 magis
285 1572 443 1633 acceptum
457 1574 501 1621 cst
514 1583 604 1636 quam
619 1566 677 1623 hoc
691 1566 874 1638 purgationis
889 1575 1007 1636 tempus
1021 1564 1176 1633 minuere3
1194 1581 1228 1619 ex

125 1649 185 1704 una
204 1648 326 1720 quidem
349 1660 438 1720 parte,
456 1661 488 1707 ut
507 1653 627 1724 sapiens
643 1652 811 1723 legislator,
824 1651 925 1708 statuit
947 1659 978 1707 ut
997 1667 1088 1706 nemo
1102 1667 1228 1720 regnum

125 1735 269 1792 coelorum
283 1734 488 1805 ingrederetur
500 1739 556 1794 nisi
570 1750 637 1811 post
651 1739 831 1795 solutionem
849 1755 947 1808 poenae
960 1746 1086 1807 peccato
1100 1737 1229 1797 debitae;

126 1842 161 1880 ex
174 1823 266 1881 altera
278 1833 388 1893 autem,
403 1836 434 1882 ut
448 1826 614 1884 misericors
628 1828 729 1893 Pater,
746 1823 960 1896 poenitentibus
974 1823 1036 1880 vult
1050 1841 1185 1894 parcere;
1206 1825 1228 1879 si

125 1911 192 1980 quis
210 1912 307 1981 agitur
326 1929 379 1982 pro
397 1912 462 1968 aliis
482 1914 649 1979 satisfaciat,
665 1924 724 1983 aut,
742 1910 943 1982 indulgentias
961 1910 1171 1982 concedendo,
1188 1913 1229 1968 eis

126 1995 256 2069 praebeat
270 1997 349 2055 unde
362 1997 551 2069 satisfaciant,
565 2017 641 2071 opus
653 2000 721 2057 Deo
729 2009 845 2070 gratum
859 1996 936 2067 facit,
950 1996 1027 2054 Eum
1042 2015 1083 2054 sc.
1095 1999 1229 2068 juvando

125 2093 157 2140 ut
168 2084 288 2153 justitiae
302 2083 570 2156 misericordiaeque
582 2087 647 2156 jura
660 2087 807 2144 conciliet.

128 2170 168 2239 (d)
180 2170 441 2241 indulgentiarum
452 2172 606 2228 concessio
620 2173 782 2230 innumeris
795 2170 939 2229 abusibus
951 2170 1142 2228 occasionem
1158 2190 1228 2244 prae·

126 2257 201 2323 buit;
223 2259 351 2315 Romani
365 2258 445 2315 enim
462 2258 630 2324 Pontifices,
641 2260 702 2316 sine
717 2259 774 2315 ullai
788 2257 911 2322 ratione,
926 2267 1057 2322 centum,
1074 2257 1156 2316 mille
1169 2277 1229 2315 am·

126 2345 262 2416 pliusque
274 2363 420 2402 annorum
435 2346 635 2417 indulgentias
648 2347 744 2417 largiri
761 2364 821 2402 non
837 2344 1027 2409 erubuerunt,
1040 2345 1102 2401 imo
1116 2364 1167 2403 eas
1177 2365 1230 2418 pro

126 2434 252 2503 pecunia
272 2433 408 2501 vendere,
426 2434 468 2489 sic
488 2435 690 2504 turpissimum
713 2434 847 2489 simoniae
866 2433 977 2488 crimen
997 2433 1226 2490 committendo.

126 2521 210 2590 Jeep.
228 2520 353 2591 Aliquos
368 2521 517 2592 irrepsisse
531 2521 642 2579 abusus
663 2523 691 2578 in
713 2520 962 2590 indulgentiarum
983 2520 1181 2579 concessione
1200 2535 1228 2577 et

127 2609 335 2679 predicatione
356 2627 416 2664 non
431 2607 609 2678 diffitemur;
638 2608 690 2665 sed
706 2608 751 2664 isti
765 2608 876 2663 abusus
897 2624 952 2662 nec
972 2608 1154 2665 universales
1174 2629 1227 2667 nec

126 2697 293 2766 frequentes
308 2697 433 2763 suerunt,
449 2707 477 2752 et
492 2695 630 2766 pluriesa
648 2697 683 2750 R.
703 2693 896 2751 Pontificibus
916 2704 945 2749 et
966 2694 1110 2751 Conciliis
1131 2716 1227 2768 repro-

127 2782 185 2838 bati
207 2795 291 2849 sunt;
319 2783 358 2840 ita
381 2801 446 2840 saec.
466 2783 518 2851 Xl,
537 2783 696 2853 Gregorius
717 2781 782 2837 VII
792 2781 995 2837 lincolniensi
1012 2782 1167 2854 Episcopo
1188 2786 1226 2840 in·

125 2868 304 2940 dulgentiam
320 2871 498 2928 delictorum
513 2871 636 2939 roganti,
653 2869 756 2925 annuit
771 2870 805 2925 ea
820 2879 917 2923 tamen
932 2868 997 2938 lege
1012 2879 1042 2924 ut
1057 2867 1146 2927 bonis
1160 2889 1226 2943 ope·

125 2957 206 3014 ribus
220 2958 393 3016 inhaerendo
407 2959 583 3015 commissos
598 2974 735 3014 excessus
749 2956 927 3026 plangeres
956 2973 1022 3011 saec.
1040 2957 1103 3012 XII
1122 2959 1226 3028 Grego-

125 3046 187 3100 rius
211 3046 296 3115 Vlll,
322 3047 483 3104 Beneventi
507 3046 645 3103 fidelibus
668 3045 827 3102 declaravit
850 3043 941 3099 tutius
964 3060 1029 3100 esse
1050 3056 1082 3100 ut
1105 3058 1226 3116 agerent

126 3133 330 3202 poenitentiam
342 3152 431 3204 qnam
441 3134 486 3190 vel
502 3134 593 3191 tertiae
605 3133 693 3203 partis
706 3133 888 3204 poenitentiae
898 3131 1102 3189 remissionem
1112 3134 1226 3192 obtine·

124 3231 200 3290 rent;
219 3238 284 3276 saec.
294 3221 382 3289 Xlll,
393 3221 426 3278 C.
436 3221 597 3276 [triental
605 3220 631 3275 V
637 3219 834 3290 quorumdam
848 3219 1066 3289 Episcoporum
1080 3220 1108 3274 in
1120 3238 1226 3277 conce·

125 3308 231 3365 dendis
240 3309 432 3379 indulgentiis
443 3309 591 3366 laxitatem
603 3308 763 3378 redarguit,
784 3318 812 3364 et
826 3307 855 3362 T
851 3305 1028 3362 riilertfimmi
1040 3310 1124 3373 (sess,
1137 3307 1225 3362 XXV

124 3395 162 3450 de
177 3395 310 3465 Indulg.)
324 3395 424 3451 statuit
440 3408 470 3451 ut
486 3395 652 3452 sanctarum
675 3387 925 3464 indulgentiarum
945 3409 1053 3447 nrunus
1074 3394 1178 3452 sancte
1198 3411 1225 3453 et

160 3578 244 3629 1Huc
264 3577 334 3628 redit
354 3588 549 3644 argumentum
569 3578 749 3629 aLt'ifledolc
768 3575 941 3644 propositum
962 3576 1017 3641 (op.
1033 3574 1078 3626 cit.
1095 3592 1119 3641 p.
1140 3578 1200 3642 109)
1216 3597 1221 3628 :

126 3663 147 3689 ⁴‘
158 3665 219 3717 Has
233 3663 342 3716 animas
359 3666 436 3717 Deus
450 3665 550 3731 diligit,
564 3682 669 3733 easque
684 3665 711 3716 in
728 3664 891 3731 Purgatorio
910 3661 1027 3730 detinet,
1045 3680 1101 3716 oon
1122 3676 1153 3719 ut
1168 3683 1223 3734 ρω-

124 3768 175 3803 nas
189 3752 275 3815 luant,
286 3752 336 3804 sed
350 3763 379 3804 ut
392 3753 580 3820 purificentur.
621 3752 756 3804 Fidenter
768 3749 943 3803 admittimus
958 3751 1049 3802 Deum
1062 3768 1113 3804 eas
1127 3755 1223 3821 punire

124 3837 246 3890 maxima
260 3838 459 3903 misericordia,
473 3839 599 3900 lenitate,
615 3850 642 3890 et
656 3837 789 3890 efficacia.
829 3837 903 3888 Hinc
917 3853 1013 3888 eorum
1027 3853 1042 3888 e
1057 3837 1223 3907 Purgatorio

124 3923 336 3991 intempestivus
350 3942 480 3992 egressus
496 3926 565 3977 nihil
585 3924 767 3977 emolumenti
782 3924 822 3977 cis
835 3924 925 3985 affert,
942 3922 996 3975 nisi
1011 3934 1108 3977 tamen
1122 3927 1220 3980 admit·

124 4021 198 4062 tatur
219 4010 377 4062 Ecclesiam
404 4013 560 4063 Romanam
583 4010 782 4078 sapientiorem
804 4027 837 4063 ac
858 4011 1055 4079 benigniorem
1076 4028 1141 4066 esse
1163 4015 1220 4083 ipso

125 4098 195 4163 Deo,
213 4114 331 4165 eamque
345 4098 474 4151 vic'limas
488 4117 520 4152 ex
535 4100 637 4151 diuinis
651 4099 790 4164 manibus,
808 4111 836 4150 ut
850 4098 888 4151 ita
902 4099 1005 4159 dicam,
1021 4098 1145 4166 eripere!
1158 4102 1170 4127 '¹

159 4184 218 4237 ²Cf.
239 4186 387 4249 Baronfus,
399 4186 525 4239 Annales
538 4185 692 4239 ecclesiast.
703 4186 739 4238 ad
752 4203 796 4237 an.
811 4201 883 4255 1703,
897 4204 922 4239 n.
936 4201 981 4249 713
1002 4187 1126 4256 Drour'n,
1144 4189 1162 4242 l.
1174 4190 1216 4243 cit.

112 4272 132 4337 ,S
141 4291 166 4342 a,
182 4276 231 4330 ubi
245 4275 308 4332 haec
322 4287 349 4331 et
363 4273 420 4330 alia
433 4272 510 4330 lafla
524 4274 690 4330 referuntur.
