2752 4648
220 191 275 240 DE
294 192 583 242 sncnnMEuro
600 193 919 245 EUCHARISTIAE.
1051 199 1119 248 40⁷

42 365 135 431 stricte
160 369 335 452 loquendo,
362 373 612 454 superveniente
639 375 794 455 proximo
821 375 937 437 mortis
964 376 1118 457 periculo,

41 471 177 535 viaticum
201 474 371 556 accipere;
404 486 481 538 nam
506 475 559 536 illc
581 476 650 556 jam
674 476 834 540 satisfecit
858 475 913 538 fini
937 479 1120 560 praecepti;

41 573 104 649 imo,
112 575 208 654 juxta
224 597 357 657 paucos,
367 580 423 659 qui
441 599 539 642 mane
552 579 621 659 jam
639 579 907 655 communicavit,
923 600 990 642 non
1008 591 1119 662 potest

40 675 141 739 iterum
157 680 274 741 eodem
296 681 350 742 die
371 682 641 743 communionem
661 684 817 763 accipere.
865 681 1026 745 Attamen
1045 703 1118 764 pro-

41 776 163 841 babilior
177 781 300 862 opini0,
316 801 415 862 quam
432 781 597 862 approbat
614 780 648 843 S.
662 781 827 862 Lrgnrz'us,
844 784 908 848 ista
923 786 1119 866 distinguit:

40 883 60 940 si
82 884 209 947 morbus
234 885 277 947 sit
302 884 469 960 naturalis
489 883 580 947 nulla
600 894 650 946 est
671 884 833 966 obligatio
851 888 1009 950 viaticum
1034 889 1118 949 acci-

40 983 144 1062 piendi,
155 988 241 1067 quia,
252 997 402 1068 tempore
418 1006 484 1068 quo
500 994 633 1066 recepta
649 985 711 1048 fuit
726 989 927 1064 communio,
937 989 1118 1070 periculum

41 1089 139 1149 nortis
161 1089 231 1169 jam
259 1090 434 1164 existebat,
462 1090 537 1151 licet
565 1090 727 1171 ignotum,
754 1100 787 1153 et
815 1092 861 1154 ita
889 1092 945 1154 lex
973 1092 1034 1155 suit
1062 1095 1118 1154 ad-

41 1188 180 1270 impleta;
206 1192 233 1253 si
258 1202 370 1254 autern
395 1192 529 1254 morbus
545 1211 563 1253 e
578 1196 678 1254 cause
693 1192 839 1256 violenta
862 1195 995 1270 oriatur,
1011 1215 1039 1256 v.
1055 1214 1084 1274 g.
1101 1212 1119 1254 e

41 1291 165 1368 vulnere,
175 1295 391 1375 praebendum
405 1305 456 1356 est
467 1294 635 1368 viaticum,
645 1296 732 1375 quia,
742 1304 892 1377 tempore
904 1317 971 1378 quo
988 1304 1119 1376 recepta

41 1391 91 1454 luit
105 1398 301 1472 communio,
318 1397 499 1479 periculum
517 1397 633 1459 mortis
655 1417 720 1458 non
743 1398 851 1460 adhuc
867 1398 1043 1472 existebat,
1060 1418 1120 1459 nec

40 1498 163 1574 proinde
188 1501 372 1580 adimpleta
394 1500 455 1562 suit
479 1499 534 1562 lex
561 1500 741 1580 recipiendi
766 1501 799 1562 in
820 1501 966 1581 periculo
988 1501 1121 1577 mortis,

40 1617 102 1675 quae
117 1611 227 1665 tamen
243 1603 405 1685 obligatio
421 1623 486 1665 non
503 1614 555 1666 est
571 1605 728 1683 urgenda,
743 1623 846 1684 quum
861 1604 975 1686 opinio
991 1612 1119 1666 contra·

41 1700 79 1762 ria
92 1703 131 1766 sit
146 1726 220 1768 vere
237 1705 425 1788 probabilis,

77 1802 137 1890 (B)
157 1808 243 1871 illud
268 1818 471 1891 praeceptum
496 1809 630 1887 insuper
648 1806 775 1889 obligat
791 1809 961 1889 aliquoties
976 1808 1011 1870 in
1025 1805 1120 1879 vitel;

41 1925 105 1968 nam
121 1909 330 1973 Eucharistia
354 1911 505 1974 instituta
529 1911 590 1973 fuit
613 1929 671 1991 per
693 1912 830 1973 modum
852 1911 937 1988 cibi;
963 1911 1055 1991 atqui
1079 1911 1120 1972 de

41 2015 143 2072 natura
158 2023 209 2074 est
224 2011 289 2076 cibi
306 2022 343 2076 ut
362 2014 484 2095 pluries
500 2023 650 2076 sumatur
666 2013 699 2072 in
715 2013 783 2074 vita
800 2034 807 2090 ;
832 2031 920 2094 ergo.
972 2012 1126 2093 Tempus¹

41 2121 137 2174 autem
149 2133 215 2176 non
230 2113 292 2176 fuit
304 2135 323 2176 a
334 2115 466 2180 Christo
478 2114 745 2187 determinatum,
756 2113 904 2194 illudque
916 2125 1119 2195 praeceptum

41 2212 187 2295 adimplet
203 2217 259 2297 qui
276 2218 377 2280 semel
395 2220 426 2279 in
443 2237 532 2279 anno
547 2217 778 2292 communicat,
788 2226 938 2298 tempore
950 2216 993 2278 ab
1006 2214 1120 2277 Eccle-

42 2314 79 2375 sia
93 2317 236 2398 praefix0,
248 2340 351 2400 quum
367 2321 438 2383 haec
454 2321 496 2383 sit
509 2321 591 2401 juris
607 2319 710 2382 divini
726 2320 894 2401 interpres.

77 2435 141 2500 130.
188 2436 224 2484 20
235 2423 305 2486 Per
314 2425 464 2486 accidens.
511 2423 597 2486 Illud
614 2430 818 2504 praeceptum
835 2423 963 2504 obligat
971 2422 1120 2503 peracci-
1185 2427 1187 2432 ’

41 2519 113 2596 dens,
134 2526 263 2605 quoties
287 2545 380 2588 sacra
402 2527 594 2589 communio
616 2526 800 2588 necessaria
823 2536 872 2588 est
895 2526 937 2588 ad
964 2545 1122 2607 superan-

41 2622 107 2685 dam
122 2646 255 2706 gravem
273 2629 506 2705 tentationem;
528 2629 619 2711 quod
636 2639 748 2691 tamen
765 2649 838 2690 raro
855 2629 973 2704 evenit,
985 2629 1063 2709 quia
1078 2628 1120 2691 ad

2 2811 3 2814 Ἴ
42 2722 94 2786 hoc
116 2727 263 2792 sufficere
287 2742 428 2811 possunt
452 2732 517 2794 alia
541 2731 695 2806 remedia,
715 2741 751 2793 ut
772 2732 947 2806 orationes,
968 2731 1122 2811 variaque

43 2831 233 2905 poenitentiae
248 2854 357 2915 opera.

265 2974 312 3029 11.
329 2974 382 3030 De
404 2976 594 3044 praecepto
616 2967 889 3028 ecclesiastice.

80 3105 140 3173 131.
187 3101 391 3180 Praeceptum
410 3097 669 3159 ecclesiasticum
691 3097 754 3157 tria
774 3095 984 3172 determinat,
1000 3116 1043 3159 sc.
1051 3097 1123 3176 sre-

43 3200 200 3276 quentiam,
216 3212 339 3282 tempus
354 3210 386 3262 et
402 3200 503 3262 locum
520 3198 764 3261 communionis
776 3210 795 3260 1.

84 3313 111 3358 10
125 3301 243 3383 Quoad
251 3304 472 3384 frequentiam
489 3325 500 3363 .·
525 3301 574 3382 (a)
591 3300 741 3382 Quisque
757 3298 862 3362 fidelis
879 3299 1013 3362 adultus
1030 3311 1121 3362 tene·

44 3411 88 3461 tur
101 3407 195 3468 semel
203 3408 317 3470 saltem
334 3408 368 3469 in
383 3428 467 3469 anno
482 3406 646 3487 suscipere
663 3403 916 3476 Eucharistiam,
932 3413 966 3464 et
987 3403 1120 3482 quidem

44 3507 95 3567 sub
109 3511 205 3588 gravi,
220 3529 298 3571 nam
315 3510 510 3590 delinquens
527 3517 638 3586 potest
654 3507 761 3587 puniri
777 3507 1122 3567 excommunicatione

46 3615 514 3638 Ἢ

71 3668 260 3730 ¹Gravitatem
279 3677 361 3746 hujus
380 3673 512 3745 praecepti
532 3690 615 3728 nemo
628 3683 671 3727 est
690 3672 736 3742 qui
757 3689 813 3726 non
826 3671 927 3725 videat.
966 3669 1122 3723 “Pastores

43 3752 124 3827 itaque
141 3765 298 3818 animarum
317 3765 344 3817 in
359 3764 484 3818 Domino
497 3763 582 3816 etiam
599 3771 683 3830 atque
696 3761 782 3813 etiam
800 3760 952 3820 hortamur,
968 3767 998 3810 ut
1017 3758 1123 3810 nullum

43 3857 90 3897 non
102 3863 229 3906 moveant
242 3851 376 3922 lapidem,
389 3867 445 3920 quo
458 3866 556 3903 omnes
576 3849 644 3918 ipsis
661 3846 804 3900 commissi
823 3845 860 3898 ad
879 3855 1051 3914 praeceptum
1069 3845 1123 3898 hoc

43 3937 195 3991 sen-andum
208 3939 391 3992 adducantur.
432 3938 541 3990 Instent
554 3952 622 3989 sane
633 3944 796 4004 opportune,
808 3933 975 4000 importune;
995 3941 1123 3998 arguant,

43 4016 186 4088 obsecrent,
208 4026 353 4095 increpent
372 4024 401 4076 in
420 4023 495 4076 omni
515 4021 660 4090 patientia.
702 4019 772 4073 Boni
791 4019 867 4073 enim
886 4018 1006 4087 pastoris
1025 4029 1075 4084 est,
1093 4028 1123 4070 ut

43 4119 164 4170 agnoscat
177 4127 243 4164 oves
257 4127 332 4176 suas,
345 4110 482 4176 simulque
496 4110 597 4162 efficiat
616 4118 646 4161 ut
664 4117 693 4159 et
712 4107 765 4160 illae
779 4107 871 4174 ipsum
883 4109 1047 4173 agnoscant.
1090 4105 1122 4157 In

43 4205 71 4242 eo
83 4207 169 4250 autem
183 4215 297 4252 omnem
316 4207 423 4266 ponant
442 4212 566 4264 operam,
581 4205 610 4248 ut
630 4194 727 4249 fideles
740 4193 825 4263 digne
844 4194 881 4246 ad
900 4203 1011 4246 tantum
1030 4207 1122 4245 sacra·

42 4293 154 4337 mentum
168 4285 305 4340 accedant
313 4285 334 4338 ”.
371 4283 416 4351 (C.
432 4284 507 4336 Bau.
523 4283 559 4350 11,
577 4281 648 4350 256.)
