2780 4646
468 160 524 210 DE
544 160 718 210 tannim.
1090 157 1146 214 lai

53 339 251 410 ordinatione,
271 339 332 402 nisi
349 341 436 404 enim
456 341 548 404 Deus
564 342 723 406 voluisset
741 339 836 404 nobis
858 344 928 405 dari
946 338 1146 426 ‘supernatu-

53 444 143 505 ralem
162 444 412 506 retributionem
430 457 566 526 propter
582 447 671 508 bona
687 466 788 528 opera
810 455 932 522 nostra,
949 447 1077 508 nullum
1091 447 1146 528 jus

53 547 87 607 ad
103 547 190 609 illam
208 546 414 622 haberemus,
431 568 508 610 nam
525 569 626 610 omne
646 551 740 630 quod
759 547 921 611 babemus
936 549 988 611 vel
1006 547 1146 612 iacimus

53 669 69 710 a
88 649 158 712 Deo
178 659 230 714 est
253 661 286 712 et
309 651 384 740 Deo
407 650 555 726 debetur,
579 671 639 714 nec
660 651 800 731 proinde
823 651 925 713 ullum
947 651 1000 731 jus
1024 652 1146 715 habere

53 759 218 830 possumus
234 753 337 816 relate
353 754 395 815 ad
413 752 534 827 Deum,
552 753 613 815 nisi
632 753 702 832 ipse
719 753 785 816 tale
803 753 857 833 jus
877 753 972 816 nobis
989 754 1144 818 conserat.

53 855 97 934 ld)
120 857 173 920 Ad
195 859 475 938 supernaturalem
496 857 765 928 retributionum,-
788 858 820 919 in
846 856 908 918 hoc
931 856 1148 938 distinguitur

53 961 195 1025 meritum
216 981 236 1022 a
251 961 496 1040 satissatir'one;
518 959 702 1026 satistattio
725 961 814 1022 enim
840 969 1037 1040 compensat
1061 959 1146 1041 inju-

53 1063 125 1124 riam
142 1063 217 1125 Deo
234 1063 371 1137 illatam,
387 1064 467 1126 dum
485 1064 640 1142 meritum
662 1063 704 1126 ad
728 1062 902 1144 praemium
925 1062 1146 1126 obtinendum

53 1166 247 1228 ordinatur1.
924 1223 926 1228 ,

91 1270 153 1348 185
201 1277 235 1330 2⁰
253 1255 406 1349 Species:
429 1269 479 1349 (a)
498 1269 652 1331 Meritum
677 1269 719 1330 de
742 1267 911 1348 condigno
929 1257 1008 1328 illud
1026 1277 1076 1328 est
1093 1268 1146 1329 cui

53 1371 182 1433 debetur
197 1373 372 1454 praemium
396 1391 439 1433 ex
453 1370 600 1452 sustitit,
616 1371 667 1433 vel
692 1371 810 1432 saltem
835 1391 878 1432 ex
889 1369 1078 1451 fidelitate:
1100 1389 1144 1432 ex

52 1471 178 1550 justitia
187 1475 323 1554 quando
339 1495 423 1556 opus
438 1495 477 1536 rr
489 1495 521 1538 se
536 1474 693 1555 adaquat
709 1474 900 1555 praemium3
916 1493 960 1534 ex
977 1472 1148 1548 fidelitate

55 1577 178 1654 quando
200 1578 297 1639 'adest
312 1577 496 1658 promissio,
520 1577 550 1639 vi
575 1577 669 1657 cujus
693 1578 876 1658 praemium,
901 1577 962 1639 etsi
986 1597 1148 1659 superans

55 1697 137 1757 opus,
161 1678 376 1742 infallibiliter
399 1691 510 1742 tamen
535 1680 736 1743 conceditur.
782 1681 940 1743 Meritum
965 1683 1008 1743 de
1031 1681 1147 1743 condi-

55 1799 114 1858 gno
136 1791 184 1844 est
206 1802 323 1844 verum
348 1784 501 1846 meritum
525 1803 583 1845 seu
609 1783 762 1844 meritum
786 1782 988 1864 simpliciter,
1006 1783 1146 1863 ideoque

57 1882 191 1965 theologi
214 1885 257 1946 de
281 1885 338 1948 illo
361 1885 450 1967 loqui
475 1886 653 1948 intendunt
676 1887 951 1967 quotiescumque
974 1885 1064 1948 aliud
1089 1907 1148 1948 ex·

56 2007 155 2067 presse
170 2009 235 2052 non
253 1987 449 2070 significant.
687 1991 690 1996 “

59 2087 101 2168 (b)
126 2091 281 2154 Meritum
308 2093 350 2154 de
376 2111 513 2172 congruo
539 2090 620 2154 illud
648 2101 698 2154 est
726 2092 777 2154 cui
805 2090 945 2153 debetur
971 2091 1145 2170 praemium

58 2213 116 2254 non
138 2215 179 2256 ex
200 2194 339 2275 justitia,
362 2194 419 2258 aut
443 2195 612 2272 fidelitate,
635 2197 694 2258 sed
717 2216 758 2257 ex
778 2192 866 2255 rrrartl
894 2191 1044 2256 decentio.
1089 2193 1145 2256 Ad

58 2297 280 2378 explicandam
298 2298 521 2362 differentiam
539 2298 823 2379 interutrumque,
839 2296 975 2377 quidam
999 2294 1146 2377 theologi

59 2398 262 2465 hac'utunt'ur
277 2403 528 2484 comparatione
544 2423 550 2462 :
575 2402 668 2463 miles
684 2403 742 2484 qui
759 2400 856 2462 valde
872 2409 1006 2460 strenue
1022 2418 1057 2459 se
1073 2418 1145 2480 ges·

60 2503 138 2566 sitin
159 2505 254 2580 belle,
270 2505 395 2587 duplex
419 2505 520 2567 habet
545 2505 722 2566 meritum:
746 2513 891 2566 meretur
913 2502 955 2563 de
979 2501 1146 2582 condigno

60 2607 249 2688 stipendium
282 2608 503 2672 militantibus
535 2609 754 2689 promissum;
791 2615 932 2668 meretur
962 2615 1073 2667 autem
1104 2608 1147 2668 de

61 2729 201 2790 congruo,
230 2721 351 2793 praeter
381 2713 584 2775 ordinarium
617 2711 832 2792 stipendium,
860 2717 897 2770 ut
927 2708 968 2769 ad
1001 2708 1145 2788 aliquam

61 2813 245 2894 dignitatern
263 2825 504 2896 promoveatur.

295 2963 343 3021 11.
370 2964 423 3022 De
446 2959 734 3020 conditionibus
757 2960 901 3019 meriti.

101 3102 128 3150 1⁰
139 3091 296 3172 Exparte
311 3089 494 3170 operantes:
517 3072 772 3170 Explicabimus
789 3089 997 3152 conditiones
1013 3090 1147 3170 requisi-

63 3199 104 3251 tas
118 3195 156 3255 ad
174 3195 328 3257 meritum
353 3195 394 3256 de
418 3193 607 3272 condigno;
630 3192 838 3254 conditiones
862 3193 904 3255 ad
930 3195 1083 3254 meritum
1106 3195 1147 3255 de

63 3313 193 3382 congruo
208 3299 337 3359 eaedem
355 3305 440 3370 sunt,
457 3295 586 3376 duabus
608 3295 768 3374 exceptis
784 3294 909 3357 scilicet
925 3305 1012 3358 statu
1030 3298 1147 3376 gratiae

90 3494 96 3524 ι
109 3479 217 3547 Triplex
232 3478 317 3547 igitur
330 3477 409 3532 valor
421 3475 552 3544 operibus
566 3474 669 3527 nostris
684 3473 775 3527 inesse
796 3485 887 3542 potest
902 3493 908 3527 :
928 3475 1147 3542 impetratorum,

63 3565 100 3630 qui
111 3569 283 3636 expetitione
299 3565 386 3619 oritur
403 3562 505 3617 debitis
525 3563 627 3616 vestitit
645 3561 863 3626 conditionibus,
877 3573 906 3614 et
923 3561 1024 3629 partim
1042 3561 1147 3612 rrtiserr'·

63 3651 143 3704 cordio
158 3653 221 3718 Dei,
233 3652 337 3721 partim
350 3652 411 3720 ejus
425 3649 659 3720 promissionibus
678 3647 826 3709 fundatum
846 3648 1016 3712 rrrrritom'rrs,
1030 3645 1076 3714 qui
1096 3643 1148 3699 ori·

64 3745 98 3788 tur
109 3755 139 3791 ex
152 3739 212 3808 ipso
224 3755 310 3807 opere
324 3735 527 3807 supernaturali
542 3745 655 3810 propter
670 3735 766 3786 Deum
777 3731 859 3797 fauo,
869 3743 895 3785 et
910 3731 1011 3802 partim
1018 3733 1147 3800 justitici,

64 3826 149 3888 partim
157 3827 344 3896 promissione
357 3823 452 3876 divina
466 3822 617 3884 fundatum
636 3821 849 3889 srrtr'ssat‘tort'rrs,
863 3830 1001 3888 quatenus
1019 3830 1062 3872 est
1080 3835 1150 3886 opus

60 3913 161 3980 Music,
177 3913 252 3983 quod
266 3929 284 3964 a
298 3913 361 3965 Deo
373 3909 510 3978 accipitur
529 3918 558 3960 ut
578 3907 772 3975 compensatio
787 3905 895 3974 injuriae
910 3903 966 3974 Ipsi
982 3905 1074 3959 illatae.
1117 3906 1149 3957 ln

63 4001 175 4053 oratione
185 4001 252 4070 justi
266 3997 365 4068 triplex
378 3995 539 4066 hujusmodi
554 3995 631 4047 valor
642 3991 759 4046 inveniri
770 4002 879 4060 potest:
900 4003 1038 4061 quatenus
1049 3993 1151 4046 decen-

64 4085 120 4138 tiae
131 4089 190 4141 Deo
203 4088 334 4156 postulat,
344 4086 444 4139 eadem
458 4085 611 4151 r'rrrpetrare
624 4091 731 4149 potest;
751 4090 889 4148 quatenus
903 4095 973 4146 opus
988 4089 1150 4146 supernatu-

65 4173 114 4240 rale
130 4175 188 4229 Deo
203 4172 380 4244 acceptabile
398 4169 514 4239 perficit,
534 4167 654 4236 gratiam
673 4167 777 4218 meren·
794 4175 901 4232 potest;
928 4175 1066 4232 quatenus
1086 4180 1150 4216 vero

66 4274 125 4324 opus
137 4261 244 4316 difficile
256 4271 285 4315 et
298 4259 468 4313 laboriosum
483 4256 550 4324 agit,
567 4273 617 4325 pro
631 4253 754 4322 peccatis
768 4251 825 4306 suis
838 4252 986 4313 satisfacit.
