2738 4646
311 167 368 217 DE
385 167 594 220 suBJEc'ro
613 169 830 218 BAPTISMl.
1055 171 1121 222 255

66 353 112 422 34
162 340 227 429 (B)
242 345 338 408 Circa
353 347 584 410 necessitatem
599 348 762 430 Baptismi
777 348 872 411 multi
885 357 963 412 sunt
976 369 1122 413 errores:

31 444 73 525 (a)
88 446 269 529 Pelagzoni,
285 469 413 512 necnon
433 449 610 524 Socim'ani,
626 461 659 514 et
681 451 833 516 Unitan'i
852 452 1005 514 absolute
1021 457 1121 534 nega·

32 562 94 613 runt
109 550 181 632 ejus
195 554 437 630 necessitatem,
453 555 578 636 quippe
598 556 655 636 qui
674 554 771 618 simul
788 555 1005 618 existentiam
1022 556 1122 638 origi·

33 653 105 714 nalis
136 658 263 737 peccati
294 657 495 738 rejiciebant.
553 655 701 734 Quakm·
734 669 859 740 negant
889 659 1120 722 necessitatem

34 755 185 835 baptismi
197 778 302 840 aquae,
313 768 346 821 et
358 758 480 823 docent
492 759 600 823 solum
613 759 817 842 spiritualem
831 761 1040 842 Baptismum
1051 781 1123 823 esse

33 877 251 924 necessarium.

34 963 42 1042 l
43 963 74 1044 b)
93 965 281 1032 Calvinistoe
293 970 415 1033 docent
431 969 639 1051 Baptismum
657 989 729 1031 esse
745 970 880 1051 quidem
901 969 1121 1032 necessarium

34 1071 218 1134 necessitate
242 1073 408 1155 praecepti,
430 1092 497 1135 non
524 1081 636 1135 autem
661 1072 860 1135 necessitate
883 1071 997 1146 medii,
1019 1091 1123 1153 quum

33 1170 92 1232 sola
107 1172 199 1248 fides,
209 1175 371 1256 inquiunt,
381 1176 486 1257 possit
501 1173 670 1237 hominem
687 1173 905 1256 spiritualiter
921 1194 1123 1258 regenerare,

33 1291 64 1332 ac
82 1275 221 1354 proinde
240 1277 383 1340 infantes
406 1276 532 1358 absque
556 1276 729 1357 Baptismo
747 1276 866 1338 salvari
889 1295 1009 1356 posse;
1031 1274 1121 1356 quod

34 1372 180 1440 Calvinus
197 1381 312 1443 docuit
327 1382 434 1444 solum
451 1399 511 1460 pro
527 1378 773 1460 baptizatorum
798 1378 881 1452 filiis,
898 1379 955 1441 sed
973 1377 1123 1441 moderni

34 1474 224 1556 Calvinistae,
239 1482 282 1545 ad
298 1501 415 1545 omnes
434 1481 599 1564 parvulos,
614 1481 716 1544 etiam
739 1501 783 1543 ex
810 1479 998 1544 infidelibus
1020 1491 1125 1556 natos,

34 1575 110 1640 idem
126 1581 316 1644 extendunt
327 1595 346 1645 1.
392 1583 442 1664 (c)
456 1582 598 1665 Antiqui
613 1583 802 1645 Lutlreram'
814 1584 981 1646 docebant
994 1582 1123 1664 Baptis-

34 1697 113 1742 mum
129 1702 203 1744 esse
219 1685 440 1747 necessarium
456 1686 498 1748 ad
515 1685 655 1748 salutem
673 1685 871 1747 necessitate
887 1685 988 1748 medii
997 1706 1004 1761 ;
1026 1684 1125 1748 hodie

34 1801 100 1845 vero
121 1795 239 1850 tenent
259 1807 334 1850 eum
355 1807 454 1869 posse
477 1788 622 1870 suppleri
646 1808 704 1870 per
728 1787 838 1850 media
861 1788 1125 1850 extraordinaria

35 1883 97 1946 Deo
113 1899 194 1950 nota
204 1901 225 1951 2.

34 1995 76 2074 (d)
93 1996 184 2060 Inter
206 1998 384 2062 hodiernos
399 1999 609 2081 Anglicanos,
624 2020 689 2061 non
709 2001 830 2062 desunt
850 2000 973 2081 pariter
994 2001 1050 2081 qui
1071 2019 1126 2062 ne·

34 2109 102 2175 gent
118 2101 183 2162 hoc
202 2112 446 2165 sacramentum
469 2104 690 2165 necessarium
710 2121 782 2164 esse
799 2101 997 2164 necessitate
1013 2101 1123 2163 medii.

36 2199 74 2278 (e)
91 2202 180 2266 Inter
199 2202 384 2280 Catholicae
399 2206 536 2286 quidam
561 2205 734 2286 Theologi,
750 2206 829 2267 dum
855 2206 957 2266 modo
979 2203 1125 2286 generali

35 2302 189 2370 affirmant
214 2308 422 2389 Baptismum
452 2309 672 2371 necessarium
697 2327 770 2369 esse
796 2307 993 2370 necessitate
1017 2307 1126 2382 medii,

35 2405 208 2473 docuerunt
233 2409 395 2490 parvulos
419 2411 476 2493 qui
502 2431 568 2473 non
594 2419 735 2492 possunt
758 2410 929 2491 baptizari,
956 2408 1008 2470 vel
1036 2410 1126 2471 inva-

36 2505 91 2570 lide
117 2511 280 2593 baptizati
310 2523 398 2588 sunt,
427 2513 547 2575 salvari
578 2533 676 2594 posse
707 2533 765 2594 per
796 2522 969 2594 parentum
1006 2512 1126 2575 oratio·

36 2627 92 2686 nes,
106 2623 139 2676 et
159 2615 362 2679 desiderium
385 2615 449 2677 illis
471 2615 662 2679 conferendi
688 2616 909 2698 Baptismum,
929 2616 1078 2678 maxime
1100 2616 1127 2676 si

36 2713 91 2776 tale
114 2715 316 2779 desiderium
342 2718 499 2781 exteriori
528 2719 624 2799 signo
651 2717 892 2792 manifestetur,
914 2727 948 2780 et
972 2718 1033 2779 hoc
1057 2719 1128 2798 qui-

36 2815 100 2878 dem
123 2840 256 2900 semper
278 2841 317 2883 ac
340 2826 429 2885 certa
454 2821 537 2904 lege,
555 2821 657 2903 juxta
683 2818 906 2902 Cajetanum³‚
930 2831 987 2881 aut
1009 2819 1127 2882 saltem

65 3043 71 3073 ¹
85 3048 137 3102 Cir.
154 3050 264 3119 Hodge,
278 3052 399 3119 System.
416 3051 510 3116 theol,
527 3050 581 3104 vol.
601 3051 623 3116 l,
638 3065 666 3119 p.
684 3051 725 3114 26,
740 3049 793 3102 vol.
811 3050 867 3114 111,
880 3066 905 3117 p.
923 3047 983 3117 586-
989 3059 1045 3116 599.

65 3135 100 3167 ²“
111 3137 256 3191 Docemus
270 3137 448 3208 Baptismum
461 3154 525 3192 esse
538 3136 654 3206 quidem
667 3136 839 3189 ordinarium
857 3135 1022 3189 initiationis
1036 3152 1127 3189 sacra·

39 3232 147 3277 mentum
166 3235 194 3279 et
214 3225 435 3294 regenerationis
458 3224 583 3278 medium
605 3224 736 3277 omnibus
760 3223 875 3277 omnino
896 3224 983 3276 etiam
1005 3221 1128 3276 fidelium

39 3301 119 3363 liberis
137 3312 176 3365 ad
196 3312 440 3380 regenerationem
458 3321 487 3365 et
504 3312 624 3365 salutem
638 3311 847 3374 necessarium
867 3311 979 3363 interim
992 3319 1086 3362 tamen
1101 3309 1128 3361 in

40 3407 94 3448 msu
107 3399 270 3466 privationis
284 3399 344 3453 sive
357 3398 591 3468 impossibilitatis
605 3397 706 3450 salvari
723 3396 827 3450 liberos
841 3395 1065 3448 Christianorum
1081 3410 1130 3462 per

41 3487 275 3539 extraordinariam
294 3497 321 3538 et
341 3485 513 3554 peculiarem
531 3483 772 3553 dispensationem
792 3481 918 3534 divinam
929 3481 951 3534 ”.
995 3479 1129 3545 Cerbani,

43 3566 96 3624 Loci
108 3573 227 3641 theolog.
242 3573 325 3636 XXI,
340 3573 424 3640 Vlll,
442 3572 512 3642 238).

69 3658 116 3711 ²ln
130 3675 154 3727 3,
170 3677 195 3730 q.
210 3661 253 3726 68,
266 3677 292 3714 a.
311 3677 324 3712 2
338 3669 366 3714 et
382 3673 422 3712 ιι.
436 3690 468 3698 -
480 3658 620 3711 Eamdem
634 3657 692 3710 lere
705 3655 867 3726 opinionem
881 3653 1030 3707 advocavit
1043 3653 1129 3704 Brim-

42 3739 84 3805 cli,
98 3745 205 3816 Disput.
223 3746 259 3799 de
279 3745 403 3800 remedio
422 3754 535 3798 aeternae
552 3742 650 3796 salutis
669 3758 720 3811 pro
736 3739 857 3810 parvulis
875 3739 903 3791 in
922 3747 1000 3791 utero
1016 3736 1128 3800 clausis,

43 3829 153 3886 sedeam
172 3833 228 3887 alio
247 3833 333 3887 modo
345 3833 477 3900 exponit,
495 3831 574 3900 juxta
592 3847 657 3884 eum
676 3829 814 3893 videlicet,
832 3827 854 3879 si
874 3835 963 3878 mater
983 3841 1130 3894 praegnans

45 3913 98 3969 Deo
113 3918 209 3975 offerat
226 3931 345 3975 mortem
363 3919 440 3988 pueri
460 3919 487 3970 in
508 3917 572 3972 fidei
592 3934 625 3970 ac
644 3915 776 3984 baptismi
796 3911 1037 3982 protestationem,
1054 3913 1131 3965 Deus

44 3997 106 4056 hanc
117 4008 285 4062 oblationem
297 4005 417 4075 accipiet
429 4015 564 4074 tanquam
578 4002 710 4072 baptismi
725 4011 830 4065 votum,
844 4000 880 4053 ab
900 3999 961 4067 ipso
980 4015 1067 4066 puero
1080 3999 1127 4052 eli·

45 4087 125 4160 titum,
142 4105 252 4164 propter
270 4093 399 4146 intimam
418 4091 621 4146 connexionem
635 4087 733 4141 matris
747 4103 809 4139 curn
823 4086 889 4152 filio,
902 4100 1022 4153 eumque
1031 4083 1130 4154 justifi-

46 4175 117 4232 cabit
152 4181 281 4237 Tandem
293 4179 391 4234 autlor
409 4195 566 4248 anonymus
586 4175 734 4244 cujusdam
746 4173 953 4229 dissertationis
967 4173 982 4199 “
995 4174 1040 4227 De
1055 4172 1130 4224 lnto-

45 4260 148 4321 lerantii
161 4269 307 4325 Catholici
316 4269 338 4333 ”,
351 4265 465 4321 Taurini
479 4265 572 4330 editae,
589 4265 663 4329 1868,
678 4273 755 4317 tenet
774 4277 831 4315 non
850 4277 913 4315 esse
933 4269 1031 4312 contra
1044 4257 1128 4310 fidem
