2770 4652
232 184 288 235 DE
306 182 597 233 POENITENTIAE
617 178 919 232 sacRnMEuro.
1065 177 1128 227 501

298 380 349 437 11.
374 379 428 437 De
450 368 617 436 materia
640 367 850 448 proxima&

66 524 113 588 39.
163 519 195 568 10
209 506 327 569 Status
340 504 534 585 questionis.
574 502 627 564 De
643 500 709 564 lide
725 510 774 564 est
791 511 907 563 contra
923 499 1127 562 Lulliernnos

31 617 59 668 et
86 607 292 682 Colvinistns‚
315 606 358 669 ad
386 606 613 670 remissionem
642 613 854 685 peccatorum
882 623 949 664 non
978 601 1126 664 sufficere

32 711 254 772 contritionem
268 728 365 772 sensu
380 707 517 771 Lutheri
528 705 741 780 intellettam,
752 727 794 768 sc.
806 715 946 768 terrores
958 706 1126 767 conscien-

30 812 78 872 tia
101 832 143 872 ex
168 810 251 893 legis
275 810 513 874 minationibus
530 810 688 884 incussos
705 809 871 890 fidemque
888 830 945 871 seu
962 808 1127 884 fiduciam,

29 914 80 974 sed
97 924 162 976 tres
179 913 273 978 ailus
290 935 334 976 ex
350 923 445 995 parte
461 913 655 994 poenitentis
672 913 801 993 requiri,
812 912 1042 986 contritionem,
1057 932 1125 974 con·

22 1017 187 1093 sessionem
211 1027 242 1080 el
263 1017 524 1096 satisfaiiionem,
540 1025 639 1096 prout
663 1013 836 1077 delinitum
861 1024 911 1076 est
935 1034 954 1075 a
984 1013 1013 1074 T
1011 1013 1124 1074 rident.

29 1119 111 1196 (sess.
127 1119 223 1194 XIV,
239 1139 309 1182 can.
325 1120 361 1198 4)
377 1143 383 1180 ε
407 1117 472 1181 “Si
489 1117 562 1198 quis
580 1117 750 1198 negaverit
765 1118 807 1178 ad
825 1117 987 1197 integram
1005 1125 1038 1177 et
1054 1135 1126 1197 per·

29 1219 141 1283 senam
158 1230 372 1302 peccatorum
391 1219 618 1282 remissionem
643 1219 763 1299 requiri
779 1226 845 1281 tres
861 1217 955 1280 adius
971 1219 1003 1280 in
1021 1217 1127 1298 poeni-

28 1333 124 1396 tente,
155 1325 440 1404 quasi-materiam
480 1323 678 1386 sacramenti
718 1323 940 1396 Poenitentiae,
975 1321 1126 1384 videlicet

28 1426 266 1498 contritionem,
282 1425 523 1488 consessionem
541 1435 575 1488 et
593 1423 864 1500 satisfattionern,
880 1445 954 1506 quae
970 1434 1035 1487 tres
1053 1425 1126 1486 Poe-

29 1527 172 1590 nitentiae
203 1539 315 1609 partes
342 1528 520 1605 dicuntur;
552 1537 609 1590 aut
637 1528 762 1590 dixerit
786 1531 870 1591 duas
898 1537 1028 1591 tantum
1056 1547 1127 1590 esse

29 1630 233 1692 Poenitentiae
262 1639 382 1711 partes,
409 1640 549 1693 terrores
576 1629 701 1692 scilicet
733 1630 880 1692 incussos
907 1630 1127 1707 conscientiae,

28 1733 138 1811 agnito
155 1743 304 1814 peccat0,
316 1741 349 1794 et
367 1730 465 1794 fidem
483 1740 680 1813 conceptam
698 1752 741 1793 ex
761 1731 953 1814 Evangeli0,
963 1731 1014 1794 vel
1031 1732 1127 1795 abso·

29 1834 159 1910 lutione,
175 1841 241 1916 qua
261 1836 364 1898 credit
387 1835 461 1916 quis
484 1833 546 1896 sibi
569 1853 629 1915 per
647 1831 814 1896 Christum
832 1835 969 1896 remissa
984 1843 1121 1915 peccata

28 1935 204 1999 anathema
219 1937 262 1998 sit
275 1938 299 2000 '’.

67 2035 132 2099 Sed
147 2036 289 2116 quaestio
305 2046 355 2097 est
371 2043 481 2096 utrum
495 2043 561 2096 tres
575 2034 621 2096 illi
634 2036 829 2117 poenitentis
841 2034 934 2099 ailus
947 2037 1013 2099 sint
1025 2038 1125 2100 etiam

28 2139 162 2200 materia
189 2139 344 2220 proxima
371 2139 577 2205 sacramenti.
624 2139 706 2202 Tres
734 2140 917 2220 praesertim
942 2140 1126 2204 haedere

27 2241 218 2319 prodierunt
234 2242 415 2303 sententiae.

65 2385 113 2448 4ο.
164 2370 229 2458 (Α)
265 2374 424 2437 Nonnulli
456 2376 659 2456 antiquiores
691 2376 847 2458 theologi,
877 2387 913 2440 ut
947 2378 1128 2442 Gnlielenns

27 2475 54 2535 Α
60 2475 239 2538 ertrrsr'odor.
257 2485 290 2538 et
306 2477 495 2538 Alexander
507 2479 616 2542 Alens.
634 2483 793 2561 putarunt
817 2481 989 2543 materiam
1014 2482 1126 2562 proxi·

27 2597 111 2640 mam
136 2579 236 2640 sitam
260 2599 332 2641 esse
355 2580 388 2640 in
413 2580 625 2661 impositione
649 2588 768 2646 manus
792 2605 811 2647 a
835 2587 1006 2648 sacerdote
1031 2583 1126 2662 sacta,

26 2679 101 2743 dum
130 2683 350 2763 poenitentem
379 2683 529 2746 absolvit.
576 2683 641 2747 Sed
668 2684 739 2747 haec
766 2687 880 2768 opinio
907 2689 1127 2752 communiter

26 2803 43 2844 a
55 2784 219 2866 theologis
233 2785 384 2865 rejicitur.
420 2785 559 2867 Triplex
576 2787 710 2868 quidem
724 2799 1003 2850 commemoratur
1015 2787 1126 2868 hujus·

26 2888 112 2947 modi
131 2887 301 2967 impositio
324 2888 412 2968 apud
438 2886 589 2951 auctores
613 2890 853 2951 ecclesiasticos
866 2901 879 2931 ²
893 2911 899 2951 :
914 2890 1037 2969 prima,
1052 2911 1126 2972 quae

26 2988 245 3051 adhibebatur
268 2991 403 3070 quando
426 2991 626 3071 poenitentia
650 2992 782 3072 publica
807 2992 1060 3073 imponebatur;
1081 3014 1128 3054 se-

24 3093 134 3166 eundo,
148 3112 222 3172 quae
238 3112 337 3173 super
348 3095 549 3173 prenitentes
564 3096 782 3176 repetebatur,
793 3097 923 3178 quoties
936 3097 978 3158 ab
990 3097 1127 3158 ecclesia

24 3203 96 3271 post
125 3192 382 3257 catechumenos
406 3197 645 3276 ejiciebantur;
677 3199 773 3260 terlio
797 3199 933 3260 tandem
958 3200 989 3260 in
1015 3219 1127 3261 recon-

24 3294 188 3357 ciliatione
213 3298 457 3377 poenitentium.
508 3299 575 3363 Sed
601 3301 662 3362 iste
686 3301 767 3363 ritus
792 3321 857 3362 non
883 3311 919 3362 ut
942 3301 1138 3391 essentialis
1250 3346 1257 3354 ,

24 3395 216 3475 habebatur,
239 3410 275 3461 ut
299 3400 386 3462 clare
409 3401 575 3482 colligitur
598 3422 641 3463 ex
665 3423 792 3466 canone
816 3404 852 3466 C.
876 3403 1128 3479 Araresieonil,

23 3499 75 3560 ubi
94 3502 234 3564 dicitur:
258 3500 351 3582 “Qui
369 3504 525 3566 recedunt
541 3505 583 3566 de
599 3526 744 3587 corpore,
762 3507 960 3588 poenitentia
976 3511 1128 3586 excepta,

23 3601 147 3680 placuit
163 3604 233 3665 sine
250 3605 511 3668 reconciliatoria
534 3627 651 3669 manus
675 3609 888 3690 impositione
909 3609 956 3670 eis
980 3627 1127 3670 commu·

23 3707 132 3780 nicari,
148 3708 238 3788 quod
264 3709 434 3770 morientis
458 3709 576 3772 sufficit
599 3713 828 3786 consolationi,
845 3710 1027 3773 secundum
1048 3710 1127 3772 defi·

22 3809 182 3870 nitionem
202 3811 335 3872 Patrum
349 3810 387 3887 ”3
408 3811 558 3891 jamvero
574 3813 600 3873 si
619 3817 733 3875 manus
750 3813 920 3890 impositio
944 3816 1127 3875 necessaria

55 4035 63 4066 1
78 4018 107 4070 S.
127 4018 222 4071 Thone.
240 4031 254 4084 3
269 4035 294 4086 p.
310 4035 336 4087 q.
352 4017 395 4083 84,
408 4036 433 4071 a.
451 4036 461 4070 1
477 4019 514 4071 ad
536 4034 546 4071 1
568 4029 595 4073 et
616 4038 646 4084 23
666 4021 782 4086 Suorea,
796 4021 868 4089 disp.
885 4019 1082 4084 XV111,sett.
1099 4035 1129 4088 3;

21 4101 189 4157 Salmantic.
206 4103 278 4174 disp.
296 4103 317 4172 1,
334 4105 400 4158 dub.
417 4121 451 4170 23
472 4107 595 4166 Drour'n,
611 4121 637 4175 q.
655 4120 679 4172 3,
693 4125 717 4161 c.
734 4123 758 4170 2,
772 4124 797 4160 a.
814 4122 849 4175 3;
867 4107 1005 4174 Billuort,
1021 4107 1088 4161 diss.
1106 4109 1128 4174 l,

21 4207 45 4243 a.
64 4207 98 4255 ²3
116 4191 149 4244 de
161 4188 346 4260 Augustinis,
359 4208 386 4261 p.
403 4210 427 4258 2,
441 4211 465 4246 a.
482 4193 518 4258 6;
537 4195 685 4258 Palmien',
698 4194 736 4246 th.
754 4210 785 4262 14
798 4213 804 4256 ;
826 4194 923 4258 Billot,
937 4195 974 4247 rh.
989 4208 1013 4261 3.

55 4278 117 4332 act.
129 4277 312 4343 Se'rmnndns,
325 4279 453 4334 Historia
461 4281 607 4348 poenitent·
618 4280 746 4349 publicae,
755 4282 841 4334 c.Vll
848 4301 855 4345 ;
864 4281 1013 4347 Polmr‘eri,
1025 4298 1052 4349 p.
1067 4293 1127 4348 159.
