2770 4652
253 157 321 206 502
464 155 520 204 DE
539 155 830 205 POENITENTIAE
850 155 1149 207 ΞᾸΕΒᾸΜΕΗἸῸ.Ι

252 333 367 398 suisset
390 336 432 398 ad
458 339 683 400 remissionem
708 339 844 419 peccati,
860 347 949 400 certe
973 339 1150 400 morientes
1173 339 1211 398 eri
1232 335 1336 416 privati

253 457 319 499 non
337 438 484 501 fuissent.

294 555 344 619 41.
393 538 460 626 (B)
487 543 640 620 Scotista,
656 544 777 624 quibus
800 545 986 606 assentiunt
1010 543 1232 616 Maldorratus,
1246 542 1339 603 Balle-

252 644 329 718 rini,
344 644 488 708 Berardi
508 646 629 726 aliique
640 659 662 722 1,
677 648 799 709 docent
822 655 929 709 totam
953 647 1131 709 essentiam
1156 645 1339 708 sacramenti

252 747 284 808 in
308 747 503 810 absolutione
525 750 713 826 consistere,
736 771 810 830 quae
834 759 998 831 quatenus
1021 759 1162 811 externa
1180 758 1233 810 est
1255 767 1338 808 caere-

252 850 373 926 monia,
390 851 562 914 materiam
580 852 762 928 constituit,
778 862 811 914 et
827 861 992 932 quatenus
1015 851 1081 913 vim
1106 851 1208 914 habet
1230 849 1338 928 signifi-

251 953 359 1029 candi,
375 964 426 1016 est
442 954 557 1017 forma.
603 954 686 1018 Tres
703 965 814 1018 autem
831 951 926 1017 atius
942 955 1136 1036 poenitentis
1160 964 1236 1017 sunt
1250 953 1337 1034 dispo

250 1057 381 1122 sitiones
396 1059 438 1120 ad
455 1060 593 1140 dignam
610 1059 808 1121 sacramenti
826 1057 1049 1138 receptionem
1066 1056 1252 1136 requisitae:
1274 1075 1339 1116 con-

251 1160 351 1236 nitio,
374 1171 412 1225 ut
434 1162 570 1225 tollatur
593 1163 692 1236 obex,
715 1181 757 1224 sc.
781 1158 921 1223 aflectus
944 1145 1093 1240 peccati,
1123 1158 1291 1232 consessio
1310 1169 1338 1218 ut

253 1263 417 1326 Sacerdos
440 1265 483 1326 dc
506 1274 594 1327 statu
619 1264 813 1346 poenitentis
826 1263 989 1343 judicium
1007 1261 1090 1325 serre
1105 1263 1237 1338 valeat;
1259 1261 1337 1322 satis-

251 1364 361 1441 factio,
378 1377 414 1428 ut
437 1377 575 1448 peccata
599 1369 735 1430 remissa
758 1368 943 1449 expientur.
990 1366 1046 1430 Sic
1061 1378 1174 1430 autem
1192 1373 1338 1447 arguunt:

251 1467 302 1548 (a)
326 1469 488 1550 imprimis
512 1488 563 1530 res
586 1489 606 1530 a
632 1469 822 1532 Tridentino
845 1489 910 1530 non
936 1469 996 1532 fuit
1019 1468 1166 1544 definita,
1183 1479 1219 1531 ut
1241 1491 1260 1530 a
1281 1467 1338 1548 qui-

251 1570 393 1633 busdam
407 1570 592 1634 Thomistis
608 1574 778 1650 asseritur;
802 1591 889 1648 nam,
900 1581 937 1634 ut
949 1583 1061 1635 narrat
1076 1571 1109 1636 C.
1121 1571 1317 1636 Pallaaicim'
1323 1581 1339 1642 ²,

252 1671 409 1753 Synodus
434 1683 500 1736 tres
528 1675 722 1753 poenitentis
747 1673 840 1738 actus
868 1695 935 1737 non
959 1676 1143 1750 materiam,
1166 1677 1223 1737 sed
1247 1673 1339 1756 quosi-

251 1776 425 1838 materiam
448 1777 638 1858 appellavit,
658 1797 718 1840 nec
741 1798 798 1840 eos
822 1779 864 1841 ad
889 1779 1076 1852 essentiam,
1099 1779 1157 1841 sed
1182 1779 1285 1841 solum
1306 1779 1339 1838 ad

252 1878 470 1958 integritatem
493 1880 691 1942 sacramenti
716 1880 919 1942 necessarios
941 1900 1013 1943 esse
1036 1881 1238 1968 declaravit,
1263 1881 1339 1962 quod

251 1981 386 2060 quidem
412 1981 630 2044 Scotistarum
654 1983 809 2062 opinioni·
825 1983 921 2059 iavet,
935 1983 1036 2062 juxta
1057 2003 1142 2064 quos
1165 1983 1340 2064 hujusmodi

252 2080 345 2145 adius
362 2102 427 2144 non
445 2083 638 2145 essentiales
654 2093 739 2146 sunt.
785 2083 836 2164 (b)
856 2084 1109 2148 Sacramentum
1135 2085 1168 2146 id
1192 2095 1242 2148 est
1264 2083 1340 2164 quod

251 2186 383 2267 proprie
411 2187 540 2249 confert
567 2187 732 2267 gratiam;
760 2189 852 2268 atqui
880 2172 952 2249 sola
974 2187 1141 2250 absolutio
1166 2188 1341 2252 Sacerdotis

251 2289 383 2371 proprie
399 2288 539 2368 gratiam
561 2290 834 2352 sacramentalem
859 2290 1007 2366 confert;
1030 2309 1110 2370 ergo
1134 2291 1205 2352 sola
1228 2290 1341 2372 proprie

251 2400 302 2454 est
318 2393 463 2454 essentia
478 2392 685 2453 sacramenti.
731 2391 780 2470 (c)
797 2391 931 2454 Certum
949 2401 999 2452 est
1015 2412 1112 2473 posse
1133 2404 1340 2455 sacramenta·

252 2496 316 2557 lem
333 2493 577 2557 absolutIonem
595 2495 633 2555 iis
649 2495 719 2557 dari
737 2495 792 2574 qui
810 2493 936 2557 nullum
952 2496 1091 2557 exterius
1106 2497 1211 2558 edunt
1224 2497 1339 2576 signum
1366 2489 1367 2502 ¹

251 2596 460 2659 contritionis
476 2619 483 2673 ;
507 2598 608 2679 atqui,
624 2598 650 2658 si
667 2607 734 2658 tres
751 2598 945 2678 poenitentis
968 2595 1062 2660 adius
1085 2609 1197 2661 essent
1219 2600 1341 2661 materia

252 2699 459 2774 sacramenti,
484 2698 546 2761 hoc
573 2699 755 2762 invalidum
784 2710 880 2774 esset,
902 2720 1004 2781 quum
1034 2702 1173 2762 materia
1196 2701 1341 2764 sensibilis
1365 2713 1366 2751 l

251 2823 323 2864 esse
343 2801 485 2878 debeat;
508 2822 587 2883 ergo
610 2801 802 2882 hujusmodi
824 2801 917 2865 attus
941 2822 1007 2864 non
1031 2814 1109 2865 sunt
1133 2806 1279 2872 materia,
1295 2803 1340 2864 sed

251 2903 359 2966 solum
376 2904 619 2984 dispositiones
1364 2923 1365 2981 l

294 3023 343 3089 42.
391 3007 450 3087 (C)
467 3007 686 3071 Communior
702 3015 813 3069 tamen
831 3008 1006 3081 sententia,
1021 3028 1121 3090 quam
1143 3022 1339 3091 propugnant

252 3129 318 3173 non
343 3109 450 3171 solum
476 3109 510 3171 S.
534 3110 681 3182 Thomas,
699 3109 836 3190 ejusque
859 3110 1021 3192 discipuli,
1044 3111 1102 3173 sed
1128 3112 1262 3188 Suanos,
1279 3113 1338 3174 Sot-

252 3211 468 3284 manticanses,
485 3211 536 3272 De
551 3211 654 3290 Lago,
670 3211 900 3286 Bellarminus,
918 3212 1038 3293 aliique
1061 3214 1165 3288 multi,
1183 3225 1273 3277 tenet
1287 3228 1338 3276 tres

251 3313 345 3378 actus
361 3313 554 3394 poenitentis
571 3335 642 3375 esse
658 3335 734 3375 vere
750 3315 924 3376 materiam
941 3317 1131 3396 proximam
1149 3317 1337 3379 sacramenti.
1362 3347 1363 3439 p

291 3451 339 3516 43
386 3450 417 3494 20
437 3439 533 3494 Thesr's
547 3457 557 3490 :
571 3437 663 3501 Tres
678 3438 885 3514 poenitentis
900 3444 1015 3517 actus,
1029 3439 1206 3518 contritio,
1224 3440 1338 3504 contes-
1361 3511 1362 3514 Ἴ

251 3535 306 3598 sio
321 3540 357 3598 et
372 3533 574 3597 satisfactio
589 3539 675 3598 sunt
691 3535 843 3600 materia
862 3535 1029 3612 proxima
1047 3537 1265 3601 sacramenti
1280 3537 1338 3600 Pe·

251 3629 420 3694 nitentiae.
468 3632 519 3693 lta
535 3633 750 3694 communius.

297 3728 362 3817 (Α)
375 3731 608 3808 Florentinum,
620 3735 651 3796 in
667 3735 811 3798 Decreto
824 3738 865 3797 ad
879 3735 1055 3810 Armenos,
1065 3745 1142 3816 post
1153 3736 1337 3798 declaratam

252 3835 482 3897 necessitatem
497 3837 644 3899 materiae
661 3847 694 3899 et
712 3837 827 3898 formae
846 3838 876 3898 in
891 3837 1042 3918 quolibet
1055 3849 1273 3914 sacramento,
1284 3839 1339 3899 hac

252 3935 365 3997 addit:
391 3937 581 4018 “Quartum
600 3950 843 4001 sacramentum
863 3949 914 4002 est
929 3941 1147 4016 Paenitentia,
1159 3937 1341 4022 cujusquasr'

287 4092 296 4122 1
310 4086 417 4150 Scottis,
431 4086 458 4138 in
473 4103 489 4152 4
503 4088 565 4140 dist.
584 4107 623 4157 14,
637 4105 662 4158 q.
677 4106 693 4154 4
707 4051 734 4143 et
748 4091 811 4145 dist.
830 4093 869 4153 16,
886 4108 910 4160 q.
929 4106 958 4155 1;
978 4092 1138 4158 inaratam,
1155 4092 1190 4144 de
1206 4093 1338 4146 Poenitent.

252 4187 277 4238 p.
296 4169 350 4234 111,
364 4171 404 4222 th.
420 4185 454 4232 7:
476 4172 777 4236 Ballerini-Palrmleri.
793 4178 829 4230 de
851 4178 950 4231 Poenit.
966 4195 991 4232 n.
1009 4193 1022 4246 ς
1037 4195 1093 4248 sq.;
1113 4179 1246 4242 Berardr',
1263 4177 1341 4232 Prarls

252 4255 414 4308 conressar.
430 4274 457 4309 n.
473 4272 533 4325 990.
547 4253 603 4297 -²
619 4261 744 4316 manna
758 4265 789 4318 c.
806 4265 945 4333 Tridenr,
963 4266 1009 4319 nn.
1029 4266 1097 4328 xu,
1114 4283 1138 4321 c.
1158 4281 1197 4322 ιι.

1354 4361 1358 4589 l
