2808 4664
261 161 326 212 746
542 161 597 211 DE
616 163 699 212 DEO
717 162 1087 215 REMUNERATORE.

293 350 333 406 91.
372 354 400 408 3⁰
412 337 542 408 Agilitas
553 339 688 396 consistit
703 339 732 395 in
747 339 885 398 facultate
898 358 963 398 sese
976 341 1173 399 transferendi
1187 341 1227 398 de
1243 340 1309 397 loco
1319 341 1351 398 ad

261 422 359 480 locum
374 424 567 496 velociter,ad
581 436 687 483 nutum
700 426 817 494 animae,
827 435 879 484 aut
892 426 981 483 etiam
994 425 1051 482 alia
1064 442 1191 496 corpora
1204 442 1273 480 cum
1286 441 1351 480 surn-

261 510 310 566 mat
321 511 470 570 celeritate
483 513 633 571 movendi.
676 513 722 571 De
735 513 785 570 ille
797 513 939 585 qualitate
958 511 1089 582 loquitur
1102 511 1133 568 S.
1149 510 1276 574 Paulus,
1290 509 1352 567 dum

260 595 354 654 dicit:
373 598 568 657 “Seminatur
581 600 611 656 in
625 600 803 672 infirmitate,
819 609 919 672 surget
938 599 968 655 in
987 598 1119 656 virtute'’
1129 604 1156 668 ¹3
1178 597 1271 654 virtus
1283 598 1351 655 eninr

260 682 299 740 de
311 685 370 754 qua
382 685 433 741 hic
445 686 542 756 agitur
554 697 599 744 est
613 687 737 745 facilitas
750 705 814 746 sese
828 685 977 744 movendi.
1015 687 1047 744 S.
1062 685 1189 743 Tharrias
1203 685 1231 754 (l.
1242 701 1268 742 c.
1279 702 1304 756 q.
1314 689 1348 752 ta,

259 789 285 826 n.
311 773 346 838 r.)
365 789 426 829 rem
445 772 488 829 sic
507 773 658 845 explicat:
691 773 818 832 “anima
835 774 1029 846 conjungitur
1046 772 1165 844 corpori
1185 789 1248 830 non
1267 772 1350 828 solum

260 865 292 912 ut
303 856 405 927 forma,
421 857 577 916 sedetiam
591 869 623 918 ut
636 866 751 918 nator:
769 871 798 918 et
812 871 938 931 utroque
951 860 1044 918 modo
1056 869 1176 931 oportet
1194 859 1280 930 quod
1291 875 1348 914 cor·

259 959 315 1014 pus
327 943 488 1014 gloriosum
502 946 610 1003 animae
622 946 795 1017 glorificatae
807 949 845 1006 sit
857 964 973 1005 summe
985 947 1173 1018 subjectum.
1185 988 1192 1001 .
1205 987 1212 1000 .
1229 957 1262 1002 ut
1274 962 1310 1000 sc
1323 945 1351 1000 sit

259 1030 431 1101 expeditum
445 1041 474 1088 et
488 1030 587 1089 habile
597 1033 636 1090 ad
649 1032 854 1092 obediendum
868 1034 980 1106 spiritui
995 1033 1025 1088 in
1036 1031 1179 1090 omnibus
1192 1031 1320 1088 motibus
1329 1041 1351 1087 et

258 1116 427 1175 actionibus
440 1119 548 1176 animae
557 1119 581 1174 ”.

293 1217 333 1269 φ.
371 1209 399 1274 4,
412 1205 544 1263 Claritas
556 1205 692 1264 consistit
705 1207 734 1264 in
749 1209 883 1279 eoquod
894 1209 1041 1280 iustorum
1055 1222 1181 1276 corpora
1195 1203 1349 1274 fulgebunt.

257 1299 288 1348 et
301 1290 380 1347 illam
394 1291 558 1350 claritatem
572 1292 679 1350 coloris
697 1293 851 1352 habebunt
864 1313 932 1366 quae
945 1293 983 1352 ad
1001 1289 1257 1364 pulchritudinem
1275 1291 1351 1345 maxi-

259 1395 308 1435 me
320 1377 454 1436 conlert:
474 1379 670 1437 “Seminatur
683 1380 711 1436 in
726 1379 923 1451 ignobilitate,
933 1388 1033 1451 surget
1047 1379 1076 1434 in
1090 1377 1185 1449 gloria
1194 1377 1247 1446 ”²;
1266 1375 1351 1448 “Justi

259 1463 415 1535 fulgebunt
428 1465 566 1522 sicut‘sol
586 1465 616 1522 in
636 1483 728 1537 regno
742 1465 887 1525 Patris''³.
925 1467 1003 1539 Quae
1015 1464 1132 1522 claritas
1144 1463 1314 1520 causabitur
1324 1479 1351 1517 er.

258 1551 457 1610 redundantia
468 1552 569 1622 gloriae
582 1553 690 1610 animae
709 1553 739 1609 in
759 1571 867 1626 corpus
880 1555 921 1624 (S.
937 1554 995 1611 Th.
1018 1554 1036 1608 l.
1052 1570 1078 1609 c,
1094 1570 1124 1623 q.
1139 1555 1184 1624 85,
1200 1569 1226 1607 a.
1244 1554 1277 1620 r).
1312 1549 1350 1605 ln·

258 1655 347 1710 super
358 1656 462 1696 sensus
476 1640 567 1697 nostri
587 1642 661 1712 purat
678 1651 708 1699 et
727 1641 868 1700 ineffabili
887 1639 1088 1699 delectatione
1107 1638 1264 1708 fruentum
1285 1636 1352 1692 visus

259 1726 370 1784 scilicet
382 1727 580 1786 delectabitur
592 1728 716 1800 aspectu
730 1729 922 1788 humanitatis
933 1727 1052 1794 Christi,
1062 1727 1094 1782 B.
1106 1724 1213 1782 Mariae
1222 1723 1349 1795 Virginis,

258 1823 287 1871 et
300 1831 458 1885 corporum
474 1815 655 1886 Beatorum3
680 1816 799 1873 auditus
818 1813 1001 1872 suavissimis
1013 1808 1152 1868 cantibus
1172 1807 1350 1872 recreabitur,

257 1911 287 1958 et
301 1902 339 1958 ita
352 1901 390 1958 de
403 1901 524 1972 ceteris;
543 1919 605 1958 uno
618 1900 729 1959 verbo:
750 1899 890 1960 “Oculus
904 1917 964 1956 non
978 1897 1060 1963 vidit,
1076 1913 1133 1954 nec
1145 1895 1226 1953 auris
1239 1895 1350 1962 audivit,

259 1987 356 2046 necin
370 2007 421 2046 cor
434 1988 710 2048 hominisascendit
729 2007 798 2061 quae
817 1987 992 2060 praeparavit
1007 1987 1089 2044 Deus
1108 1985 1144 2042 iis
1163 1985 1218 2056 qui
1236 1983 1353 2054 diligunt

258 2075 392 2132 illum''⁴.

481 2186 541 2243 lv.
566 2186 621 2244 De
646 2185 955 2244 millenariorum
979 2197 1108 2243 errore
1119 2180 1140 2240 ⁵.

291 2323 332 2379 93.
374 2315 398 2362 1⁰
409 2307 590 2380 Exponitur.
632 2307 738 2364 Primis
753 2306 896 2364 Ecclesiae
909 2307 1034 2372 saeculis,
1049 2306 1143 2378 viguit
1155 2306 1239 2378 apud
1254 2305 1352 2362 multos

258 2394 360 2466 opinio
372 2395 452 2452 mille
465 2394 550 2451 annis
569 2403 638 2452 ante
656 2393 802 2464 judicium
823 2394 988 2452 universale
1001 2393 1154 2452 Christum
1174 2412 1241 2452 esse
1261 2403 1352 2450 ventu·

257 2499 332 2551 rum,
348 2490 387 2546 et,
402 2481 527 2539 devictis
547 2481 684 2539 hostibus
702 2480 853 2538 christiani
875 2480 1013 2551 nominis,
1030 2480 1059 2537 in
1079 2481 1156 2538 terit
1170 2491 1352 2552 regnaturum

257 2585 309 2638 per
321 2567 402 2624 mille
416 2568 531 2626 circiter
544 2586 647 2638 annos,
665 2585 734 2625 cum
748 2567 876 2630 Sanctis.
891 2567 943 2639 qui
963 2576 1035 2624 tunc
1054 2566 1249 2625 resurrecturi
1268 2579 1351 2630 erant,

256 2667 285 2712 et
302 2655 388 2726 justis
408 2655 597 2722 viventibus;
628 2654 780 2726 duplicem
805 2653 894 2725 igitur
911 2652 1159 2712 resurrectionem
1179 2653 1350 2720 statuebant,

257 2742 385 2816 priorem
396 2743 557 2814 justorum,
572 2743 767 2815 posteriorem
780 2742 946 2813 impiorum,
962 2759 1030 2812 quae
1048 2741 1167 2798 nonnisi
1190 2741 1353 2800 immediate

258 2839 324 2886 ante
341 2827 489 2899 judicium
508 2828 673 2886 universale
687 2846 840 2886 occurrere
854 2828 993 2886 debebat
1030 2827 1119 2900 Juxta
1135 2827 1221 2899 alios,
1239 2844 1352 2900 regnum
1393 2823 1394 2828 ’

257 2917 453 2975 millenarium
467 2916 543 2974 inter
554 2915 701 2987 judicium
715 2916 888 2986 universale,
905 2927 934 2974 et
955 2916 1120 2987 ingressum
1140 2915 1171 2972 in
1191 2917 1303 2973 coelum
1319 2914 1351 2971 lo·

255 3021 324 3060 cum
337 3003 468 3061 habebit
508 3003 585 3060 Haec
595 3002 699 3074 opinio
710 3001 855 3073 originem
866 3001 950 3060 duxit
960 3020 996 3060 ex
1006 3001 1169 3059 rabbinicis
1179 3002 1351 3073 quibusdam

256 3091 383 3162 scriptis,
409 3090 438 3146 in
465 3088 574 3161 quibus
600 3089 766 3161 prophetiae
788 3088 826 3146 de
850 3089 969 3146 Messiae
991 3089 1147 3146 universali
1174 3108 1210 3147 ac
1238 3089 1352 3162 pacifico

256 3195 347 3248 regno
356 3175 795 3246 materialiterintelligebantur
803 3175 842 3234 de
850 3175 1007 3248 temporali
1016 3175 1239 3242 dominatione;
1258 3179 1351 3234 eodem

256 3282 343 3321 sensu
356 3281 374 3319 a
388 3262 570 3334 quibusdam
584 3262 750 3320 christianis
764 3262 915 3320 intellecta
928 3273 997 3320 sunt
1010 3280 1046 3320 ea
1055 3280 1124 3335 quae
1134 3263 1275 3321 Christus
1285 3264 1351 3321 dise-

257 3349 350 3406 ratde
363 3366 455 3420 regno
469 3348 527 3406 Dei
541 3359 570 3406 et
583 3349 713 3406 adventu
727 3347 794 3405 Filii
810 3349 865 3406 Dei
878 3371 885 3417 ;
906 3349 982 3406 illius
996 3349 1079 3421 regni
1096 3350 1217 3408 duratio
1231 3351 1271 3408 ad
1284 3348 1353 3406 mille

255 3451 349 3491 annos
363 3435 487 3491 limitata
500 3434 555 3491 luit
568 3444 689 3506 propter
702 3435 766 3491 haec
780 3434 869 3492 verba
885 3457 892 3494 ι
915 3439 931 3465 “
941 3436 979 3493 Er
999 3435 1100 3506 ligavit
1119 3453 1189 3494 eum
1204 3437 1352 3507 (satanam)

257 3538 308 3590 per
319 3537 414 3578 annos
428 3520 542 3577 mille...
556 3531 586 3578 et
599 3521 734 3578 vixerunt
747 3529 776 3578 et
790 3533 986 3592 regnaverunt
999 3541 1069 3580 cum
1083 3523 1206 3582 Christo
1220 3523 1299 3581 mille
1310 3541 1351 3578 an·
1393 3569 1394 3606 ,

256 3606 300 3662 nis
309 3606 325 3631 '’
332 3601 351 3676 ⁶,
367 3616 422 3664 etc.
437 3639 471 3646 -
486 3605 654 3676 Millenarii,
672 3607 723 3677 qui
743 3608 833 3665 etiam
850 3609 1000 3666 Cltiltitstae
1012 3611 1108 3668 vocati
1128 3621 1207 3680 sunt,
1223 3611 1254 3667 in
1268 3610 1351 3682 dupli·

256 3711 319 3750 cem
333 3694 457 3750 classem
472 3693 557 3751 divisi
577 3703 646 3750 sunt
664 3715 669 3750 :
689 3693 737 3750 alii
758 3705 917 3753 tenuerunt
934 3697 1029 3765 justos
1044 3696 1073 3751 in
1087 3695 1146 3753 hoc
1160 3715 1257 3768 regno
1269 3697 1351 3754 omni·

290 3825 400 3882 1Ιίῗον.
415 3831 477 3894 XV,
489 3843 532 3895 43.

289 3915 328 3965 ²!
335 3915 397 3967 Cor.
410 3915 473 3978 XV,
484 3917 780 3984 43.-³Matt.Xlll,
795 3931 838 3984 43.
855 3919 934 3970 -⁴J
942 3917 1058 3980 Corall,
1070 3935 1095 3985 9.

289 4002 490 4064 ⁵Muaaarelli‚
503 4003 579 4056 Diss.
591 4000 714 4067 selectae,
727 4002 998 4069 Romae1807,Diss.
1009 4019 1039 4072 3ἰ
1047 4007 1083 4059 de
1093 4007 1196 4074 Regno
1206 4005 1352 4061 millenario

256 4085 372 4149 Christi;
386 4087 549 4154 Franaelr'n‚
563 4089 599 4141 de
612 4089 785 4157 Traditione,
800 4092 838 4143 th.
857 4092 956 4155 XVll;
962 4091 1144 4161 Jungmann,
1159 4109 1188 4147 n.
1204 4107 1269 4164 2773
1282 4093 1350 4146 Hirr·

255 4175 306 4234 ter,
317 4187 343 4221 n.
355 4169 405 4236 857
421 4187 477 4238 sq.;
496 4174 595 4240 Μένίε,
610 4191 655 4243 op.
668 4174 714 4228 cit.
728 4177 781 4228 vol.
797 4177 837 4240 ll,
850 4193 874 4228 c.
887 4191 912 4242 4.

290 4251 301 4272 ⁴
313 4254 396 4322 Apoc.
411 4257 476 4316 XX,
495 4275 563 4310 1·1o.
