2770 4646
247 171 313 222 184
689 165 829 218 CAPUT
846 167 907 216 111.

261 282 1331 294 ..-.-..—.---———-——-——-—.—.-.-—-

247 349 411 414 triendam
432 347 589 420 animam.
610 367 751 428 eamque
771 367 829 430 per
851 349 1023 412 caritatem
1047 348 1121 412 Deo
1143 353 1332 423 uniendam;

246 453 299 534 (d)
320 451 520 516 Poenitentia
540 453 582 513 ad
603 451 770 533 praeterita
789 461 926 532 peccata
946 454 1117 534 expianda
1138 465 1172 516 et
1194 474 1276 518 nova
1293 455 1332 516 vi-

248 558 371 636 tanda;
394 555 440 636 (e)
457 555 551 618 Extr.
571 552 695 618 Unftio
710 555 752 616 ad
770 555 896 636 peccati
913 555 1078 617 tollendas
1094 557 1254 638 reliquias.
1270 558 1334 619 ulti·

250 680 387 740 masque
399 659 601 722 tentationes
613 659 833 740 superandas;
848 657 894 738 (i)
907 657 1001 722 Ordo
1013 659 1054 720 ad
1068 657 1157 723 redte
1168 659 1334 742 santteque

249 763 395 843 regimen
423 761 592 842 spirituale
618 761 803 824 animarum
831 763 1076 838 exercendum
1099 763 1152 844 (g)
1176 765 1333 828 Matrimo-

250 867 340 930 nium
362 868 403 928 ad
426 864 619 927 fidelitatem
642 874 759 927 mutuo
780 867 985 940 servandam,
1001 876 1091 928 caste
1110 868 1294 942 vivendum,
1307 879 1334 930 et

249 969 303 1050 pie
319 967 444 1048 prolem
461 967 678 1029 educandam.
1220 961 1222 966 ’

296 1071 442 1152 Insuper,
461 1070 597 1151 quando
620 1072 761 1133 occurrit
784 1071 935 1152 specialis
958 1067 1123 1152 obligatio
1140 1075 1333 1158 adimplendi

249 1173 358 1238 officia
380 1174 412 1236 in
436 1184 719 1237 sacramentorum
743 1175 930 1255 receptione
949 1175 1114 1255 imposita,
1133 1177 1334 1240 conseruntur

249 1299 268 1340 a
286 1277 371 1360 De0,
387 1277 419 1340 vi
436 1277 538 1358 ipsius
554 1278 762 1352 sacramenti,
771 1277 893 1359 gratioe
908 1277 1049 1340 alluales
1068 1281 1225 1358 speciales,
1239 1291 1273 1344 ut
1288 1281 1333 1342 illa

249 1376 357 1440 officia
373 1377 518 1439 suaviter
532 1387 566 1439 et
582 1375 677 1438 facile
699 1375 952 1458 adimpleantur,
968 1387 1001 1439 et
1020 1371 1155 1459 quidem
1178 1380 1332 1443 abundan-

250 1481 349 1543 tiores
364 1489 398 1542 et
414 1480 608 1542 intensiores
624 1500 725 1560 quam
741 1479 821 1542 alias
836 1481 1000 1543 darentur.

253 1621 323 1677 111.
342 1611 397 1677 oe
417 1617 635 1690 quantitate
655 1618 789 1688 gratias
811 1631 881 1690 per
901 1626 1141 1678 sacramenta
1164 1621 1332 1679 collatae1.

292 1745 340 1814 57,
391 1729 547 1813 Quanam
578 1731 789 1812 proportione
819 1741 1025 1796 sacramenta
1058 1735 1168 1815 specie
1199 1735 1280 1797 inter
1305 1756 1332 1796 se

250 1836 387 1912 diuersa,
413 1844 450 1897 ut
476 1833 665 1915 Baptismus
692 1843 725 1896 et
750 1833 976 1908 Confirmatio,
999 1833 1140 1914 gratiam
1167 1833 1331 1902 conferant,
1369 1858 1370 1916 r

252 1958 385 2019 prorsus
402 1939 562 2000 incertum
579 1947 648 2000 est:
667 1937 729 1998 hoc
745 1938 833 2000 enim
850 1959 869 1998 a
885 1938 986 2000 libera
1000 1936 1063 1998 Dei
1081 1935 1252 2000 voluntate
1266 1957 1330 2018 pen·
1369 1919 1370 1944 ³

250 2043 316 2116 det,
331 2043 374 2103 de
393 2044 459 2122 quir
481 2039 526 2101 nil
551 2040 583 2102 in
604 2040 773 2120 Scriptura
792 2051 825 2102 et
844 2039 1037 2102 Traditione
1058 2038 1185 2120 legitur.
1232 2039 1329 2103 Unum

250 2143 396 2206 declarat
417 2141 654 2216 Tridentinum,
670 2142 795 2204 scilicet
811 2163 849 2205 ea
866 2163 930 2204 non
948 2163 1020 2204 esse
1035 2141 1172 2223 paria2:
1192 2141 1255 2205 “Si
1270 2141 1329 2222 quis

249 2247 372 2310 dixerit
395 2247 466 2308 haec
489 2255 617 2326 septem
640 2257 847 2309 sacramenta
868 2247 914 2308 ita
938 2265 1009 2308 esse
1031 2245 1115 2307 iuter
1137 2264 1173 2306 se
1195 2245 1329 2326 pariant

249 2349 339 2412 nulla
355 2351 482 2412 ratione
498 2347 586 2410 aliud
603 2348 668 2410 alio
684 2349 726 2411 sit
742 2349 883 2432 dignius
900 2347 940 2410 A.
958 2345 1008 2411 S.''
1024 2346 1118 2430 (Can.
1138 2347 1179 2428 3).
1224 2345 1326 2429 Quoad

250 2460 457 2514 sacramenta
473 2450 622 2531 ejusdem
640 2451 760 2532 speciei
776 2471 918 2532 sequens
934 2450 1035 2514 thesis
1052 2469 1120 2512 rem
1137 2450 1314 2513 declarabit.

289 2585 338 2664 58.
385 2587 482 2645 These‘s
494 2611 504 2646 .·
526 2585 760 2651 Sacramenta
775 2586 935 2666 ejusdem
951 2585 1083 2665 speciei
1099 2602 1161 2665 per
1175 2602 1215 2650 se
1228 2584 1325 2649 conle-

249 2688 333 2748 runt
346 2685 521 2762 aequalem
535 2682 690 2760 gratiam
711 2684 897 2762 aqualiter
915 2681 1114 2762 dispositis;
1134 2681 1326 2761 inaequalem

249 2799 333 2847 vero
348 2781 572 2860 inaequaliter
586 2779 779 2858 dispositis.
822 2783 871 2840 lla
885 2781 1076 2838 cornmuniter.

295 2881 425 2943 Dicitur
436 2892 500 2960 per
512 2900 553 2954 se,
568 2879 646 2959 quia
665 2899 723 2960 per
743 2879 904 2952 accidens,
920 2877 1043 2940 scilicet
1064 2897 1106 2938 ex
1128 2877 1192 2939 Dei
1211 2875 1325 2960 speciali

250 2984 484 3057 misericordia,
510 2982 628 3044 velex
654 2979 787 3061 speciali
814 2981 951 3041 ministri
980 2978 1113 3052 fervore,
1138 2971 1325 3042 sacramenta

253 3097 393 3166 possunt
419 3083 577 3164 majorem
603 3085 718 3165 gratia:
742 3084 879 3165 gradum
908 3085 939 3146 in
965 3104 1032 3146 uno
1056 3102 1156 3163 quam
1183 3085 1214 3145 in
1240 3083 1326 3145 altero

250 3189 450 3270 producere;
480 3190 537 3251 sed
564 3199 642 3249 tune
668 3188 721 3250 ille
748 3187 884 3252 effectus
911 3207 977 3249 non
1005 3185 1172 3248 confertur
1198 3207 1235 3248 ex
1256 3197 1326 3266 open·

249 3301 381 3373 operato,
399 3311 456 3354 seu
475 3292 505 3352 vi
523 3292 624 3372 ipsius
641 3292 847 3367 sacramenti,
863 3291 919 3354 sed
938 3289 1047 3370 potius
1063 3288 1242 3350 occasione.

292 3393 351 3474 (A)
368 3392 423 3454 Ex
441 3391 629 3454 Tridentino
644 3393 744 3474 (Sess
756 3395 816 3458 Vl.
830 3416 854 3458 c.
867 3397 910 3474 7),
921 3395 1012 3454 Deus
1025 3391 1189 3471 justitiam
1204 3410 1257 3452 seu
1268 3407 1324 3469 gra·

250 3498 330 3558 tiam
347 3495 483 3569 confert,
498 3496 679 3558 secundum
697 3497 863 3577 propriam
881 3495 1138 3576 uniuscujusque
1156 3493 1324 3575 dispositio-

251 3620 326 3661 nem
354 3611 387 3662 et
417 3599 713 3680 cooperationem:
743 3599 929 3679 “justitiam
961 3601 992 3661 in
1025 3598 1121 3659 nobis
1151 3597 1323 3678 recipientes

286 3763 293 3785 ¹
306 3761 346 3814 Cf.
361 3761 390 3814 S.
406 3759 501 3813 Tltom.
518 3774 535 3828 3
548 3777 574 3828 p.
591 3775 617 3828 q.
631 3758 674 3826 69,
688 3775 712 3812 a.
727 3761 758 3826 83
778 3759 973 3827 Sunrea‚disp.
988 3757 1054 3824 Vll,
1071 3754 1140 3812 sedi.
1160 3771 1189 3826 5;
1203 3757 1320 3810 Salmunl.

251 3848 320 3914 disp.
338 3849 387 3910 IV,
403 3848 468 3900 dub.
485 3849 517 3910 83
536 3848 569 3900 de
580 3847 763 3916 Auguslr'm's,
780 3847 817 3899 th.
832 3863 873 3899 21.

285 3935 295 3964 ²
308 3933 390 4000 Juxta
403 3935 432 3986 S.
452 3935 477 3985 T
474 3935 585 3986 lromam
600 3935 637 4004 (q.
654 3933 697 4001 65,
710 3951 735 3987 a.
753 3933 788 4000 3),
804 3949 888 4002 quem
905 3931 1089 3985 communiter
1102 3939 1253 4000 sequuntur
1264 3927 1321 3980 theo

250 4019 315 4086 logi,
329 4019 435 4072 ratione
449 4018 593 4086 dignitatis
610 4020 700 4089 primo
719 4020 780 4071 loeo
799 4020 875 4072 venit
895 4018 1081 4082 Eucharistia,
1097 4034 1161 4086 quae
1180 4033 1234 4071 non
1252 4013 1320 4068 solum

250 4103 370 4170 gratiam
389 4104 438 4157 sed
457 4103 554 4170 gratiae
573 4103 716 4157 audiorem
734 4103 865 4170 continet,
878 4103 981 4158 deinde
999 4103 1084 4168 Ordo,
1098 4101 1145 4171 qui
1160 4103 1198 4156 ad
1213 4095 1318 4156 Euchari-

252 4189 313 4241 stiae
334 4188 572 4243 consecrationem
595 4189 712 4258 spedlat
734 4191 816 4244 tertio
840 4190 1028 4253 Confirmatio,
1052 4200 1153 4259 quarto
1178 4187 1318 4260 Baptismus.

251 4275 348 4341 quinto
364 4275 583 4338 Matrimonium,
599 4288 676 4330 sexto
691 4278 724 4329 E.
739 4275 852 4343 Unilio,
865 4277 963 4331 ultimo
978 4276 1157 4331 Poenitentia.
