2770 4646
254 156 314 206 1⁷2
703 157 844 207 CAPUT
860 156 902 206 11.

249 357 352 400 unum
370 337 539 400 hominem
558 339 587 399 in
606 338 801 419 perditionis
823 348 911 402 statu
934 337 1124 419 relinquere.
1171 337 1272 402 Adest
1286 357 1332 400 au·

250 450 318 502 tem
342 442 450 522 gravis
478 441 664 516 necessitas,
686 442 822 522 quando
845 444 887 505 de
910 451 1119 504 sacramento
1142 443 1183 504 ad
1209 441 1331 504 salutem

250 543 434 605 necessario
457 545 575 625 agitur,
597 543 663 606 scil.
688 545 730 606 de
755 545 932 626 Baptismo
951 565 1011 627 pro
1034 539 1162 607 infante
1183 545 1331 608 moriture.

250 647 451 710 Paenitentia
464 667 524 728 pro
537 656 719 728 peccatore,
731 657 789 710 aut
801 648 901 710 etiam
916 647 1012 710 Extr.
1026 643 1202 724 Unctione,
1213 631 1331 728 quando

250 750 451 813 Paenitentia
467 750 645 813 ministrari
662 751 785 831 nequit.

348 947 435 1025 Art.
463 945 540 1024 III.
567 946 630 1023 De
658 947 809 1025 unione
837 949 1011 1026 materiae
1036 968 1075 1026 et
1102 945 1245 1027 formae.

289 1158 338 1228 37.
391 1162 422 1210 1⁰
436 1149 643 1230 Principium
653 1149 810 1231 generale.
858 1150 1084 1223 Sacramenta,
1099 1169 1143 1212 ex
1166 1146 1267 1216 dietis,
1280 1145 1328 1207 du·

248 1252 324 1334 plici
341 1261 497 1314 constant
512 1252 698 1328 elemento;
722 1261 758 1316 ut
774 1251 883 1315 valide
899 1253 1135 1328 ministrentur,
1152 1271 1276 1315 necesse
1290 1257 1329 1310 est

246 1364 283 1418 ut
307 1353 394 1416 adsit
417 1354 571 1434 quaedam
596 1353 713 1415 saltem
738 1355 817 1417 unio
839 1355 925 1416 intcr
944 1356 1116 1417 materiam
1140 1365 1174 1418 et
1198 1353 1328 1416 sormam.

248 1457 332 1524 Cum
356 1465 467 1518 autem
492 1456 558 1518 sint
580 1457 787 1537 corrmosr'tum
811 1458 941 1532 morale,
956 1478 994 1520 ea
1018 1457 1096 1519 unio
1120 1457 1285 1538 requiritur
1304 1463 1328 1514 et

246 1560 377 1634 sufficit,
393 1581 478 1641 quae,
492 1559 591 1640 juxta
607 1561 820 1641 prudentium
837 1561 1103 1636 aestimationem,
1114 1569 1213 1622 totum
1230 1557 1329 1620 rrronrlr

246 1662 406 1724 efformat.
455 1663 503 1726 Ut
512 1662 679 1742 judicetur
691 1663 904 1742 quandonam
919 1663 1007 1726 adsit
1023 1663 1079 1725 illa
1095 1663 1183 1738 unio,
1195 1661 1328 1745 generale

246 1765 443 1847 principium
457 1765 630 1828 statuitur:
655 1775 734 1828 tunc
750 1765 890 1829 habetur
906 1768 984 1828 unio
999 1766 1165 1829 sufficiens
1178 1767 1327 1830 materiam

247 1872 332 1932 inter
353 1879 385 1933 et
406 1869 555 1944 sormam,
578 1871 722 1950 quando,
741 1869 865 1932 attentat
889 1871 1136 1951 uniuscusirsque
1157 1867 1330 1932 sacrarnrnti

246 1973 375 2048 natrrrd,
382 1974 503 2052 sorrnoe
522 1972 645 2034 verr'tns
664 1972 821 2036 salvatur.
868 1972 969 2034 Ratio
989 1980 1048 2047 est,
1065 1973 1148 2054 quia,
1165 1972 1327 2034 dummodo

246 2075 361 2138 formae
384 2076 484 2138 verba
507 2075 724 2149 verificentur,
740 2075 819 2138 nihil
843 2077 937 2138 deest
961 2085 997 2138 ut
1020 2076 1121 2138 verba
1141 2076 1267 2157 plenam
1283 2075 1325 2136 ha·
1369 2113 1370 2118 κ

131 2213 134 2220 ·
246 2179 346 2242 beant
362 2178 647 2260 significationem,
664 2188 697 2241 et
713 2199 809 2241 suum
830 2176 984 2241 effaetum
1002 2180 1196 2260 producant
1243 2177 1324 2246 Unde
1369 2189 1370 2283 l

246 2283 384 2345 materia
407 2292 439 2346 et
466 2281 573 2344 forma
596 2281 719 2344 debent
742 2281 784 2344 ab
807 2282 925 2343 eodem
950 2280 1101 2344 ministro
1124 2283 1223 2363 poni;
1250 2297 1326 2344 secus

245 2387 332 2448 enim
352 2385 450 2446 verba
467 2385 581 2446 forma
598 2405 674 2446 vera
692 2405 757 2446 non
775 2395 893 2447 essent.

287 2545 336 2622 38.
384 2553 417 2607 2⁰
433 2545 566 2627 Regrrloe
574 2547 729 2626 prac‘lr'cre
737 2558 799 2626 pro
815 2546 993 2608 ealliditate.

290 2666 355 2757 (Α)
368 2671 409 2732 In
424 2671 643 2746 Eucharistr'd,
655 2673 829 2751 requiritur
845 2672 922 2733 uitio
932 2672 1064 2752 plrusr'ca
1078 2673 1163 2736 inter
1174 2673 1324 2736 materiam

244 2786 277 2838 et
294 2775 433 2837 sormam
451 2795 518 2848 seu,
534 2775 606 2836 aliis
623 2775 739 2850 verbis,
753 2775 893 2840 materia
908 2774 1008 2837 debet
1024 2794 1096 2836 esse
1112 2775 1246 2857 physice
1260 2795 1324 2857 prze-

244 2899 329 2948 scns.
345 2879 480 2957 quando
503 2878 656 2939 sacerdos
681 2879 873 2958 pronuntiat
898 2876 1060 2940 sormam:
1087 2882 1102 2909 “
1118 2879 1195 2941 Hoc
1211 2889 1257 2942 est
1271 2897 1324 2940 cor·
1368 2907 1369 2962 3

245 2997 306 3058 pus
323 2997 432 3038 meum
445 2977 469 3049 ”,
486 2996 562 3038 nam
586 2997 769 3057 pronomen
792 2982 807 3007 ‘⁰
818 2977 874 3038 [τοι
885 2977 901 3003 ”
918 2977 1077 3040 verificari
1098 2998 1164 3041 non
1181 2989 1292 3062 posset,
1305 2977 1324 3038 si

245 3081 383 3142 materia
400 3089 479 3140 tunc
496 3080 625 3142 realiter
642 3101 786 3161 praesens
804 3101 868 3142 non
886 3089 981 3144 esset.

287 3195 347 3274 (B)
366 3194 403 3254 In
421 3193 596 3273 Baptana,
618 3194 875 3275 Corfirmatione,
892 3195 1144 3259 Exn-mezzane
1163 3201 1197 3260 et
1215 3195 1323 3261 Ordine.

244 3298 406 3360 theoretice
423 3297 598 3378 loquendo
609 3298 729 3360 sufficit
741 3301 782 3361 ad
797 3297 1002 3361 validitatem
1020 3298 1096 3362 untia
1112 3300 1321 3378 ramaliaque

243 3403 358 3464 existit
389 3403 524 3481 quando
556 3401 693 3463 materia
723 3401 910 3482 applicatur
940 3401 1133 3465 immediate
1163 3413 1319 3483 antequam

243 3504 348 3566 forma
373 3503 614 3584 pronuntietur,
630 3502 680 3564 vel
706 3503 897 3565 immediate
925 3515 1101 3584 postquam
1130 3505 1253 3586 prolata
1276 3513 1319 3563 est.
1345 3577 1349 3590 Ι

242 3607 524 3686 Inpraritamen,
535 3626 636 3686 quum
654 3617 772 3686 agatur
787 3609 828 3668 de
844 3607 1026 3681 validitate,
1038 3608 1142 3670 tutius
1157 3619 1208 3672 est
1223 3607 1317 3671 eodem

243 3721 390 3789 tempore
408 3710 621 3790 pronuntiare
637 3709 736 3771 verba
748 3719 781 3771 et
795 3709 966 3771 materiam
985 3710 1171 3792 applicare;
1195 3721 1317 3774 attamen
1367 3679 1368 3770 l

242 3812 284 3872 de
310 3811 421 3873 valore
448 3812 645 3874 sacramenti
673 3812 816 3874 dubitari
845 3813 968 3892 nequit,
989 3813 1016 3872 si
1040 3812 1147 3877 forma
1172 3814 1318 3876 inchoetur
1367 3839 1368 3906 q

242 3913 433 3992 priusquam
462 3915 609 3975 materiae
636 3914 816 3994 applicatio
843 3913 1041 3989 absolvatur,
1065 3915 1115 3977 vel
1144 3917 1214 3978 vice
1238 3915 1315 3976 versi.

244 4016 338 4076 lllora
364 4016 460 4077 unius
484 4017 588 4078 Pater
608 4016 974 4097 intersapplicationem
1001 4019 1148 4081 mater'iae
1169 4029 1202 4081 et
1225 4017 1315 4080 forma

241 4115 470 4196 prolationem,
486 4137 505 4178 a
523 4119 690 4179 nonnullis
707 4129 743 4180 ut
760 4118 1013 4182 Sacramentum
1032 4121 1218 4184 invalidans
1232 4115 1312 4184 consi·

244 4220 383 4279 deratnr.
