<?xml version="1.0" encoding="UTF-8"?>
<!DOCTYPE html PUBLIC "-//W3C//DTD XHTML 1.0 Transitional//EN"
    "http://www.w3.org/TR/xhtml1/DTD/xhtml1-transitional.dtd">
<html xmlns="http://www.w3.org/1999/xhtml" xml:lang="en" lang="en">
 <head>
  <title>
</title>
<meta http-equiv="Content-Type" content="text/html;charset=utf-8" />
  <meta name='ocr-system' content='tesseract 3.04.00' />
  <meta name='ocr-capabilities' content='ocr_page ocr_carea ocr_par ocr_line ocrx_word'/>
</head>
<body>
  <div class='ocr_page' id='page_1' title='image "./synopsistheolog01tanqgoog_0439.png"; bbox 0 0 2752 4648; ppageno 0'>
   <div class='ocr_carea' id='block_1_1' title="bbox 241 153 1147 214">
    <p class='ocr_par' dir='ltr' id='par_1_1' title="bbox 241 153 1147 214">
     <span class='ocr_line' id='line_1_1' title="bbox 241 153 1147 214; baseline -0.001 -1"><span class='ocrx_word' id='word_1_1' title='bbox 241 153 311 214; x_wconf 71' lang='lat' dir='ltr'>fes</span> <span class='ocrx_word' id='word_1_2' title='bbox 442 159 497 212; x_wconf 79' lang='lat' dir='ltr'>ms</span> <span class='ocrx_word' id='word_1_3' title='bbox 513 159 810 213; x_wconf 76' lang='lat' dir='ltr'>sncnnuutv&#39;ro</span> <span class='ocrx_word' id='word_1_4' title='bbox 827 159 1147 212; x_wconf 69' lang='lat' dir='ltr'>eucflnnrsrffl.</span> 
     </span>
    </p>
   </div>
   <div class='ocr_carea' id='block_1_2' title="bbox 208 343 1325 1978">
    <p class='ocr_par' dir='ltr' id='par_1_2' title="bbox 208 343 1322 1140">
     <span class='ocr_line' id='line_1_2' title="bbox 208 343 1322 432; baseline 0.004 -28"><span class='ocrx_word' id='word_1_5' title='bbox 208 400 210 404; x_wconf 85' lang='lat'>.</span> <span class='ocrx_word' id='word_1_6' title='bbox 286 343 343 432; x_wconf 90' lang='lat' dir='ltr'>(b)</span> <span class='ocrx_word' id='word_1_7' title='bbox 362 343 853 410; x_wconf 79' lang='lat' dir='ltr'>Confessarlus&#39;communionis</span> <span class='ocrx_word' id='word_1_8' title='bbox 877 344 1095 426; x_wconf 77' lang='lat' dir='ltr'>frequentiam</span> <span class='ocrx_word' id='word_1_9' title='bbox 1119 345 1322 410; x_wconf 89' lang='lat' dir='ltr'>determinare</span> 
     </span>
     <span class='ocr_line' id='line_1_3' title="bbox 240 445 1321 532; baseline -0.004 -16"><span class='ocrx_word' id='word_1_10' title='bbox 240 449 341 516; x_wconf 89' lang='lat' dir='ltr'>debet</span> <span class='ocrx_word' id='word_1_11' title='bbox 361 449 542 531; x_wconf 89' lang='lat' dir='ltr'>praesertir&#39;n</span> <span class='ocrx_word' id='word_1_12' title='bbox 566 469 609 510; x_wconf 86' lang='lat' dir='ltr'>ex</span> <span class='ocrx_word' id='word_1_13' title='bbox 634 445 739 511; x_wconf 75' lang='lat' dir='ltr'>fruftu</span> <span class='ocrx_word' id='word_1_14' title='bbox 764 447 797 510; x_wconf 92' lang='lat' dir='ltr'>in</span> <span class='ocrx_word' id='word_1_15' title='bbox 821 447 891 528; x_wconf 86' lang='lat' dir='ltr'>ejus</span> <span class='ocrx_word' id='word_1_16' title='bbox 916 449 1103 530; x_wconf 84' lang='lat' dir='ltr'>receptione</span> <span class='ocrx_word' id='word_1_17' title='bbox 1127 461 1282 532; x_wconf 91' lang='lat' dir='ltr'>percepto,</span> <span class='ocrx_word' id='word_1_18' title='bbox 1294 461 1321 512; x_wconf 90' lang='lat' dir='ltr'>et</span> 
     </span>
     <span class='ocr_line' id='line_1_4' title="bbox 239 549 1319 632; baseline -0.002 -15"><span class='ocrx_word' id='word_1_19' title='bbox 239 551 411 618; x_wconf 89' lang='lat' dir='ltr'>attendere</span> <span class='ocrx_word' id='word_1_20' title='bbox 428 571 494 613; x_wconf 93' lang='lat' dir='ltr'>non</span> <span class='ocrx_word' id='word_1_21' title='bbox 511 551 618 612; x_wconf 92' lang='lat' dir='ltr'>solum</span> <span class='ocrx_word' id='word_1_22' title='bbox 635 551 677 613; x_wconf 89' lang='lat' dir='ltr'>ad</span> <span class='ocrx_word' id='word_1_23' title='bbox 694 569 902 632; x_wconf 86' lang='lat' dir='ltr'>progressum</span> <span class='ocrx_word' id='word_1_24' title='bbox 921 549 952 613; x_wconf 94' lang='lat' dir='ltr'>in</span> <span class='ocrx_word' id='word_1_25' title='bbox 971 549 1141 627; x_wconf 88' lang='lat' dir='ltr'>fervorem,</span> <span class='ocrx_word' id='word_1_26' title='bbox 1157 555 1214 616; x_wconf 92' lang='lat' dir='ltr'>sed</span> <span class='ocrx_word' id='word_1_27' title='bbox 1236 554 1319 616; x_wconf 89' lang='lat' dir='ltr'>etiam</span> 
     </span>
     <span class='ocr_line' id='line_1_5' title="bbox 240 655 1321 739; baseline -0.006 -13"><span class='ocrx_word' id='word_1_28' title='bbox 240 664 281 727; x_wconf 88' lang='lat' dir='ltr'>ad</span> <span class='ocrx_word' id='word_1_29' title='bbox 299 659 499 726; x_wconf 87' lang='lat' dir='ltr'>tentationes</span> <span class='ocrx_word' id='word_1_30' title='bbox 514 657 635 738; x_wconf 91' lang='lat' dir='ltr'>quibus</span> <span class='ocrx_word' id='word_1_31' title='bbox 651 657 817 738; x_wconf 89' lang='lat' dir='ltr'>poenitens</span> <span class='ocrx_word' id='word_1_32' title='bbox 839 656 1062 739; x_wconf 85' lang='lat' dir='ltr'>impugnatur,</span> <span class='ocrx_word' id='word_1_33' title='bbox 1077 667 1111 720; x_wconf 89' lang='lat' dir='ltr'>et</span> <span class='ocrx_word' id='word_1_34' title='bbox 1127 659 1170 722; x_wconf 91' lang='lat' dir='ltr'>ad</span> <span class='ocrx_word' id='word_1_35' title='bbox 1187 655 1321 722; x_wconf 75' lang='lat' dir='ltr'>viflorias</span> 
     </span>
     <span class='ocr_line' id='line_1_6' title="bbox 239 759 1320 849; baseline -0.009 -19"><span class='ocrx_word' id='word_1_36' title='bbox 239 786 339 849; x_wconf 88' lang='lat' dir='ltr'>supra</span> <span class='ocrx_word' id='word_1_37' title='bbox 376 762 577 826; x_wconf 86' lang='lat' dir='ltr'>tentationes</span> <span class='ocrx_word' id='word_1_38' title='bbox 609 767 801 842; x_wconf 85' lang='lat' dir='ltr'>reportatas.</span> <span class='ocrx_word' id='word_1_39' title='bbox 858 759 946 822; x_wconf 90' lang='lat' dir='ltr'>Hinc</span> <span class='ocrx_word' id='word_1_40' title='bbox 984 759 1166 840; x_wconf 92' lang='lat' dir='ltr'>aliquando</span> <span class='ocrx_word' id='word_1_41' title='bbox 1202 760 1320 823; x_wconf 92' lang='lat' dir='ltr'>concedi</span> 
     </span>
     <span class='ocr_line' id='line_1_7' title="bbox 240 861 1320 952; baseline -0.01 -19"><span class='ocrx_word' id='word_1_42' title='bbox 240 879 350 952; x_wconf 89' lang='lat' dir='ltr'>potest</span> <span class='ocrx_word' id='word_1_43' title='bbox 377 868 419 930; x_wconf 88' lang='lat' dir='ltr'>ad</span> <span class='ocrx_word' id='word_1_44' title='bbox 447 873 579 946; x_wconf 91' lang='lat' dir='ltr'>tempus</span> <span class='ocrx_word' id='word_1_45' title='bbox 608 863 760 943; x_wconf 80' lang='lat' dir='ltr'>frequens</span> <span class='ocrx_word' id='word_1_46' title='bbox 786 863 976 926; x_wconf 92' lang='lat' dir='ltr'>communio</span> <span class='ocrx_word' id='word_1_47' title='bbox 1003 861 1067 924; x_wconf 93' lang='lat' dir='ltr'>illis</span> <span class='ocrx_word' id='word_1_48' title='bbox 1094 863 1151 944; x_wconf 91' lang='lat' dir='ltr'>qui</span> <span class='ocrx_word' id='word_1_49' title='bbox 1179 863 1272 926; x_wconf 86' lang='lat' dir='ltr'>etiam</span> <span class='ocrx_word' id='word_1_50' title='bbox 1295 863 1320 924; x_wconf 92' lang='lat' dir='ltr'>in</span> 
     </span>
     <span class='ocr_line' id='line_1_8' title="bbox 239 965 1322 1056; baseline -0.006 -21"><span class='ocrx_word' id='word_1_51' title='bbox 239 981 377 1056; x_wconf 81' lang='lat' dir='ltr'>peccata</span> <span class='ocrx_word' id='word_1_52' title='bbox 388 967 540 1032; x_wconf 88' lang='lat' dir='ltr'>mortalia</span> <span class='ocrx_word' id='word_1_53' title='bbox 552 966 715 1042; x_wconf 88' lang='lat' dir='ltr'>labuntur,</span> <span class='ocrx_word' id='word_1_54' title='bbox 725 965 909 1030; x_wconf 92' lang='lat' dir='ltr'>dummodo</span> <span class='ocrx_word' id='word_1_55' title='bbox 919 976 1052 1030; x_wconf 88' lang='lat' dir='ltr'>strenue</span> <span class='ocrx_word' id='word_1_56' title='bbox 1065 977 1256 1048; x_wconf 85' lang='lat' dir='ltr'>pugnentet</span> <span class='ocrx_word' id='word_1_57' title='bbox 1264 985 1322 1028; x_wconf 89' lang='lat' dir='ltr'>sese</span> 
     </span>
     <span class='ocr_line' id='line_1_9' title="bbox 239 1071 544 1140; baseline -0.02 0"><span class='ocrx_word' id='word_1_58' title='bbox 239 1073 417 1140; x_wconf 91' lang='lat' dir='ltr'>emendare</span> <span class='ocrx_word' id='word_1_59' title='bbox 432 1071 544 1134; x_wconf 81' lang='lat' dir='ltr'>velint</span> 
     </span>
    </p>

    <p class='ocr_par' dir='ltr' id='par_1_3' title="bbox 238 1171 1323 1670">
     <span class='ocr_line' id='line_1_10' title="bbox 285 1171 1321 1264; baseline -0.007 -23"><span class='ocrx_word' id='word_1_60' title='bbox 285 1175 341 1264; x_wconf 90' lang='lat' dir='ltr'>(c)</span> <span class='ocrx_word' id='word_1_61' title='bbox 356 1173 585 1241; x_wconf 89' lang='lat' dir='ltr'>Confessarius</span> <span class='ocrx_word' id='word_1_62' title='bbox 598 1172 770 1236; x_wconf 89' lang='lat' dir='ltr'>attendere</span> <span class='ocrx_word' id='word_1_63' title='bbox 782 1172 882 1236; x_wconf 89' lang='lat' dir='ltr'>etiam</span> <span class='ocrx_word' id='word_1_64' title='bbox 893 1173 993 1237; x_wconf 92' lang='lat' dir='ltr'>debet</span> <span class='ocrx_word' id='word_1_65' title='bbox 1005 1171 1047 1234; x_wconf 87' lang='lat' dir='ltr'>ad</span> <span class='ocrx_word' id='word_1_66' title='bbox 1059 1173 1250 1256; x_wconf 88' lang='lat' dir='ltr'>poenitentis</span> <span class='ocrx_word' id='word_1_67' title='bbox 1259 1192 1321 1236; x_wconf 91' lang='lat' dir='ltr'>con·</span> 
     </span>
     <span class='ocr_line' id='line_1_11' title="bbox 238 1275 1322 1358; baseline -0.007 -13"><span class='ocrx_word' id='word_1_68' title='bbox 238 1282 410 1353; x_wconf 89' lang='lat' dir='ltr'>ditionem,</span> <span class='ocrx_word' id='word_1_69' title='bbox 426 1277 562 1358; x_wconf 77' lang='lat' dir='ltr'>eJusque</span> <span class='ocrx_word' id='word_1_70' title='bbox 578 1275 656 1339; x_wconf 84' lang='lat' dir='ltr'>vitae</span> <span class='ocrx_word' id='word_1_71' title='bbox 672 1285 806 1350; x_wconf 90' lang='lat' dir='ltr'>statum,</span> <span class='ocrx_word' id='word_1_72' title='bbox 823 1285 856 1338; x_wconf 90' lang='lat' dir='ltr'>et</span> <span class='ocrx_word' id='word_1_73' title='bbox 876 1296 992 1339; x_wconf 87' lang='lat' dir='ltr'>cavere</span> <span class='ocrx_word' id='word_1_74' title='bbox 1015 1297 1057 1338; x_wconf 88' lang='lat' dir='ltr'>ne</span> <span class='ocrx_word' id='word_1_75' title='bbox 1081 1275 1234 1358; x_wconf 86' lang='lat' dir='ltr'>frequens</span> <span class='ocrx_word' id='word_1_76' title='bbox 1248 1295 1322 1338; x_wconf 89' lang='lat' dir='ltr'>com·</span> 
     </span>
     <span class='ocr_line' id='line_1_12' title="bbox 239 1377 1323 1460; baseline -0.01 -12"><span class='ocrx_word' id='word_1_77' title='bbox 239 1383 353 1448; x_wconf 92' lang='lat' dir='ltr'>munio</span> <span class='ocrx_word' id='word_1_78' title='bbox 369 1381 413 1444; x_wconf 87' lang='lat' dir='ltr'>ab</span> <span class='ocrx_word' id='word_1_79' title='bbox 428 1377 543 1442; x_wconf 85' lang='lat' dir='ltr'>officiis</span> <span class='ocrx_word' id='word_1_80' title='bbox 560 1379 636 1442; x_wconf 87' lang='lat' dir='ltr'>vitae</span> <span class='ocrx_word' id='word_1_81' title='bbox 652 1378 825 1442; x_wconf 90' lang='lat' dir='ltr'>deterreat.</span> <span class='ocrx_word' id='word_1_82' title='bbox 872 1378 970 1456; x_wconf 88' lang='lat' dir='ltr'>Hinc,</span> <span class='ocrx_word' id='word_1_83' title='bbox 986 1379 1102 1460; x_wconf 92' lang='lat' dir='ltr'>primis</span> <span class='ocrx_word' id='word_1_84' title='bbox 1118 1377 1323 1442; x_wconf 88' lang='lat' dir='ltr'>conversionis</span> 
     </span>
     <span class='ocr_line' id='line_1_13' title="bbox 239 1481 1323 1567; baseline -0.001 -15"><span class='ocrx_word' id='word_1_85' title='bbox 239 1483 453 1567; x_wconf 89' lang='lat' dir='ltr'>temporibus,</span> <span class='ocrx_word' id='word_1_86' title='bbox 467 1483 565 1543; x_wconf 92' lang='lat' dir='ltr'>nimis</span> <span class='ocrx_word' id='word_1_87' title='bbox 581 1481 770 1564; x_wconf 90' lang='lat' dir='ltr'>frequenter</span> <span class='ocrx_word' id='word_1_88' title='bbox 785 1481 974 1545; x_wconf 89' lang='lat' dir='ltr'>communio</span> <span class='ocrx_word' id='word_1_89' title='bbox 991 1481 1128 1546; x_wconf 90' lang='lat' dir='ltr'>concedi</span> <span class='ocrx_word' id='word_1_90' title='bbox 1150 1502 1215 1544; x_wconf 93' lang='lat' dir='ltr'>non</span> <span class='ocrx_word' id='word_1_91' title='bbox 1231 1483 1323 1550; x_wconf 83' lang='lat' dir='ltr'>debet.</span> 
     </span>
     <span class='ocr_line' id='line_1_14' title="bbox 239 1584 1323 1670; baseline -0.01 -17"><span class='ocrx_word' id='word_1_92' title='bbox 239 1607 281 1652; x_wconf 91' lang='lat' dir='ltr'>ne</span> <span class='ocrx_word' id='word_1_93' title='bbox 297 1587 452 1670; x_wconf 88' lang='lat' dir='ltr'>superbia</span> <span class='ocrx_word' id='word_1_94' title='bbox 468 1584 626 1660; x_wconf 88' lang='lat' dir='ltr'>foveatur,</span> <span class='ocrx_word' id='word_1_95' title='bbox 637 1594 671 1648; x_wconf 90' lang='lat' dir='ltr'>et</span> <span class='ocrx_word' id='word_1_96' title='bbox 687 1584 792 1646; x_wconf 90' lang='lat' dir='ltr'>fervor</span> <span class='ocrx_word' id='word_1_97' title='bbox 804 1584 894 1648; x_wconf 91' lang='lat' dir='ltr'>brevi</span> <span class='ocrx_word' id='word_1_98' title='bbox 911 1585 943 1648; x_wconf 93' lang='lat' dir='ltr'>in</span> <span class='ocrx_word' id='word_1_99' title='bbox 960 1595 1109 1666; x_wconf 90' lang='lat' dir='ltr'>teporem</span> <span class='ocrx_word' id='word_1_100' title='bbox 1122 1593 1323 1648; x_wconf 86' lang='lat' dir='ltr'>convertatur.</span> 
     </span>
    </p>

    <p class='ocr_par' dir='ltr' id='par_1_4' title="bbox 239 1687 1325 1978">
     <span class='ocr_line' id='line_1_15' title="bbox 285 1687 1323 1778; baseline -0.009 -24"><span class='ocrx_word' id='word_1_101' title='bbox 285 1687 342 1778; x_wconf 88' lang='lat' dir='ltr'>(d)</span> <span class='ocrx_word' id='word_1_102' title='bbox 362 1688 513 1754; x_wconf 84' lang='lat' dir='ltr'>Tandem</span> <span class='ocrx_word' id='word_1_103' title='bbox 531 1687 697 1751; x_wconf 88' lang='lat' dir='ltr'>insinuare</span> <span class='ocrx_word' id='word_1_104' title='bbox 714 1697 805 1752; x_wconf 92' lang='lat' dir='ltr'>curet</span> <span class='ocrx_word' id='word_1_105' title='bbox 821 1699 866 1766; x_wconf 93' lang='lat' dir='ltr'>ut,</span> <span class='ocrx_word' id='word_1_106' title='bbox 882 1697 958 1771; x_wconf 89' lang='lat' dir='ltr'>post</span> <span class='ocrx_word' id='word_1_107' title='bbox 974 1689 1249 1763; x_wconf 89' lang='lat' dir='ltr'>communionem,</span> <span class='ocrx_word' id='word_1_108' title='bbox 1264 1703 1323 1769; x_wconf 85' lang='lat' dir='ltr'>gra·</span> 
     </span>
     <span class='ocr_line' id='line_1_16' title="bbox 239 1789 1325 1874; baseline -0.006 -16"><span class='ocrx_word' id='word_1_109' title='bbox 239 1796 359 1858; x_wconf 89' lang='lat' dir='ltr'>tiarum</span> <span class='ocrx_word' id='word_1_110' title='bbox 377 1789 464 1856; x_wconf 73' lang='lat' dir='ltr'>aCtio</span> <span class='ocrx_word' id='word_1_111' title='bbox 481 1789 547 1865; x_wconf 85' lang='lat' dir='ltr'>fiat,</span> <span class='ocrx_word' id='word_1_112' title='bbox 563 1790 681 1854; x_wconf 89' lang='lat' dir='ltr'>saltem</span> <span class='ocrx_word' id='word_1_113' title='bbox 703 1813 762 1872; x_wconf 91' lang='lat' dir='ltr'>per</span> <span class='ocrx_word' id='word_1_114' title='bbox 784 1811 886 1856; x_wconf 92' lang='lat' dir='ltr'>unum</span> <span class='ocrx_word' id='word_1_115' title='bbox 904 1793 1134 1874; x_wconf 88' lang='lat' dir='ltr'>quadrantem,</span> <span class='ocrx_word' id='word_1_116' title='bbox 1152 1793 1214 1855; x_wconf 90' lang='lat' dir='ltr'>nisi</span> <span class='ocrx_word' id='word_1_117' title='bbox 1229 1811 1325 1854; x_wconf 90' lang='lat' dir='ltr'>neces·</span> 
     </span>
     <span class='ocr_line' id='line_1_17' title="bbox 239 1893 1324 1978; baseline -0.006 -17"><span class='ocrx_word' id='word_1_118' title='bbox 239 1899 320 1962; x_wconf 91' lang='lat' dir='ltr'>sitas</span> <span class='ocrx_word' id='word_1_119' title='bbox 337 1903 475 1959; x_wconf 89' lang='lat' dir='ltr'>excuset</span> <span class='ocrx_word' id='word_1_120' title='bbox 489 1914 496 1970; x_wconf 93' lang='grc'><strong>;</strong></span> <span class='ocrx_word' id='word_1_121' title='bbox 518 1913 596 1956; x_wconf 91' lang='lat' dir='ltr'>nam</span> <span class='ocrx_word' id='word_1_122' title='bbox 621 1895 864 1958; x_wconf 88' lang='lat' dir='ltr'>communionis</span> <span class='ocrx_word' id='word_1_123' title='bbox 886 1893 1011 1959; x_wconf 72' lang='lat' dir='ltr'>fructus</span> <span class='ocrx_word' id='word_1_124' title='bbox 1028 1895 1171 1959; x_wconf 89' lang='lat' dir='ltr'>multum</span> <span class='ocrx_word' id='word_1_125' title='bbox 1187 1917 1206 1958; x_wconf 92' lang='lat' dir='ltr'>a</span> <span class='ocrx_word' id='word_1_126' title='bbox 1220 1895 1324 1978; x_wconf 86' lang='lat' dir='ltr'>gratia·</span> 
     </span>
    </p>
   </div>
   <div class='ocr_carea' id='block_1_3' title="bbox 240 1997 1365 3743">
    <p class='ocr_par' dir='ltr' id='par_1_5' title="bbox 240 1997 607 2078">
     <span class='ocr_line' id='line_1_18' title="bbox 240 1997 607 2078; baseline -0.014 -14"><span class='ocrx_word' id='word_1_127' title='bbox 240 2022 311 2064; x_wconf 94' lang='lat' dir='ltr'>rum</span> <span class='ocrx_word' id='word_1_128' title='bbox 330 1997 460 2063; x_wconf 68' lang='lat' dir='ltr'>adtione</span> <span class='ocrx_word' id='word_1_129' title='bbox 476 1997 607 2078; x_wconf 75' lang='lat' dir='ltr'>pendet,</span> 
     </span>
    </p>

    <p class='ocr_par' dir='ltr' id='par_1_6' title="bbox 240 2096 1365 3206">
     <span class='ocr_line' id='line_1_19' title="bbox 276 2096 1323 2172; baseline 0.002 -20"><span class='ocrx_word' id='word_1_130' title='bbox 276 2115 287 2152; x_wconf 88' lang='lat' dir='ltr'>t</span> <span class='ocrx_word' id='word_1_131' title='bbox 290 2111 329 2167; x_wconf 83' lang='lat'>52.</span> <span class='ocrx_word' id='word_1_132' title='bbox 372 2097 568 2156; x_wconf 85' lang='lat' dir='ltr'>Corollarium</span> <span class='ocrx_word' id='word_1_133' title='bbox 579 2119 589 2153; x_wconf 93' lang='lat'>.·</span> <span class='ocrx_word' id='word_1_134' title='bbox 601 2097 634 2152; x_wconf 83' lang='lat' dir='ltr'>dc</span> <span class='ocrx_word' id='word_1_135' title='bbox 647 2096 800 2168; x_wconf 76' lang='lat' dir='ltr'>rpr’n&#39;fuale&#39;</span> <span class='ocrx_word' id='word_1_136' title='bbox 808 2099 1008 2154; x_wconf 80' lang='lat' dir='ltr'>commum&#39;onc.</span> <span class='ocrx_word' id='word_1_137' title='bbox 1048 2097 1172 2172; x_wconf 85' lang='lat' dir='ltr'>Optima</span> <span class='ocrx_word' id='word_1_138' title='bbox 1185 2116 1253 2157; x_wconf 89' lang='lat' dir='ltr'>sane</span> <span class='ocrx_word' id='word_1_139' title='bbox 1265 2115 1323 2170; x_wconf 70' lang='lat' dir='ltr'>prse-</span> 
     </span>
     <span class='ocr_line' id='line_1_20' title="bbox 240 2183 1365 2260; baseline -0.008 -14"><span class='ocrx_word' id='word_1_140' title='bbox 240 2186 353 2260; x_wconf 87' lang='lat' dir='ltr'>paratio</span> <span class='ocrx_word' id='word_1_141' title='bbox 372 2186 412 2246; x_wconf 89' lang='lat' dir='ltr'>ad</span> <span class='ocrx_word' id='word_1_142' title='bbox 432 2186 615 2258; x_wconf 79' lang='lat' dir='ltr'>frequentem</span> <span class='ocrx_word' id='word_1_143' title='bbox 636 2183 664 2241; x_wconf 90' lang='lat' dir='ltr'>S.</span> <span class='ocrx_word' id='word_1_144' title='bbox 685 2184 877 2242; x_wconf 80' lang='lat' dir='ltr'>Eucharistiae</span> <span class='ocrx_word' id='word_1_145' title='bbox 897 2185 1098 2258; x_wconf 87' lang='lat' dir='ltr'>receptionem</span> <span class='ocrx_word' id='word_1_146' title='bbox 1118 2197 1163 2244; x_wconf 88' lang='lat' dir='ltr'>est</span> <span class='ocrx_word' id='word_1_147' title='bbox 1183 2184 1324 2259; x_wconf 86' lang='lat' dir='ltr'>spiritualis</span> <span class='ocrx_word' id='word_1_148' title='bbox 1364 2199 1365 2204; x_wconf 49' lang='lat'>¹</span> 
     </span>
     <span class='ocr_line' id='line_1_21' title="bbox 240 2233 1365 2347; baseline -0.006 -15"><span class='ocrx_word' id='word_1_149' title='bbox 240 2274 422 2343; x_wconf 91' lang='lat' dir='ltr'>communio,</span> <span class='ocrx_word' id='word_1_150' title='bbox 439 2290 506 2344; x_wconf 88' lang='lat' dir='ltr'>quae</span> <span class='ocrx_word' id='word_1_151' title='bbox 519 2272 653 2330; x_wconf 88' lang='lat' dir='ltr'>consistit</span> <span class='ocrx_word' id='word_1_152' title='bbox 667 2271 695 2328; x_wconf 91' lang='lat' dir='ltr'>in</span> <span class='ocrx_word' id='word_1_153' title='bbox 710 2269 760 2344; x_wconf 91' lang='lat' dir='ltr'>pio</span> <span class='ocrx_word' id='word_1_154' title='bbox 773 2271 921 2331; x_wconf 88' lang='lat' dir='ltr'>desiderio</span> <span class='ocrx_word' id='word_1_155' title='bbox 935 2271 1087 2332; x_wconf 90' lang='lat' dir='ltr'>Christum</span> <span class='ocrx_word' id='word_1_156' title='bbox 1102 2273 1285 2347; x_wconf 85' lang='lat' dir='ltr'>suscipiendi,</span> <span class='ocrx_word' id='word_1_157' title='bbox 1299 2281 1324 2327; x_wconf 90' lang='lat' dir='ltr'>ut</span> <span class='ocrx_word' id='word_1_158' title='bbox 1364 2233 1365 2301; x_wconf 73' lang='grc'>1</span> 
     </span>
     <span class='ocr_line' id='line_1_22' title="bbox 240 2359 1324 2432; baseline -0.008 -10"><span class='ocrx_word' id='word_1_159' title='bbox 240 2363 338 2423; x_wconf 91' lang='lat' dir='ltr'>eidem</span> <span class='ocrx_word' id='word_1_160' title='bbox 349 2361 465 2420; x_wconf 75' lang='lat' dir='ltr'>arfliori</span> <span class='ocrx_word' id='word_1_161' title='bbox 476 2361 595 2418; x_wconf 91' lang='lat' dir='ltr'>vinculo</span> <span class='ocrx_word' id='word_1_162' title='bbox 606 2377 657 2432; x_wconf 89' lang='lat' dir='ltr'>per</span> <span class='ocrx_word' id='word_1_163' title='bbox 666 2361 729 2431; x_wconf 89' lang='lat' dir='ltr'>ejus</span> <span class='ocrx_word' id='word_1_164' title='bbox 740 2360 878 2417; x_wconf 90' lang='lat' dir='ltr'>virtutum</span> <span class='ocrx_word' id='word_1_165' title='bbox 890 2360 1084 2419; x_wconf 86' lang='lat' dir='ltr'>imitationem</span> <span class='ocrx_word' id='word_1_166' title='bbox 1096 2361 1239 2419; x_wconf 88' lang='lat' dir='ltr'>uniamur.</span> <span class='ocrx_word' id='word_1_167' title='bbox 1263 2359 1324 2416; x_wconf 89' lang='lat' dir='ltr'>Tres</span> 
     </span>
     <span class='ocr_line' id='line_1_23' title="bbox 241 2447 1323 2524; baseline -0.005 -16"><span class='ocrx_word' id='word_1_168' title='bbox 241 2450 407 2524; x_wconf 76' lang='lat' dir='ltr'>praecipuos</span> <span class='ocrx_word' id='word_1_169' title='bbox 428 2447 637 2521; x_wconf 74' lang='lat' dir='ltr'>complectitur</span> <span class='ocrx_word' id='word_1_170' title='bbox 657 2447 759 2506; x_wconf 77' lang='lat' dir='ltr'>actus:</span> <span class='ocrx_word' id='word_1_171' title='bbox 787 2451 826 2518; x_wconf 79' lang='grc' dir='ltr'>(ι)</span> <span class='ocrx_word' id='word_1_172' title='bbox 846 2449 945 2506; x_wconf 74' lang='lat' dir='ltr'>actum</span> <span class='ocrx_word' id='word_1_173' title='bbox 966 2447 1072 2507; x_wconf 73' lang='lat' dir='ltr'>vividae</span> <span class='ocrx_word' id='word_1_174' title='bbox 1092 2450 1161 2509; x_wconf 87' lang='lat' dir='ltr'>fidei</span> <span class='ocrx_word' id='word_1_175' title='bbox 1183 2451 1212 2506; x_wconf 92' lang='lat' dir='ltr'>in</span> <span class='ocrx_word' id='word_1_176' title='bbox 1231 2449 1323 2507; x_wconf 85' lang='lat' dir='ltr'>realem</span> 
     </span>
     <span class='ocr_line' id='line_1_24' title="bbox 240 2505 1364 2608; baseline -0.008 -9"><span class='ocrx_word' id='word_1_177' title='bbox 240 2537 350 2599; x_wconf 86' lang='lat' dir='ltr'>Christi</span> <span class='ocrx_word' id='word_1_178' title='bbox 371 2535 577 2608; x_wconf 81' lang='lat' dir='ltr'>praesentiam3</span> <span class='ocrx_word' id='word_1_179' title='bbox 597 2535 636 2605; x_wconf 83' lang='lat' dir='ltr'>(b)</span> <span class='ocrx_word' id='word_1_180' title='bbox 657 2534 736 2606; x_wconf 88' lang='lat' dir='ltr'>piam</span> <span class='ocrx_word' id='word_1_181' title='bbox 756 2534 996 2594; x_wconf 79' lang='lat' dir='ltr'>recollectionem</span> <span class='ocrx_word' id='word_1_182' title='bbox 1015 2535 1211 2608; x_wconf 86' lang='lat' dir='ltr'>spiritualium</span> <span class='ocrx_word' id='word_1_183' title='bbox 1231 2533 1324 2594; x_wconf 88' lang='lat' dir='ltr'>benefi·</span> <span class='ocrx_word' id='word_1_184' title='bbox 1363 2505 1364 2573; x_wconf 76' lang='grc'>1</span> 
     </span>
     <span class='ocr_line' id='line_1_25' title="bbox 240 2621 1324 2694; baseline -0.006 -12"><span class='ocrx_word' id='word_1_185' title='bbox 240 2625 354 2684; x_wconf 92' lang='lat' dir='ltr'>ciorum</span> <span class='ocrx_word' id='word_1_186' title='bbox 368 2640 435 2694; x_wconf 88' lang='lat' dir='ltr'>quae</span> <span class='ocrx_word' id='word_1_187' title='bbox 449 2622 586 2694; x_wconf 91' lang='lat' dir='ltr'>passione</span> <span class='ocrx_word' id='word_1_188' title='bbox 600 2621 653 2679; x_wconf 73' lang='lat' dir='ltr'>sua</span> <span class='ocrx_word' id='word_1_189' title='bbox 667 2623 815 2679; x_wconf 91' lang='lat' dir='ltr'>Dominus</span> <span class='ocrx_word' id='word_1_190' title='bbox 829 2623 943 2693; x_wconf 86' lang='lat' dir='ltr'>meruit,</span> <span class='ocrx_word' id='word_1_191' title='bbox 956 2634 985 2679; x_wconf 88' lang='lat' dir='ltr'>et</span> <span class='ocrx_word' id='word_1_192' title='bbox 996 2621 1025 2678; x_wconf 94' lang='lat' dir='ltr'>in</span> <span class='ocrx_word' id='word_1_193' title='bbox 1036 2626 1117 2680; x_wconf 71' lang='lat' dir='ltr'>sacra</span> <span class='ocrx_word' id='word_1_194' title='bbox 1130 2623 1324 2682; x_wconf 87' lang='lat' dir='ltr'>communione</span> 
     </span>
     <span class='ocr_line' id='line_1_26' title="bbox 241 2709 1363 2783; baseline -0.007 -13"><span class='ocrx_word' id='word_1_195' title='bbox 241 2711 402 2783; x_wconf 90' lang='lat' dir='ltr'>unicuique</span> <span class='ocrx_word' id='word_1_196' title='bbox 416 2719 548 2768; x_wconf 92' lang='lat' dir='ltr'>nostrum</span> <span class='ocrx_word' id='word_1_197' title='bbox 563 2709 700 2780; x_wconf 59' lang='lat' dir='ltr'>largitum</span> <span class='ocrx_word' id='word_1_198' title='bbox 720 2709 904 2780; x_wconf 79' lang='lat' dir='ltr'>(clamorem</span> <span class='ocrx_word' id='word_1_199' title='bbox 920 2727 989 2781; x_wconf 82' lang='lat' dir='ltr'>erga</span> <span class='ocrx_word' id='word_1_200' title='bbox 1007 2709 1168 2780; x_wconf 90' lang='lat' dir='ltr'>Christum,</span> <span class='ocrx_word' id='word_1_201' title='bbox 1185 2723 1214 2769; x_wconf 90' lang='lat' dir='ltr'>et</span> <span class='ocrx_word' id='word_1_202' title='bbox 1225 2709 1322 2768; x_wconf 86' lang='lat' dir='ltr'>deside·</span> <span class='ocrx_word' id='word_1_203' title='bbox 1362 2759 1363 2762; x_wconf 74' lang='grc'>,</span> 
     </span>
     <span class='ocr_line' id='line_1_27' title="bbox 241 2775 1363 2870; baseline -0.007 -13"><span class='ocrx_word' id='word_1_204' title='bbox 241 2801 316 2857; x_wconf 92' lang='lat' dir='ltr'>rium</span> <span class='ocrx_word' id='word_1_205' title='bbox 330 2816 398 2856; x_wconf 94' lang='lat' dir='ltr'>eum</span> <span class='ocrx_word' id='word_1_206' title='bbox 413 2798 441 2854; x_wconf 92' lang='lat' dir='ltr'>in</span> <span class='ocrx_word' id='word_1_207' title='bbox 456 2795 484 2854; x_wconf 90' lang='lat' dir='ltr'>S.</span> <span class='ocrx_word' id='word_1_208' title='bbox 499 2795 692 2864; x_wconf 76' lang='lat' dir='ltr'>Eucharistift,</span> <span class='ocrx_word' id='word_1_209' title='bbox 707 2795 730 2852; x_wconf 92' lang='lat' dir='ltr'>si</span> <span class='ocrx_word' id='word_1_210' title='bbox 750 2795 811 2853; x_wconf 85' lang='lat' dir='ltr'>fieri</span> <span class='ocrx_word' id='word_1_211' title='bbox 831 2796 932 2868; x_wconf 89' lang='lat' dir='ltr'>possit,</span> <span class='ocrx_word' id='word_1_212' title='bbox 946 2797 1116 2868; x_wconf 89' lang='lat' dir='ltr'>recipiendi,</span> <span class='ocrx_word' id='word_1_213' title='bbox 1134 2809 1166 2856; x_wconf 91' lang='lat' dir='ltr'>ut</span> <span class='ocrx_word' id='word_1_214' title='bbox 1178 2799 1240 2870; x_wconf 86' lang='lat' dir='ltr'>ejus</span> <span class='ocrx_word' id='word_1_215' title='bbox 1251 2797 1323 2852; x_wconf 88' lang='lat' dir='ltr'>virtu·</span> <span class='ocrx_word' id='word_1_216' title='bbox 1362 2775 1363 2843; x_wconf 84' lang='grc'>1</span> 
     </span>
     <span class='ocr_line' id='line_1_28' title="bbox 242 2882 1321 2958; baseline -0.009 -13"><span class='ocrx_word' id='word_1_217' title='bbox 242 2900 303 2945; x_wconf 92' lang='lat' dir='ltr'>tum</span> <span class='ocrx_word' id='word_1_218' title='bbox 327 2884 486 2958; x_wconf 85' lang='lat' dir='ltr'>participes</span> <span class='ocrx_word' id='word_1_219' title='bbox 506 2883 612 2949; x_wconf 70' lang='lat' dir='ltr'>effecti,</span> <span class='ocrx_word' id='word_1_220' title='bbox 634 2882 731 2940; x_wconf 92' lang='lat' dir='ltr'>eidem</span> <span class='ocrx_word' id='word_1_221' title='bbox 754 2882 893 2940; x_wconf 88' lang='lat' dir='ltr'>simillimi</span> <span class='ocrx_word' id='word_1_222' title='bbox 915 2882 1082 2942; x_wconf 88' lang='lat' dir='ltr'>reddamur.</span> <span class='ocrx_word' id='word_1_223' title='bbox 1122 2883 1199 2958; x_wconf 83' lang='lat' dir='ltr'>Qure</span> <span class='ocrx_word' id='word_1_224' title='bbox 1217 2882 1321 2956; x_wconf 87' lang='lat' dir='ltr'>quiden</span> 
     </span>
     <span class='ocr_line' id='line_1_29' title="bbox 242 2968 1318 3044; baseline -0.005 -13"><span class='ocrx_word' id='word_1_225' title='bbox 242 2975 364 3033; x_wconf 89' lang='lat' dir='ltr'>feliciter</span> <span class='ocrx_word' id='word_1_226' title='bbox 377 2989 513 3044; x_wconf 86' lang='lat' dir='ltr'>expressa</span> <span class='ocrx_word' id='word_1_227' title='bbox 527 2971 658 3030; x_wconf 89' lang='lat' dir='ltr'>invenire</span> <span class='ocrx_word' id='word_1_228' title='bbox 672 2982 715 3028; x_wconf 90' lang='lat' dir='ltr'>est</span> <span class='ocrx_word' id='word_1_229' title='bbox 730 2971 758 3027; x_wconf 92' lang='lat' dir='ltr'>in</span> <span class='ocrx_word' id='word_1_230' title='bbox 772 2969 904 3029; x_wconf 86' lang='lat' dir='ltr'>oratione</span> <span class='ocrx_word' id='word_1_231' title='bbox 920 2977 938 3000; x_wconf 87' lang='lat'>“</span> <span class='ocrx_word' id='word_1_232' title='bbox 950 2971 978 3030; x_wconf 94' lang='grc' dir='ltr'>Ο</span> <span class='ocrx_word' id='word_1_233' title='bbox 992 2971 1061 3044; x_wconf 90' lang='lat' dir='ltr'>Jesu</span> <span class='ocrx_word' id='word_1_234' title='bbox 1075 2972 1177 3030; x_wconf 89' lang='lat' dir='ltr'>vivens</span> <span class='ocrx_word' id='word_1_235' title='bbox 1191 2973 1218 3029; x_wconf 95' lang='lat' dir='ltr'>in</span> <span class='ocrx_word' id='word_1_236' title='bbox 1234 2968 1318 3028; x_wconf 76' lang='lat' dir='ltr'>Marii.</span> 
     </span>
     <span class='ocr_line' id='line_1_30' title="bbox 241 3057 1322 3133; baseline -0.009 -13"><span class='ocrx_word' id='word_1_237' title='bbox 241 3062 307 3120; x_wconf 90' lang='lat' dir='ltr'>veni</span> <span class='ocrx_word' id='word_1_238' title='bbox 322 3071 351 3119; x_wconf 92' lang='lat' dir='ltr'>et</span> <span class='ocrx_word' id='word_1_239' title='bbox 364 3061 428 3118; x_wconf 92' lang='lat' dir='ltr'>vive</span> <span class='ocrx_word' id='word_1_240' title='bbox 442 3059 471 3115; x_wconf 93' lang='lat' dir='ltr'>in</span> <span class='ocrx_word' id='word_1_241' title='bbox 486 3059 601 3116; x_wconf 90' lang='lat' dir='ltr'>famulis</span> <span class='ocrx_word' id='word_1_242' title='bbox 616 3058 735 3126; x_wconf 89' lang='lat' dir='ltr'>tuis...”‚</span> <span class='ocrx_word' id='word_1_243' title='bbox 749 3076 816 3130; x_wconf 85' lang='lat' dir='ltr'>quae</span> <span class='ocrx_word' id='word_1_244' title='bbox 830 3059 859 3114; x_wconf 92' lang='lat' dir='ltr'>in</span> <span class='ocrx_word' id='word_1_245' title='bbox 873 3058 1043 3116; x_wconf 86' lang='lat' dir='ltr'>Seminariis</span> <span class='ocrx_word' id='word_1_246' title='bbox 1063 3059 1091 3118; x_wconf 90' lang='lat' dir='ltr'>S.</span> <span class='ocrx_word' id='word_1_247' title='bbox 1108 3060 1222 3133; x_wconf 89' lang='lat' dir='ltr'>Sulpitii</span> <span class='ocrx_word' id='word_1_248' title='bbox 1236 3060 1262 3115; x_wconf 91' lang='lat' dir='ltr'>in</span> <span class='ocrx_word' id='word_1_249' title='bbox 1275 3057 1322 3112; x_wconf 87' lang='lat' dir='ltr'>linc</span> 
     </span>
     <span class='ocr_line' id='line_1_31' title="bbox 242 3146 601 3206; baseline -0.014 0"><span class='ocrx_word' id='word_1_250' title='bbox 242 3146 444 3206; x_wconf 88' lang='lat' dir='ltr'>meditationis</span> <span class='ocrx_word' id='word_1_251' title='bbox 458 3146 601 3203; x_wconf 78' lang='lat' dir='ltr'>recitatur,</span> 
     </span>
    </p>

    <p class='ocr_par' dir='ltr' id='par_1_7' title="bbox 241 3231 1361 3743">
     <span class='ocr_line' id='line_1_32' title="bbox 276 3231 1320 3305; baseline -0.01 -12"><span class='ocrx_word' id='word_1_252' title='bbox 276 3233 460 3295; x_wconf 91' lang='lat' dir='ltr'>Communio</span> <span class='ocrx_word' id='word_1_253' title='bbox 473 3231 631 3303; x_wconf 88' lang='lat' dir='ltr'>spiritualis</span> <span class='ocrx_word' id='word_1_254' title='bbox 644 3232 726 3288; x_wconf 92' lang='lat' dir='ltr'>omni</span> <span class='ocrx_word' id='word_1_255' title='bbox 741 3241 876 3303; x_wconf 90' lang='lat' dir='ltr'>tempore</span> <span class='ocrx_word' id='word_1_256' title='bbox 894 3243 923 3290; x_wconf 89' lang='lat' dir='ltr'>et</span> <span class='ocrx_word' id='word_1_257' title='bbox 943 3233 1009 3290; x_wconf 90' lang='lat' dir='ltr'>loco</span> <span class='ocrx_word' id='word_1_258' title='bbox 1023 3232 1083 3290; x_wconf 90' lang='lat' dir='ltr'>fieri</span> <span class='ocrx_word' id='word_1_259' title='bbox 1099 3243 1204 3305; x_wconf 87' lang='lat' dir='ltr'>potest,</span> <span class='ocrx_word' id='word_1_260' title='bbox 1221 3246 1320 3304; x_wconf 88' lang='lat' dir='ltr'>praeser·</span> 
     </span>
     <span class='ocr_line' id='line_1_33' title="bbox 241 3317 1361 3392; baseline -0.004 -10"><span class='ocrx_word' id='word_1_261' title='bbox 241 3324 293 3382; x_wconf 92' lang='lat' dir='ltr'>tim</span> <span class='ocrx_word' id='word_1_262' title='bbox 305 3340 375 3380; x_wconf 87' lang='lat' dir='ltr'>vero</span> <span class='ocrx_word' id='word_1_263' title='bbox 385 3319 507 3392; x_wconf 86' lang='lat' dir='ltr'>quando</span> <span class='ocrx_word' id='word_1_264' title='bbox 518 3319 583 3390; x_wconf 89' lang='lat' dir='ltr'>quis</span> <span class='ocrx_word' id='word_1_265' title='bbox 596 3319 696 3376; x_wconf 76' lang='lat' dir='ltr'>Missae</span> <span class='ocrx_word' id='word_1_266' title='bbox 707 3319 823 3388; x_wconf 86' lang='lat' dir='ltr'>assistit,</span> <span class='ocrx_word' id='word_1_267' title='bbox 834 3319 878 3376; x_wconf 90' lang='lat' dir='ltr'>vel</span> <span class='ocrx_word' id='word_1_268' title='bbox 889 3319 1115 3378; x_wconf 72' lang='lat' dir='ltr'>Sandlissimum</span> <span class='ocrx_word' id='word_1_269' title='bbox 1125 3321 1229 3378; x_wconf 89' lang='lat' dir='ltr'>visitat.</span> <span class='ocrx_word' id='word_1_270' title='bbox 1262 3317 1319 3373; x_wconf 85' lang='lat' dir='ltr'>Hoc</span> <span class='ocrx_word' id='word_1_271' title='bbox 1360 3373 1361 3378; x_wconf 73' lang='grc'>,</span> 
     </span>
     <span class='ocr_line' id='line_1_34' title="bbox 241 3405 1319 3480; baseline -0.012 -10"><span class='ocrx_word' id='word_1_272' title='bbox 241 3409 379 3470; x_wconf 90' lang='lat' dir='ltr'>exercitio</span> <span class='ocrx_word' id='word_1_273' title='bbox 393 3407 555 3464; x_wconf 72' lang='lat' dir='ltr'>innumerae</span> <span class='ocrx_word' id='word_1_274' title='bbox 568 3406 740 3463; x_wconf 88' lang='lat' dir='ltr'>obtinentur</span> <span class='ocrx_word' id='word_1_275' title='bbox 750 3405 858 3477; x_wconf 71' lang='lat' dir='ltr'>gratie,</span> <span class='ocrx_word' id='word_1_276' title='bbox 868 3425 960 3478; x_wconf 92' lang='lat' dir='ltr'>quum</span> <span class='ocrx_word' id='word_1_277' title='bbox 977 3408 1058 3466; x_wconf 89' lang='lat' dir='ltr'>Deus</span> <span class='ocrx_word' id='word_1_278' title='bbox 1073 3409 1120 3480; x_wconf 86' lang='lat' dir='ltr'>pia</span> <span class='ocrx_word' id='word_1_279' title='bbox 1133 3426 1247 3466; x_wconf 88' lang='lat' dir='ltr'>suorum</span> <span class='ocrx_word' id='word_1_280' title='bbox 1259 3405 1319 3462; x_wconf 88' lang='lat' dir='ltr'>desi-</span> 
     </span>
     <span class='ocr_line' id='line_1_35' title="bbox 241 3493 1320 3566; baseline -0.007 -10"><span class='ocrx_word' id='word_1_281' title='bbox 241 3498 322 3556; x_wconf 88' lang='lat' dir='ltr'>deria</span> <span class='ocrx_word' id='word_1_282' title='bbox 334 3494 485 3566; x_wconf 92' lang='lat' dir='ltr'>complere</span> <span class='ocrx_word' id='word_1_283' title='bbox 499 3510 559 3549; x_wconf 94' lang='lat' dir='ltr'>non</span> <span class='ocrx_word' id='word_1_284' title='bbox 572 3493 759 3564; x_wconf 83' lang='lat' dir='ltr'>dedignetur,</span> <span class='ocrx_word' id='word_1_285' title='bbox 775 3502 803 3550; x_wconf 93' lang='lat' dir='ltr'>et</span> <span class='ocrx_word' id='word_1_286' title='bbox 818 3493 847 3549; x_wconf 92' lang='lat' dir='ltr'>in</span> <span class='ocrx_word' id='word_1_287' title='bbox 861 3496 941 3551; x_wconf 68' lang='lat' dir='ltr'>sacra</span> <span class='ocrx_word' id='word_1_288' title='bbox 954 3497 1166 3553; x_wconf 89' lang='lat' dir='ltr'>communione</span> <span class='ocrx_word' id='word_1_289' title='bbox 1179 3513 1214 3553; x_wconf 93' lang='lat' dir='ltr'>eo</span> <span class='ocrx_word' id='word_1_290' title='bbox 1226 3493 1320 3564; x_wconf 71' lang='lat' dir='ltr'>malon</span> 
     </span>
     <span class='ocr_line' id='line_1_36' title="bbox 242 3579 1319 3652; baseline -0.009 -10"><span class='ocrx_word' id='word_1_291' title='bbox 242 3583 386 3642; x_wconf 82' lang='lat' dir='ltr'>beneficia</span> <span class='ocrx_word' id='word_1_292' title='bbox 404 3581 543 3652; x_wconf 85' lang='lat' dir='ltr'>largiatur</span> <span class='ocrx_word' id='word_1_293' title='bbox 561 3597 622 3650; x_wconf 91' lang='lat' dir='ltr'>quo</span> <span class='ocrx_word' id='word_1_294' title='bbox 642 3579 799 3636; x_wconf 86' lang='lat' dir='ltr'>ferventius</span> <span class='ocrx_word' id='word_1_295' title='bbox 816 3591 918 3652; x_wconf 84' lang='lat' dir='ltr'>optata</span> <span class='ocrx_word' id='word_1_296' title='bbox 932 3582 1056 3640; x_wconf 91' lang='lat' dir='ltr'>fuerint:</span> <span class='ocrx_word' id='word_1_297' title='bbox 1076 3587 1092 3610; x_wconf 82' lang='lat'>‘¹</span> <span class='ocrx_word' id='word_1_298' title='bbox 1103 3583 1266 3640; x_wconf 86' lang='lat' dir='ltr'>Esurientes</span> <span class='ocrx_word' id='word_1_299' title='bbox 1278 3579 1319 3634; x_wconf 90' lang='lat' dir='ltr'>im·</span> 
     </span>
     <span class='ocr_line' id='line_1_37' title="bbox 241 3664 1073 3743; baseline -0.002 -16"><span class='ocrx_word' id='word_1_300' title='bbox 241 3670 331 3743; x_wconf 90' lang='lat' dir='ltr'>plevit</span> <span class='ocrx_word' id='word_1_301' title='bbox 345 3668 439 3737; x_wconf 89' lang='lat' dir='ltr'>honis,</span> <span class='ocrx_word' id='word_1_302' title='bbox 457 3676 486 3724; x_wconf 92' lang='lat' dir='ltr'>et</span> <span class='ocrx_word' id='word_1_303' title='bbox 499 3666 604 3724; x_wconf 89' lang='lat' dir='ltr'>divites</span> <span class='ocrx_word' id='word_1_304' title='bbox 618 3664 729 3723; x_wconf 93' lang='lat' dir='ltr'>dimisit</span> <span class='ocrx_word' id='word_1_305' title='bbox 743 3667 845 3724; x_wconf 86' lang='lat' dir='ltr'>inanes</span> <span class='ocrx_word' id='word_1_306' title='bbox 856 3667 871 3692; x_wconf 87' lang='lat'>&#39;&#39;</span> <span class='ocrx_word' id='word_1_307' title='bbox 884 3669 963 3736; x_wconf 86' lang='lat' dir='ltr'>(Luc.</span> <span class='ocrx_word' id='word_1_308' title='bbox 978 3669 1002 3738; x_wconf 93' lang='lat' dir='ltr'>I,</span> <span class='ocrx_word' id='word_1_309' title='bbox 1021 3671 1073 3740; x_wconf 82' lang='lat'><strong>53).</strong></span> 
     </span>
    </p>
   </div>
   <div class='ocr_carea' id='block_1_4' title="bbox 240 3846 1359 4352">
    <p class='ocr_par' dir='ltr' id='par_1_8' title="bbox 240 3846 1359 4352">
     <span class='ocr_line' id='line_1_38' title="bbox 240 3846 1359 3931; baseline -0.012 -26"><span class='ocrx_word' id='word_1_310' title='bbox 240 3855 283 3906; x_wconf 90' lang='lat' dir='ltr'>rit.</span> <span class='ocrx_word' id='word_1_311' title='bbox 313 3853 417 3907; x_wconf 85' lang='lat' dir='ltr'>Verum</span> <span class='ocrx_word' id='word_1_312' title='bbox 428 3855 474 3924; x_wconf 91' lang='lat' dir='ltr'>qui</span> <span class='ocrx_word' id='word_1_313' title='bbox 485 3855 627 3908; x_wconf 84' lang='lat' dir='ltr'>licentiam</span> <span class='ocrx_word' id='word_1_314' title='bbox 638 3853 835 3908; x_wconf 86' lang='lat' dir='ltr'>aconfessario</span> <span class='ocrx_word' id='word_1_315' title='bbox 845 3851 994 3906; x_wconf 90' lang='lat' dir='ltr'>obtinuerit</span> <span class='ocrx_word' id='word_1_316' title='bbox 1005 3850 1198 3918; x_wconf 82' lang='lat' dir='ltr'>frequentioris</span> <span class='ocrx_word' id='word_1_317' title='bbox 1208 3866 1238 3903; x_wconf 90' lang='lat' dir='ltr'>ac</span> <span class='ocrx_word' id='word_1_318' title='bbox 1248 3846 1316 3901; x_wconf 83' lang='lat' dir='ltr'>etinnr</span> <span class='ocrx_word' id='word_1_319' title='bbox 1358 3879 1359 3931; x_wconf 65' lang='lat'>,</span> 
     </span>
     <span class='ocr_line' id='line_1_39' title="bbox 241 3937 1358 4007; baseline -0.004 -16"><span class='ocrx_word' id='word_1_320' title='bbox 241 3939 412 4007; x_wconf 85' lang='lat' dir='ltr'>quotidinnae</span> <span class='ocrx_word' id='word_1_321' title='bbox 434 3941 647 4006; x_wconf 88' lang='lat' dir='ltr'>communionis,</span> <span class='ocrx_word' id='word_1_322' title='bbox 670 3941 705 3992; x_wconf 92' lang='lat' dir='ltr'>de</span> <span class='ocrx_word' id='word_1_323' title='bbox 728 3941 781 3994; x_wconf 92' lang='lat' dir='ltr'>hoc</span> <span class='ocrx_word' id='word_1_324' title='bbox 803 3939 948 3993; x_wconf 85' lang='lat' dir='ltr'>certiorem</span> <span class='ocrx_word' id='word_1_325' title='bbox 971 3938 1088 3992; x_wconf 84' lang='lat' dir='ltr'>reddere</span> <span class='ocrx_word' id='word_1_326' title='bbox 1108 3937 1269 4007; x_wconf 90' lang='lat' dir='ltr'>superiorem</span> <span class='ocrx_word' id='word_1_327' title='bbox 1286 3945 1315 3982; x_wconf 83' lang='lat' dir='ltr'>te·</span> <span class='ocrx_word' id='word_1_328' title='bbox 1357 3989 1358 3996; x_wconf 42' lang='lat'>,</span> 
     </span>
     <span class='ocr_line' id='line_1_40' title="bbox 242 4025 1315 4095; baseline -0.004 -19"><span class='ocrx_word' id='word_1_329' title='bbox 242 4035 358 4086; x_wconf 87' lang='lat' dir='ltr'>neatur;</span> <span class='ocrx_word' id='word_1_330' title='bbox 377 4027 452 4092; x_wconf 92' lang='lat' dir='ltr'>quod</span> <span class='ocrx_word' id='word_1_331' title='bbox 466 4028 488 4078; x_wconf 89' lang='lat' dir='ltr'>si</span> <span class='ocrx_word' id='word_1_332' title='bbox 504 4029 548 4078; x_wconf 90' lang='lat' dir='ltr'>hic</span> <span class='ocrx_word' id='word_1_333' title='bbox 558 4028 649 4095; x_wconf 81' lang='lat' dir='ltr'>justas</span> <span class='ocrx_word' id='word_1_334' title='bbox 662 4043 818 4095; x_wconf 80' lang='lat' dir='ltr'>gravesque</span> <span class='ocrx_word' id='word_1_335' title='bbox 832 4042 932 4079; x_wconf 86' lang='lat' dir='ltr'>causas</span> <span class='ocrx_word' id='word_1_336' title='bbox 952 4042 982 4077; x_wconf 91' lang='lat' dir='ltr'>se</span> <span class='ocrx_word' id='word_1_337' title='bbox 1001 4025 1106 4078; x_wconf 89' lang='lat' dir='ltr'>habere</span> <span class='ocrx_word' id='word_1_338' title='bbox 1120 4033 1224 4094; x_wconf 91' lang='lat' dir='ltr'>reputet</span> <span class='ocrx_word' id='word_1_339' title='bbox 1237 4027 1315 4074; x_wconf 64' lang='lat' dir='ltr'>contra</span> 
     </span>
     <span class='ocr_line' id='line_1_41' title="bbox 241 4109 1358 4201; baseline -0.004 -39"><span class='ocrx_word' id='word_1_340' title='bbox 241 4109 441 4177; x_wconf 87' lang='lat' dir='ltr'>frequentiores</span> <span class='ocrx_word' id='word_1_341' title='bbox 467 4112 624 4179; x_wconf 88' lang='lat' dir='ltr'>hujusmodi</span> <span class='ocrx_word' id='word_1_342' title='bbox 651 4113 870 4176; x_wconf 88' lang='lat' dir='ltr'>communiones,</span> <span class='ocrx_word' id='word_1_343' title='bbox 892 4127 940 4165; x_wconf 89' lang='lat' dir='ltr'>eas</span> <span class='ocrx_word' id='word_1_344' title='bbox 962 4111 1134 4165; x_wconf 88' lang='lat' dir='ltr'>confessario</span> <span class='ocrx_word' id='word_1_345' title='bbox 1159 4109 1314 4164; x_wconf 81' lang='lat' dir='ltr'>manifestare</span> <span class='ocrx_word' id='word_1_346' title='bbox 1357 4133 1358 4201; x_wconf 51' lang='lat' dir='ltr'>q</span> 
     </span>
     <span class='ocr_line' id='line_1_42' title="bbox 242 4193 1313 4270; baseline 0 -23"><span class='ocrx_word' id='word_1_347' title='bbox 242 4205 378 4260; x_wconf 88' lang='lat' dir='ltr'>teneatur,</span> <span class='ocrx_word' id='word_1_348' title='bbox 409 4197 487 4264; x_wconf 89' lang='lat' dir='ltr'>cujus</span> <span class='ocrx_word' id='word_1_349' title='bbox 515 4199 620 4266; x_wconf 88' lang='lat' dir='ltr'>judicio</span> <span class='ocrx_word' id='word_1_350' title='bbox 651 4201 886 4270; x_wconf 87' lang='lat' dir='ltr'>acquiescendum</span> <span class='ocrx_word' id='word_1_351' title='bbox 914 4199 1028 4252; x_wconf 91' lang='lat' dir='ltr'>omnino</span> <span class='ocrx_word' id='word_1_352' title='bbox 1052 4198 1137 4252; x_wconf 87' lang='lat' dir='ltr'>erit”.</span> <span class='ocrx_word' id='word_1_353' title='bbox 1176 4195 1221 4266; x_wconf 86' lang='lat' dir='ltr'>(S.</span> <span class='ocrx_word' id='word_1_354' title='bbox 1248 4193 1313 4258; x_wconf 68' lang='lat' dir='ltr'>t&#39;rug·</span> 
     </span>
     <span class='ocr_line' id='line_1_43' title="bbox 255 4279 724 4352; baseline 0.019 -22"><span class='ocrx_word' id='word_1_355' title='bbox 255 4279 370 4348; x_wconf 62' lang='lat' dir='ltr'>ipr&#39;scop.</span> <span class='ocrx_word' id='word_1_356' title='bbox 385 4287 412 4332; x_wconf 87' lang='lat' dir='ltr'>ef</span> <span class='ocrx_word' id='word_1_357' title='bbox 424 4283 488 4350; x_wconf 64' lang='lat' dir='ltr'>Rtt&#39;·</span> <span class='ocrx_word' id='word_1_358' title='bbox 508 4296 535 4346; x_wconf 83' lang='lat'>17</span> <span class='ocrx_word' id='word_1_359' title='bbox 552 4286 619 4338; x_wconf 88' lang='lat' dir='ltr'>Dec.</span> <span class='ocrx_word' id='word_1_360' title='bbox 636 4287 724 4352; x_wconf 87' lang='lat'>1890.)</span> 
     </span>
    </p>
   </div>
   <div class='ocr_carea' id='block_1_5' title="bbox 0 0 1381 4648">
    <p class='ocr_par' dir='ltr' id='par_1_9' title="bbox 0 0 1381 4648">
     <span class='ocr_line' id='line_1_44' title="bbox 0 0 1381 4648; baseline 0 0"><span class='ocrx_word' id='word_1_361' title='bbox 0 0 1381 4648; x_wconf 95' lang='lat' dir='ltr'> </span> 
     </span>
    </p>
   </div>
  </div>
 </body>
</html>
