2752 4648
257 149 325 200 352
714 145 852 196 CAPUT
869 147 896 194 1.

259 327 396 404 inter'nd,
415 351 469 393 seu
490 328 711 411 aptitudinali,
731 329 789 392 sed
805 349 868 391 non
886 349 957 390 cum
976 327 1160 408 quantitate
1178 345 1229 386 seu
1246 330 1335 384 extru-

259 434 346 497 sione
359 433 484 496 abinali
495 443 526 495 et
539 430 677 508 externat.

306 538 477 619 Siquidem
489 537 658 619 quantitas
668 537 795 599 interna
801 533 953 596 consistit
963 533 996 595 in
1006 531 1231 596 divisibilitate
1242 526 1336 591 etdis·

260 642 440 705 tributione
455 643 608 723 partium,
623 641 670 704 ita
690 649 727 703 ut
749 658 816 701 una
834 657 911 719 pars
931 637 975 700 ab
994 637 1098 700 altera
1118 635 1336 714 distinguatur,

260 754 294 806 et
316 745 387 806 haec
410 745 578 825 quantitas
601 744 717 806 existit
740 742 772 804 in
796 761 933 822 corpore
956 740 1078 804 Christi
1101 739 1164 802 sub
1185 735 1335 818 speciebus

261 847 484 909 eucharisticis
510 856 762 917 contentonon
789 847 923 926 quidem
950 846 989 908 vi
1011 844 1190 917 verborum,
1212 841 1266 903 sed
1291 857 1335 918 per

260 950 536 1012 concomitantiam
545 973 560 1026 ,·
587 971 663 1012 nam
685 949 751 1012 tale
769 970 889 1031 corpus
905 960 956 1012 est
977 968 1096 1030 corpus
1119 944 1335 1028 organizatum

261 1053 354 1134 cujus
367 1054 517 1118 membra
528 1064 606 1116 sunt
618 1056 661 1116 ab
673 1055 810 1116 invicem
826 1051 984 1116 distincta
996 1061 1029 1114 et
1041 1053 1073 1113 in
1087 1050 1219 1132 proprio
1230 1047 1336 1114 ordine,

261 1159 308 1219 ita
330 1168 367 1221 ut
381 1179 411 1222 v.
427 1179 455 1239 g.
472 1167 573 1240 caput
596 1155 813 1220 connectatur
834 1157 928 1232 collo,
943 1155 1064 1218 collum
1087 1163 1199 1217 autem
1221 1147 1336 1232 pectori.

262 1260 442 1342 Quantitas
458 1270 569 1324 autem
586 1271 724 1334 externa,
739 1261 890 1322 consistit
911 1260 942 1320 in
964 1256 1197 1321 distributione
1211 1254 1335 1336 partium

261 1365 294 1440 in
311 1363 384 1427 loco
401 1365 446 1427 ita
461 1375 498 1428 ut
514 1364 652 1445 singulae
675 1371 785 1445 partes
809 1362 1031 1442 respondeant
1051 1358 1189 1441 singulis
1205 1357 1264 1420 loci
1278 1374 1337 1437 par-

262 1465 371 1540 tibus;
394 1466 464 1528 haec
486 1467 654 1547 quantitas
678 1485 744 1527 non
768 1466 884 1527 existit
907 1466 938 1528 in
963 1484 1100 1546 corpore
1117 1461 1235 1526 Christi
1255 1457 1338 1539 quale

262 1570 428 1632 invenitur
451 1571 483 1632 in
510 1570 737 1649 Eucharisti53
763 1589 806 1631 ex
831 1567 927 1632 dic'tis
950 1567 1038 1631 enim
1065 1566 1137 1647 ejus
1161 1583 1275 1645 corpus
1297 1568 1336 1620 est

262 1680 370 1734 totum
388 1674 450 1735 sub
470 1675 608 1755 singulis
626 1673 775 1755 partibus
795 1673 955 1755 cujusque
970 1670 1111 1753 speciei;
1130 1669 1221 1749 atqui
1235 1683 1337 1745 corpus

261 1775 433 1838 adualiter
452 1786 614 1839 extensum
638 1797 704 1839 non
729 1786 839 1858 potest
863 1779 1006 1839 existere
1030 1785 1138 1838 totum
1165 1773 1196 1834 in
1219 1768 1337 1834 diversis

262 1877 417 1957 partibus,
441 1881 499 1942 sed
527 1880 724 1944 diffunditur
749 1901 808 1963 per
834 1882 987 1962 spatium,
1014 1880 1060 1942 ita
1086 1888 1123 1940 ut
1149 1885 1257 1958 partes
1280 1871 1337 1951 ejus

261 1981 358 2043 variis
374 1984 472 2064 spatii
489 1985 638 2072 partibus
654 1988 894 2068 respondeant;
914 2004 993 2066 ergo
1015 1990 1163 2045 remanet
1184 1987 1219 2042 ut
1235 1994 1338 2058 corpus

262 2084 383 2148 Christi
406 2107 472 2148 non
492 2088 535 2149 sit
554 2085 727 2151 adtualiter
745 2099 922 2151 extensum
943 2088 1005 2151 sub
1023 2085 1196 2167 speciebus
1210 2080 1337 2146 euchari·

261 2185 359 2248 sticis.
405 2187 476 2249 Nec
488 2187 617 2250 dicatur
632 2190 695 2251 hoc
710 2210 782 2252 esse
798 2189 1022 2270 impossibile;
1043 2210 1120 2253 nam
1137 2187 1291 2271 quidquid
1305 2184 1337 2246 ad

262 2289 307 2350 rei
322 2291 500 2352 essentiam
517 2310 584 2352 non
605 2293 757 2372 pertinet,
773 2294 815 2354 ab
830 2296 878 2367 eb,
896 2294 971 2355 Deo
989 2295 1035 2356 sic
1057 2293 1198 2368 volente,
1213 2288 1338 2373 separari

262 2403 392 2473 potest;
416 2395 507 2474 atqui
530 2395 668 2458 actuale
690 2397 827 2459 extensio
849 2397 891 2457 ad
918 2397 1063 2477 corporis
1089 2397 1264 2459 essentiam
1284 2410 1338 2454 non

262 2496 432 2575 pertinet1,
444 2499 500 2560 sed
518 2509 567 2560 est
584 2508 714 2562 tantum
731 2519 796 2563 una
812 2521 855 2562 ex
871 2498 942 2579 ejus
958 2497 1162 2561 naturalibus
1178 2496 1339 2580 proprieta-

262 2599 370 2675 tibus;
400 2611 511 2681 potest
540 2602 629 2664 enim
659 2622 778 2684 corpus
808 2601 936 2683 concipi
968 2621 1043 2664 cum
1074 2601 1145 2663 sola
1171 2600 1339 2682 quantitate

262 2702 402 2780 interna,
421 2710 486 2786 qua
506 2705 706 2770 sufficienter
726 2726 746 2767 a
765 2705 934 2787 spiritibus
958 2703 1194 2784 distinguitur;
1220 2712 1340 2764 externa

261 2805 362 2886 igitur
385 2810 538 2872 extensio
562 2819 672 2891 potest
697 2831 717 2870 a
743 2827 879 2889 corpore
903 2806 1056 2888 separari,
1080 2806 1165 2868 sicut
1190 2823 1295 2868 revera
1313 2800 1339 2861 in

297 3035 445 3104 lCorpora
463 3053 519 3090 non
538 3055 600 3090 esse
620 3037 779 3092 necessario
798 3037 882 3091 locali
897 3038 1054 3090 extensione
1072 3037 1192 3106 praedita
1210 3035 1341 3092 admittunt

262 3135 317 3172 non
332 3121 421 3174 solum
435 3123 600 3178 Scholastici
614 3141 721 3188 omnes,
738 3123 887 3178 sedetiam
903 3125 1081 3192 Dynamrttoe,
1099 3134 1163 3192 post
1177 3122 1340 3178 Leibnirzium

262 3216 289 3260 et
305 3207 448 3270 Kantiunr,
464 3210 509 3278 qui
523 3222 619 3264 tenent
632 3228 751 3280 corpora
770 3210 922 3265 inextensis
935 3209 1042 3264 viribus
1059 3221 1198 3278 constare,
1211 3210 1265 3264 irno
1276 3204 1340 3262 multi

261 3291 388 3346 moderni
411 3293 568 3363 philosophi
592 3307 619 3349 et
640 3295 757 3363 physici,
780 3312 898 3364 quorum
921 3295 1081 3350 testimonia
1103 3295 1198 3349 videre
1220 3305 1260 3348 est
1280 3289 1341 3362 apud

263 3380 427 3448 Dalqairnn
441 3399 486 3452 op.
500 3383 543 3436 cit.
559 3401 583 3452 p.
597 3385 630 3448 36
643 3399 695 3452 sq,
709 3385 760 3448 418
774 3399 815 3452 sq.
856 3383 1059 3436 Contradicunr
1073 3382 1188 3452 quidem
1203 3377 1344 3437 cortesiani

261 3477 288 3520 et
308 3468 456 3521 Atomistce
475 3471 608 3536 nonnulli,
626 3471 703 3538 juxta
722 3486 792 3538 quos
812 3485 912 3538 corpus
931 3479 974 3522 est
993 3469 1180 3523 essentialiter
1199 3479 1340 3524 extensum

262 3555 345 3619 unde,
354 3555 432 3624 juxta
443 3555 527 3624 ipsos,
536 3573 635 3626 corpus
648 3556 760 3621 Christi,
770 3573 826 3609 non
840 3557 922 3624 quale
935 3554 1027 3609 existit
1039 3556 1067 3608 in
1081 3557 1163 3618 coelo,
1176 3555 1226 3610 sed
1239 3555 1272 3607 nd
1285 3567 1339 3622 pun·

261 3640 337 3695 c'tum
359 3642 592 3713 microscopicum
618 3641 771 3711 redut‘lum,
799 3642 864 3696 licet
889 3653 1045 3708 extensum,
1070 3643 1227 3710 replicatur,
1250 3651 1277 3694 ut
1300 3635 1339 3706 ipsi

262 3727 366 3794 dicunt,
386 3731 438 3784 sub
460 3731 577 3798 singulis
599 3731 755 3799 specierum
778 3731 932 3784 moleculis.
977 3728 1127 3795 Quomodo
1146 3740 1239 3784 autem
1257 3739 1340 3792 corpus

262 3814 420 3883 humanum,
434 3818 560 3872 localiter
573 3830 729 3880 extensum,
741 3833 804 3869 cum
817 3817 947 3870 omnibus
961 3815 1018 3870 suis
1031 3815 1154 3884 organis,
1172 3817 1199 3868 in
1212 3825 1339 3885 quantum·

261 3901 303 3954 vis
317 3903 433 3956 minima
445 3905 545 3960 hostiae
558 3917 645 3975 parte,
659 3905 718 3957 sine
738 3905 793 3956 ulla
806 3903 978 3966 alteratione,
992 3902 1180 3968 contineatur,
1192 3903 1235 3954 vix
1248 3895 1337 3962 concipi

262 3997 363 4056 potest.
404 3993 467 4044 Hoc
490 4003 583 4046 tamen
604 3993 731 4046 absolute
754 3989 927 4059 impossibile
948 3989 1042 4044 dicere
1064 4006 1120 4042 non
1143 3989 1241 4055 audeo,
1262 3999 1337 4055 quum·

263 4085 333 4127 teste
347 4076 482 4130 hodierna
496 4079 620 4144 scientia,
629 4077 780 4146 organismi
791 4077 874 4130 valde
887 4075 1002 4144 perleui
1016 4076 1043 4128 in
1058 4075 1149 4144 spatio
1162 4076 1260 4144 exiguo
1271 4069 1337 4124 eollo

263 4171 368 4224 centur,
379 4172 406 4217 et
416 4179 533 4232 corpora
543 4165 668 4233 ingentia
678 4163 811 4218 distincte
821 4164 848 4216 in
860 4179 915 4216 uno
925 4161 997 4216 oculi
1008 4163 1105 4217 retinae
1115 4161 1220 4232 poncio
1229 4169 1337 4229 expressa

263 4259 466 4302 contineantur.
