2776 4644
377 162 433 212 DE
449 161 610 214 GRATIA
629 163 825 215 aarum.
1098 163 1139 214 57
1226 219 1228 223 y

82 335 144 417 (B)
175 338 270 402 Trad.
303 342 542 420 Tridentinum,
565 345 607 407 de
642 343 733 407 finali
764 343 1011 426 perseverantia
1041 343 1143 405 disse·

44 459 123 514 renS,
134 441 225 504 illam
242 453 342 506 vocat
358 449 374 476 ¹⁴
387 467 543 528 inagnum
552 448 804 528 perseverantiae
816 447 936 510 donum
948 447 1018 522 '’,et
1033 445 1143 508 decla-

44 550 90 602 rat
102 541 171 604 tale
182 545 308 608 donum
320 546 435 609 haberi
449 568 515 611 non
529 569 628 630 posse
639 549 701 612 nisi
717 569 736 610 a
748 549 833 625 Deo,
843 550 921 632 “qui
934 559 1045 630 potest
1056 567 1143 618 eum,

44 645 95 722 qui
111 655 191 720 stat,
201 657 346 711 statuere
363 659 400 714 ut
416 661 666 732 perseveranter
680 661 756 727 stet,
767 663 800 715 et
817 672 893 715 eum
910 653 966 733 qui
983 651 1082 726 cadit,
1095 669 1143 711 re-

44 747 204 809 stituere”
219 749 322 830 (Sess.
339 753 401 828 VI,
417 774 489 835 cap.
515 755 583 834 13);
616 764 754 817 vocatur
776 765 889 818 autem
909 774 1065 834 magnum
1085 753 1143 814 do·

45 867 128 922 num,
140 870 210 913 non
227 853 336 916 solum
353 855 432 936 quia
448 866 500 920 est
515 857 708 936 gratuitum,
721 856 780 920 sed
797 858 899 920 etiam
910 867 1076 937 quatenus
1092 863 1143 916 est

45 970 114 1014 curn
131 954 203 1016 vita
218 963 344 1020 aeterna
359 956 585 1040 conjunctum,
602 978 662 1020 nec
678 978 856 1041 possumus
874 957 955 1020 illud
971 958 1014 1021 de
1030 955 1144 1020 condi-

45 1073 108 1133 gno
123 1059 254 1134 mereri,
270 1068 307 1122 ut
323 1059 407 1123 inira
422 1060 624 1142 probabitur.

83 1155 132 1221 62.
182 1159 243 1241 (C)
266 1163 414 1228 Ratione.
460 1162 582 1244 Quoad
617 1162 752 1227 adultos.
801 1163 1051 1226 Perseverantia
1085 1180 1145 1243 pro

47 1258 166 1323 adultis
183 1265 253 1326 duo
269 1266 378 1346 exigit
395 1287 402 1328 :
429 1265 626 1329 vitationem
644 1265 722 1328 mali
739 1267 885 1347 bonique
900 1267 1145 1348 operationem

48 1363 228 1428 adventurn
246 1369 362 1430 mortis
377 1389 418 1431 eo
435 1377 585 1450 tempore
601 1387 669 1448 quo
684 1369 759 1448 quis
776 1371 808 1432 in
825 1377 914 1432 statu
936 1368 1053 1449 gratiae
1075 1363 1158 1429 ver-¹

48 1473 134 1527 satur
144 1491 152 1546 ;
185 1471 280 1551 atqui
297 1471 369 1533 haec
386 1473 453 1534 duo
469 1472 652 1553 important
676 1471 855 1553 specialem
877 1472 1035 1552 gratiam;
1068 1489 1145 1532 nam

49 1565 94 1646 la)
106 1567 211 1632 homo
227 1592 294 1633 non
312 1583 423 1656 potest
435 1575 540 1636 vitare
553 1581 726 1654 peccatum
743 1594 852 1655 grave,
862 1593 1017 1656 superare
1032 1592 1146 1636 omnes

51 1672 250 1736 tentationes
266 1695 385 1757 graves
405 1687 439 1739 et
462 1675 644 1757 adimplere
659 1677 773 1739 omnia
794 1685 963 1759 praecepta
978 1677 1051 1739 sine
1073 1696 1146 1757 spe-

51 1771 118 1834 ciali
139 1777 270 1855 gratia:
303 1778 379 1840 talis
402 1782 489 1842 enim
506 1780 751 1862 perseverantia
774 1781 806 1842 in
829 1782 919 1843 bono
936 1801 994 1862 per
1010 1781 1147 1862 longum

52 1883 178 1957 tempus
202 1878 301 1942 valde
329 1882 432 1944 ardua
456 1891 516 1956 est,
543 1883 611 1944 imo
635 1883 804 1944 moraliter
827 1882 1049 1964 impossibilis
1071 1884 1149 1963 quia

53 1976 113 2038 cito
134 1983 314 2044 conatibus
339 1985 486 2066 repetitis
510 1985 675 2060 exhausti,
692 1985 898 2048 naturalibus
920 1987 1150 2067 propensioni-

53 2078 127 2142 bus¹
145 2085 236 2146 viam
259 2086 396 2164 damus;
422 2089 529 2171 exigit
546 2090 686 2170 proinde
702 2090 826 2169 gratias
842 2089 993 2151 efficaces
1009 2089 1051 2151 ad
1068 2110 1151 2170 quas

55 2184 175 2248 nullum
190 2188 246 2267 jus
262 2189 432 2265 habemns,
448 2203 481 2253 et
497 2211 580 2272 quas
603 2191 645 2253 de
668 2191 836 2271 condigno
854 2191 969 2253 mereri
986 2211 1053 2253 non
1076 2213 1150 2272 pos·

56 2305 171 2365 sumus,
182 2301 220 2352 ut
236 2293 476 2375 inira.dicetur;
500 2295 551 2377 (b)
563 2297 698 2375 insuper
711 2295 827 2357 mereri
845 2295 886 2354 de
903 2295 1072 2374 condigno
1084 2315 1150 2358 non

57 2409 227 2468 possumus
243 2406 280 2458 ut
296 2417 384 2460 mors
399 2399 557 2461 adveniat
572 2419 612 2461 eo
625 2399 762 2480 praecise
779 2398 916 2460 instanti
933 2417 1000 2478 quo
1018 2399 1049 2458 in
1062 2408 1151 2461 statu

58 2495 164 2571 gratiae
180 2518 352 2562 versamur
369 2525 375 2563 :
399 2511 512 2583 posset
528 2503 617 2564 enim
631 2502 723 2564 Deus
736 2501 905 2563 hominem
923 2501 965 2562 ad
979 2520 1152 2576 sevocare,

58 2600 184 2674 quando
197 2601 287 2680 jacet
303 2603 336 2664 in
353 2613 441 2666 statu
452 2606 580 2685 peccati
598 2604 763 2680 mortalis;
787 2623 867 2685 ergo
878 2604 910 2664 in
924 2612 1062 2684 utroque
1074 2623 1152 2666 casu

60 2703 203 2779 specialis
219 2707 395 2787 requiritur
410 2709 527 2789 gratia.

97 2803 216 2885 Quoad
233 2807 375 2888 infantes
395 2821 427 2872 et
440 2822 588 2873 ornantes.
638 2809 690 2872 llli
707 2828 917 2891 perseverare
934 2817 1104 2888 nequeunt
1121 2809 1153 2869 in

61 2909 158 2982 gratia
173 2910 237 2972 nisi
253 2910 343 2974 illam
356 2915 446 2994 prius
459 2914 663 2995 acceperint;
686 2911 778 2993 atqui
796 2929 955 2992 magnum
968 2919 1018 2972 est
1031 2911 1154 2973 donum

62 3006 127 3084 Dei,
142 3022 178 3076 ut
194 3035 265 3095 prae
280 3015 393 3078 multis
416 3017 490 3078 aliis
506 3016 677 3098 potuerint
693 3015 853 3096 baptizari
877 3023 911 3075 et
934 3014 981 3075 ita
1004 3015 1154 3095 accipere

63 3117 194 3190 gratiam
226 3118 509 3199 sanetificantem
544 3119 677 3200 pariter,
704 3119 730 3178 si
758 3117 945 3178 moriuntur
975 3125 1155 3196 antequam

95 3282 190 3352 ¹Quod
203 3286 339 3354 praeclare
351 3285 493 3338 Newman
507 3284 593 3336 variis
607 3282 866 3352 comparationibus
881 3283 1001 3338 illustrat
1019 3304 1024 3338 :
1044 3284 1156 3353 “Quod

65 3379 113 3421 no'n
129 3372 214 3426 modo
228 3371 256 3425 in
270 3371 404 3440 religione
418 3371 469 3426 sed
482 3381 510 3425 et
525 3370 553 3424 in
567 3389 621 3424 usu
635 3371 701 3424 vitae
714 3369 882 3439 experimur.
921 3371 1014 3439 Finge
1032 3370 1157 3439 aliquem

67 3455 164 3524 aliquid
171 3475 264 3527 agere,
278 3458 387 3512 meliori
401 3474 458 3527 quo
472 3457 531 3512 lieri
546 3467 640 3526 potest
650 3457 736 3510 modo
753 3475 759 3510 z
779 3457 833 3510 hoc
847 3457 993 3525 continget
1007 3466 1037 3510 ut
1048 3456 1072 3508 is
1081 3456 1158 3510 iden·

68 3541 144 3596 tidem
156 3555 277 3615 nequeat
290 3543 367 3599 idem
378 3545 481 3611 iacere,
499 3545 568 3614 quin
588 3545 615 3597 in
636 3544 761 3612 aliquem
775 3560 900 3597 errorem
913 3543 1029 3596 incidat.
1071 3544 1156 3606 Ecce,

68 3635 176 3702 exempli
188 3633 289 3702 gratia,
302 3634 425 3702 optimus
442 3642 622 3700 computator
634 3629 809 3700 (comptable)
819 3649 830 3683 .·
856 3631 903 3683 hic
917 3630 1071 3699 aliquando
1085 3649 1159 3684 erro-

71 3730 128 3770 neas
139 3721 363 3788 computationes
382 3718 475 3785 faciet,
497 3718 563 3772 licet
581 3729 668 3771 antea
688 3733 741 3770 nec
761 3733 887 3780 causam,
904 3734 956 3770 nec
976 3728 1088 3787 tempus
1101 3735 1159 3770 suae

70 3801 230 3875 deceptionis
242 3808 371 3861 divinare
383 3806 507 3876 possit...
548 3805 628 3858 Idem
642 3805 673 3858 fit
685 3805 773 3858 relate
787 3804 824 3857 ad
838 3813 936 3857 nostra
947 3803 1091 3872 religionis
1102 3804 1160 3857 offi-

72 3889 128 3943 cia:
153 3893 265 3964 aliquod
283 3893 374 3948 vitare
393 3907 545 3962 possumus
568 3902 717 3959 peccatum
736 3893 768 3941 r'n
784 3891 962 3958 particulari
978 3889 1032 3946 hac
1051 3891 1094 3943 v'el
1113 3891 1161 3944 illa

74 3975 159 4034 oborta
167 3981 339 4045 tentatione;
358 3997 414 4050 quo
425 3996 492 4033 vero
505 3995 563 4032 non
576 3980 717 4046 obstante,
731 3979 767 4054 de
781 3975 857 4050 ladio
870 3993 927 4030 non
941 3976 1035 4030 omnia
1044 3987 1161 4044 peccata

75 4062 194 4134 litamum
218 4082 248 4125 et
261 4067 444 4122 'nihilominus
457 4081 489 4116 ro
501 4069 598 4120 omnia
611 4066 682 4120 nihil
701 4065 777 4120 aliud
797 4077 842 4120 est
861 4063 914 4116 nisi
935 4079 1047 4116 summa
1066 4062 1161 4116 totalis

74 4146 161 4207 horum
184 4157 355 4226 singulorum
385 4156 565 4226 peccatum”.
616 4153 798 4220 (Discourses
834 4163 862 4206 to
890 4150 985 4204 lllixed
1018 4151 1158 4218 Congreg.

75 4233 120 4289 dis.
132 4240 197 4307 Vll,
213 4245 417 4299 Perseverance
431 4243 458 4296 in
473 4242 592 4308 Gracel:
914 4236 929 4264 ¹*
988 4251 991 4260 '
