2770 4646
185 224 189 232 ‚
246 159 311 216 aas
358 193 360 201 -
701 162 841 214 capue
859 162 883 210 1.

247 342 299 405 bis
321 343 418 406 variis
443 341 522 404 locis
545 342 750 408 concludunt
771 361 887 404 omnes
911 347 1074 422 exegere,
1099 339 1168 400 sive
1190 334 1327 398 catholici

248 435 1327 528 siueprotestantes,solisBaptislisexcepti5,vocabulumbannim
1368 463 1369 468 ¹

248 547 463 630 multiplicem
487 547 762 630 significationem
786 547 945 622 obtinere,
961 567 1021 610 nec
1044 545 1183 629 proinde
1205 543 1327 625 exejus

248 675 308 717 usu
326 661 416 715 certo
431 650 540 733 colligi
558 671 654 734 posse
670 652 778 715 solum
796 652 1004 734 Baptismum
1024 673 1083 734 per
1098 650 1326 714 immersionem
1368 721 1369 726 γ

248 757 396 820 validum
411 777 491 822 esse.

150 900 152 906 ·
248 860 299 942 (b)
313 859 408 922 Licet
425 859 592 922 immersio
605 858 701 922 luerit
714 861 900 924 communis
913 861 994 922 ritus
1011 859 1053 922 ab
1066 857 1238 941 Apostolis
1250 877 1328 919 usur·

249 971 355 1044 patus,
372 960 469 1024 valde
485 961 655 1043 probabile
671 972 721 1025 est
737 984 777 1025 eo
793 965 861 1026 sive
877 963 1067 1045 aspersione
1090 963 1159 1024 sive
1182 959 1330 1022 infusione

248 1086 326 1128 usos
339 1065 436 1130 luisse
452 1066 484 1127 in
502 1065 701 1146 quibusdam
714 1067 977 1142 circumstantiis,
990 1087 1050 1129 nec
1063 1067 1201 1148 proinde
1214 1067 1330 1128 immer-
1368 1075 1369 1078 ’

247 1170 376 1232 sionem
394 1189 467 1231 esse
482 1169 524 1232 de
540 1170 738 1233 necessitate
755 1171 974 1250 sacramenti;
997 1179 1149 1232 narratur
1171 1151 1257 1231 enim
1279 1167 1331 1230 tria
1368 1167 1369 1236 l

246 1272 352 1336 millia
375 1272 546 1336 hominum
563 1273 617 1334 die
636 1273 856 1349 Pentecostes,
872 1283 905 1335 et
921 1273 1068 1354 quinque
1085 1271 1188 1335 millia
1203 1271 1266 1334 alia
1278 1271 1330 1340 die.

248 1375 436 1457 baptizatos
453 1375 560 1450 fuisse,
577 1385 610 1438 et
626 1376 684 1438 vix
701 1376 857 1445 credibile
872 1386 923 1440 est
938 1396 994 1439 eos
1019 1377 1052 1440 in
1076 1395 1197 1457 aquam
1214 1377 1331 1437 immer-
1368 1375 1369 1398 ¹

247 1497 302 1543 sos
318 1477 426 1553 luisse,
443 1497 544 1560 quum
562 1480 823 1560 aquaepaucitas
840 1480 873 1552 in
889 1479 1073 1560 Jerusalem
1090 1479 1154 1542 hoc
1171 1477 1330 1560 prohibue-
1368 1465 1369 1550 l

247 1581 290 1644 rit
304 1593 323 1643 ¹.
371 1582 510 1661 Insuper
527 1579 558 1644 S.
575 1581 695 1646 Paulus
712 1581 931 1663 baptizavisse
944 1580 1080 1644 refertur
1092 1581 1263 1644 custodem
1274 1599 1330 1640 car·
1368 1559 1369 1594 ¹

247 1686 339 1760 ceris,
351 1694 542 1766 ceterosque
558 1684 600 1747 de
615 1686 717 1748 domo
730 1685 799 1766 ejus
813 1685 923 1748 media
935 1682 1033 1750 noete
1046 1685 1079 1746 in
1092 1684 1166 1767 ipso
1178 1702 1297 1746 carcere
1306 1693 1331 1755 ²,

248 1790 341 1870 atqui
362 1788 460 1851 valde
480 1787 700 1868 improbabile
720 1799 771 1850 est
792 1791 825 1851 in
847 1789 938 1853 hisce
956 1789 1118 1870 angustiis
1136 1787 1328 1870 Baptismum
1368 1795 1369 1844 l

248 1911 308 1973 per
324 1892 567 1956 immersionem
585 1891 808 1953 ministratum
826 1891 945 1972 suisse;
966 1911 1056 1972 ergo,
1155 1961 1157 1966 ,

248 1995 295 2073 (c)
322 1993 442 2076 Quoad
466 1992 664 2056 vocabulum
689 1997 704 2026 “
718 1989 833 2073 louet
857 2013 922 2057 non
947 2013 1109 2074 negamus
1130 1995 1261 2074 quidem
1283 2011 1330 2072 per

249 2097 331 2169 illud
342 2095 519 2178 significari
532 2096 634 2162 totius
647 2097 793 2178 corporis
806 2097 1021 2172 ablutionem,
1034 2097 1091 2159 sed
1102 2117 1147 2160 ex
1160 2117 1200 2160 eo
1212 2096 1293 2178 quod
1303 2095 1328 2156 in

250 2221 317 2266 uno
340 2221 417 2264 casu
443 2200 633 2281 Baptismus
657 2199 720 2264 hoc
736 2201 843 2274 ,modo
866 2201 1071 2264 ministratus
1095 2200 1202 2275 fuerit,
1217 2198 1330 2279 illogice

247 2303 388 2366 insertur
403 2303 490 2366 hunc
507 2303 605 2369 ritum
622 2302 729 2366 solum
744 2303 891 2368 validum
909 2323 988 2365 esse.

248 2407 301 2486 (d)
319 2406 467 2475 Additur
483 2408 658 2488 mysticam
677 2406 838 2488 Baptismi
863 2405 1139 2488 significationem
1157 2425 1177 2467 a
1194 2405 1227 2474 S.
1244 2403 1329 2468 Paulo
1368 2431 1369 2504 ᾖ

351 2575 354 2584 .
1368 2551 1369 2580 l

248 2617 363 2688 Judaeos
388 2613 506 2672 lectulos
531 2624 673 2684 strataque
696 2614 723 2668 in
745 2598 849 2683 aquarn
872 2599 1039 2682 immergere
1060 2613 1248 2668 consuevisse.
1283 2611 1329 2663 Ver

248 2704 387 2774 baptisma
405 2703 459 2756 boc
478 2702 507 2755 in
526 2702 596 2769 loco,
614 2712 644 2755 et
663 2700 831 2771 ubicumque
850 2701 886 2756 de
904 2700 1035 2769 religiosa
1054 2699 1226 2755 coeremonia
1243 2699 1327 2767 agitur,

249 2785 472 2863 purificationem
491 2785 676 2859 symbolicam
695 2804 744 2855 per
763 2804 866 2857 aquam
885 2787 1030 2856 significat,
1048 2787 1157 2857 absque
1170 2787 1226 2840 ulla
1238 2787 1272 2838 ad
1283 2801 1330 2837 nro·

248 2881 317 2935 dum
335 2877 471 2933 relatione
490 2893 545 2946 quo
564 2873 725 2945 hujusmodi
744 2873 900 2942 purificatio
918 2872 1132 2928 obtinebatur...·
1143 2871 1239 2942 (Apud
1251 2868 1329 2925 classi·
1368 2901 1369 2926 l

247 2984 301 3022 cos¹
315 2964 455 3032 auctores)
475 2980 524 3032 per
542 2964 615 3016 hanc
629 2977 726 3015 vocem
739 2959 835 3014 venit:
858 2959 883 3028 1)
896 2961 1061 3028 immergere
1079 2970 1129 3014 aut
1146 2961 1330 3027 submergere:

248 3055 276 3122 2)
290 3053 426 3108 inundare
437 3052 480 3106 vel
493 3050 601 3120 operire
614 3051 705 3119 aqua;
725 3049 753 3118 3)
766 3059 856 3102 totum
867 3065 967 3116 corpus
977 3047 1163 3113 madefacere,
1172 3045 1330 3107 humetlaru
1368 3065 1369 3076 ¹

248 3141 276 3209 4)
296 3139 449 3203 effundere,
469 3148 642 3206 temperare;
672 3136 699 3204 5)
718 3135 817 3203 mergi,
842 3134 981 3203 submergi
990 3136 1013 3189 ''.
1035 3163 1070 3174 —-
1092 3133 1191 3187 “Cum
1211 3135 1269 3188 haec
1288 3147 1330 3184 ror

248 3219 372 3284 Βιπτίζω
385 3223 477 3277 varias
489 3223 651 3291 Judaeorurn
664 3223 831 3285 ablutiones,
847 3231 876 3274 ut
894 3221 1094 3289 aspersionem,
1107 3217 1274 3274 inlusionem
1285 3228 1329 3271 etc.

248 3314 344 3382 (Hebr.
362 3312 412 3380 lX,
431 3311 483 3379 ro),
496 3325 577 3379 aeque
589 3325 622 3362 ac
635 3325 742 3362 morem
756 3324 820 3362 sese
832 3318 898 3361 ante
913 3307 1015 3374 cibum,
1029 3321 1151 3375 suasque
1169 3301 1331 3375 suppelletli·

247 3402 288 3456 les
302 3398 414 3455 lavandi
428 3396 612 3466 adsignificet,
623 3405 733 3449 constat
743 3397 816 3448 hanc
827 3409 925 3447 vocem
935 3393 1050 3446 minime
1062 3392 1180 3446 modum
1192 3391 1331 3462 exprimere
1368 3404 1369 3445 l

247 3506 303 3560 quo
316 3505 360 3542 res
374 3487 412 3553 lit,
426 3485 555 3538 videlicet
569 3499 619 3552 per
631 3483 838 3538 immersionem
852 3491 901 3534 aut
913 3479 1090 3548 inlusionem,
1100 3479 1152 3534 sed
1165 3490 1272 3534 tantum
1283 3494 1330 3531 rem
1368 3489 1369 3570 p

248 3576 349 3646 ipsam,
367 3571 462 3628 atium
480 3571 587 3628 scilicet
605 3569 749 3634 abluendi,
766 3570 809 3622 vel
828 3585 910 3622 usum
929 3583 1010 3636 aquae
1028 3567 1083 3620 hoc
1099 3567 1143 3621 vel
1163 3566 1211 3620 illo
1230 3565 1330 3620 modo”.
1368 3573 1369 3608 l

247 3661 413 3731 (Encyclop.
430 3658 461 3712 oi
472 3656 590 3712 Biblical
606 3655 716 3710 Literat.
730 3653 954 3711 aut'loribusM'.
973 3653 1099 3708 Clintock
1109 3659 1137 3706 et
1149 3653 1273 3721 Strong.)

282 3747 365 3800 ιΑίὶ.
383 3746 476 3815 ll,41.
490 3745 555 3784 -⁴‘
570 3745 655 3801 Nulla
673 3753 717 3800 est
735 3759 808 3812 aqua
827 3743 916 3798 fluens
936 3759 1022 3812 prope
1034 3741 1199 3808 Jerusalem,
1214 3741 1236 3794 si
1255 3741 1328 3794 rivum
1368 3748 1369 3762 ¹

249 3831 323 3886 Siloe
336 3831 466 3900 excipias,
483 3831 529 3900 qui
543 3835 655 3886 centum
667 3831 754 3884 ferme
767 3846 866 3898 passus
884 3827 998 3892 defluit3
1016 3825 1078 3882 urbi
1095 3842 1200 3896 aquam
1217 3826 1328 3880 cisterna

246 3919 356 3985 aliaque
375 3917 533 3987 hujusmodi
554 3917 776 3972 subministrent.
817 3917 860 3970 Ex
882 3916 958 3969 nullo
980 3915 1080 3969 horum
1098 3914 1219 3968 fontium
1237 3924 1327 3970 tanturn
1368 3937 1369 3948 z

246 4020 328 4073 aquae
341 4002 443 4056 hauriri
457 4003 522 4057 licet
536 4003 573 4056 ad
586 4002 651 4057 otlo
663 4003 751 4057 millia
764 4003 910 4060 hominum
920 4019 970 4070 per
980 4001 1192 4056 immersionem
1204 3999 1326 4070 baptizari·

247 4090 328 4144 dos'’.
369 4089 527 4156 (Robinson,
543 4089 661 4142 Biblical
676 4091 851 4147 Researcbes
864 4090 893 4144 in
908 4089 1059 4156 Palestlne,
1070 4089 1121 4144 vol.
1138 4089 1160 4155 l,
1173 4105 1219 4158 pp
1230 4085 1326 4157 479516

247 4177 321 4246 apud
338 4176 448 4244 Hodge‚
465 4177 483 4230 l.
499 4193 522 4230 c.
537 4193 563 4244 p.
577 4189 647 4245 534).

284 4261 524 4330 *Amxvnss
555 4301 557 4308 ,
