2770 4652
237 190 295 251 DE
314 190 606 240 POENITENTIAE
625 188 923 242 SACRAMENTO.
1063 188 1130 240 50³

45 373 167 434 uinaria
182 382 259 436 sunt
274 374 365 436 acius
373 373 566 454 paenitentis,
582 373 639 454 qui
655 373 688 434 in
706 381 772 436 tres
788 372 1038 454 distinguuntur
1054 391 1127 452 par·

43 485 85 536 tes
96 475 117 536 ''.
162 476 321 539 Similiter
342 477 372 538 T
369 477 484 539 rident.
501 476 591 556 (sess.
609 475 702 551 XIV,
718 495 788 557 cap.
807 477 839 556 3)
854 497 861 539 :
884 475 1000 540 “Sunt
1016 485 1129 536 autem

43 579 127 658 quasi
154 579 291 642 oraturia
321 580 419 660 hujus
454 580 651 642 sacramenti
691 579 792 660 ipsius
817 577 1002 658 penitentis
1031 577 1130 651 alius,

43 699 151 762 nempe
174 684 338 759 contritio,
354 681 517 744 consessio
540 691 573 744 et
597 677 786 744 satisfadtio.
834 680 900 762 Qui
916 689 1081 760 quatenus
1098 680 1129 740 in

42 785 216 864 poenitente
243 786 285 848 ad
314 785 538 866 integritatem
566 784 775 859 sacramenti,
799 784 841 847 ad
871 783 1070 865 plenamque
1097 791 1131 843 et

42 885 211 966 perlectam
237 899 446 970 peccatorum
471 887 698 951 remissionem
720 907 763 948 ex
782 887 845 948 Dei
863 886 1067 950 institutione
1083 904 1131 946 re·

42 989 214 1070 quiruntur‚
225 991 286 1054 hac
303 991 430 1054 ratione
447 990 657 1054 Poenitentiae
670 999 780 1070 partes
792 990 947 1052 dicuntur
960 989 983 1050 ”.
1031 987 1132 1050 Unde

42 1091 103 1154 sic:
125 1093 190 1156 duo
208 1093 345 1174 praesata
362 1093 509 1158 Concilia
529 1095 701 1159 materiam
725 1105 759 1158 et
782 1093 922 1157 sormam
947 1102 1131 1155 ceterorum

42 1206 314 1259 sacramentorum
331 1194 486 1260 distindle
507 1208 859 1270 commemoraverunt,
875 1207 909 1260 et
931 1196 1068 1277 quando
1090 1195 1133 1256 de

43 1297 237 1359 Poenirenria
263 1308 410 1378 egerunt,
437 1300 562 1364 nullam
590 1301 688 1364 aliam
717 1301 890 1364 materiam
916 1299 1132 1380 designarunt

42 1401 97 1460 nisi
114 1410 178 1463 tres
194 1398 287 1464 adius
309 1402 522 1483 poenitentis;
545 1421 624 1483 ergo
640 1401 684 1463 illi
702 1399 795 1464 actus
811 1410 888 1464 sunt
904 1419 979 1462 vere
995 1397 1134 1460 materia

41 1503 189 1582 proxima
206 1503 303 1584 hujus
320 1505 527 1580 sacramenti,
538 1505 599 1566 nisi
612 1503 696 1567 sorte
712 1505 841 1567 dicatur
856 1501 1046 1584 hujusmodi
1064 1519 1132 1562 ma·

41 1606 150 1668 teriam
168 1605 267 1669 fuisse
283 1627 326 1669 ex
344 1608 504 1670 industria
518 1607 795 1688 praetermissam:
819 1607 908 1688 quod
925 1606 982 1668 vix
1000 1603 1132 1666 admitti

41 1721 145 1788 potest
172 1710 204 1773 in
233 1731 266 1773 re
291 1711 374 1774 tanti
401 1711 569 1774 momenti.
618 1711 687 1773 Nec
711 1709 886 1791 objiciatur
914 1707 1061 1772 Concilia
1085 1706 1133 1767 di-

42 1812 127 1874 xisse
147 1813 439 1894 quasi-materiam,
455 1835 521 1876 non
546 1823 656 1876 autem
682 1814 876 1888 materiam
899 1817 1034 1892 “neque
1056 1830 1134 1872 vero

41 1914 70 1975 hi
87 1911 178 1978 attus
201 1917 298 1997 quasi
312 1917 449 1979 materia
465 1937 484 1978 a
502 1917 533 1982 S.
553 1918 692 1998 Synodo
715 1918 933 2000 appellantur,
948 1918 1026 1997 quia
1048 1935 1134 1977 verae

42 2019 184 2081 materiae
199 2019 361 2082 rationem
379 2039 444 2081 non
462 2019 615 2096 habeant,
632 2022 688 2083 sed
706 2021 783 2102 quia
799 2020 870 2101 ejus
886 2020 1014 2101 generis
1032 2028 1134 2080 mate-

41 2121 93 2181 riae
110 2141 181 2183 non·
192 2123 267 2197 sint,
280 2142 354 2203 quae
370 2122 576 2185 extrinsecus
593 2123 797 2198 adhibeatur,
807 2133 844 2186 ut
856 2142 942 2203 aqua
959 2123 990 2182 in
1006 2121 1134 2201 Baptis-

42 2242 101 2298 mo,
118 2233 151 2287 et
166 2224 309 2287 chrisma
325 2226 357 2286 in
377 2225 638 2288 Confirmatione
651 2226 666 2250 ’'
680 2239 700 2289 ¹.
746 2225 911 2290 Videlicet
937 2225 1135 2288 Paenitentia

41 2337 87 2389 est
103 2338 347 2392 sacramentum
364 2328 563 2409 suigenm'q
580 2328 673 2408 cujus
699 2331 835 2392 materia
858 2348 924 2392 non
949 2339 999 2392 est
1020 2348 1134 2410 corpo-

43 2451 127 2492 reum
157 2432 367 2509 elementum,
396 2443 432 2494 ut
459 2433 490 2494 in
517 2432 715 2514 quibusdam
741 2431 822 2504 aliis,
848 2433 906 2495 sed
927 2432 1006 2512 ‚ipsa
1032 2431 1136 2494 virtus

43 2535 244 2613 poenitentiae
261 2537 303 2600 ad
320 2536 517 2617 dignitatern
535 2537 733 2600 sacramenti
757 2533 879 2613 evedta,
896 2547 1136 2618 proptereaque

43 2637 159 2699 dieitur
173 2639 428 2718 quasi-materia.

84 2736 151 2824 (B)
186 2741 326 2822 Insuper
356 2742 504 2807 Christus
535 2744 598 2806 hoc
629 2751 872 2805 sacramentum
904 2742 1046 2804 instituit
1080 2761 1138 2821 per

44 2845 176 2906 modum
191 2843 315 2923 judicii,
333 2846 364 2906 in
385 2864 452 2926 quo
475 2847 541 2910 duo
565 2848 731 2910 elementa
754 2845 969 2908 constitutiva
992 2845 1138 2906 invenire

43 2946 123 3020 licet,
136 2965 258 3026 nempe
275 2948 446 3010 materiam
464 2949 566 3030 ipsius
580 2950 695 3031 judicii
710 2969 810 3031 quarn
824 2948 990 3029 poenitens
1003 2946 1138 3027 praebet,

42 3059 72 3110 et
94 3050 295 3112 sententiam
322 3070 397 3130 quae
421 3072 439 3112 a
460 3052 571 3132 judice
595 3053 715 3128 fertur3
746 3052 837 3132 atqui
863 3051 1000 3112 materia
1024 3050 1137 3130 judicii

43 3153 144 3214 tribus
166 3153 360 3234 poenitentis
379 3152 508 3218 actibus
524 3156 697 3237 praebetur,
713 3155 865 3216 videlicet
889 3153 1004 3215 humili
1025 3173 1138 3234 pecca·

43 3266 150 3319 torum
167 3256 363 3336 confusione,
380 3278 480 3339 quarn
498 3260 624 3322 sincera
639 3259 787 3322 contritio
802 3259 980 3320 comitatur
995 3268 1028 3319 et
1044 3258 1137 3319 satt's-

37 3361 137 3436 sartio
160 3361 328 3440 sequitur;
359 3381 437 3441 ergo
464 3361 653 3442 hujusmodi
680 3360 771 3425 actus
798 3371 875 3423 sunt
901 3380 976 3422 vere
1002 3361 1140 3424 materia

43 3464 197 3542 proxima
224 3465 430 3528 sacramenti.
477 3465 643 3546 Objicitur
670 3467 803 3545 quidem
832 3463 1040 3526 absolutione
1068 3473 1139 3525 tan·

43 3576 120 3642 tum,
139 3585 204 3628 non
230 3576 341 3630 autem
365 3567 416 3628 his
440 3567 577 3645 actibus,
600 3571 741 3649 gratiam
766 3566 913 3642 conferri,
938 3566 1140 3646 proindeque

43 3669 112 3731 illos
130 3669 172 3732 ad
191 3670 388 3732 sacramenti
405 3673 582 3734 essentiam
600 3692 665 3733 non
684 3673 867 3752 pertinere;
890 3671 947 3732 sed
965 3671 1140 3745 immerit0,

42 3793 117 3838 narn
141 3772 217 3834 licet
241 3772 323 3835 tales
345 3770 438 3835 aetus
458 3795 502 3836 ex
525 3795 558 3835 se
580 3775 720 3855 gratiam
743 3793 808 3836 non
831 3771 1010 3846 conserant,
1028 3781 1139 3834 tamen

41 3877 116 3957 quia
133 3895 177 3937 ex
195 3877 337 3956 positiva
355 3875 475 3939 Christi
494 3877 702 3938 institutione
718 3877 760 3938 ad
778 3875 975 3956 dignitatem
994 3875 1141 3936 materiae

76 4044 250 4110 ¹Cateck.C.
271 4055 392 4108 Tn'dent.
408 4056 444 4109 de
460 4054 559 4110 Poenit.
574 4071 599 4106 n.
619 4069 657 4123 17.
674 4085 708 4093 --
729 4053 804 4106 Hinc
824 4053 853 4105 S.
871 4053 992 4105 Thomas
1010 4053 1069 4120 ipse
1088 4055 1141 4106 hoc

42 4143 153 4197 dicendi
166 4142 254 4196 modo
266 4158 332 4196 usus
346 4153 388 4196 est
401 4161 406 4196 :
427 4145 443 4168 ‘¹
457 4144 592 4210 Quartum
603 4151 808 4194 sacramentum
819 4149 860 4192 est
874 4138 1051 4200 Poenitentia,
1064 4141 1142 4208 cujus

41 4231 256 4298 quasi-marma
275 4240 339 4282 sunt
358 4228 438 4284 attus
458 4228 642 4299 poenltentis'’
662 4230 720 4294 (De
737 4228 816 4282 artic.
839 4226 904 4281 fidei
923 4237 951 4280 et
969 4227 1036 4280 eccl.
1051 4243 1142 4279 sacra-

42 4319 151 4386 mentis,
165 4329 184 4371 t.
202 4316 328 4382 XXVll,
341 4333 367 4385 p.
385 4317 489 4370 ruoed.
512 4315 622 4384 Vivat),
