2770 4646
49 177 103 226 DE
114 176 288 227 NATURA
301 175 352 224 ET
365 173 625 224 Exlsrunrrra
640 171 1043 223 sncnnMENTORUM.
1077 173 1136 222 15⁷

347 369 416 428 111.
441 369 625 440 sublege
650 369 832 426 Mosaios.

84 507 115 560 ις
153 493 199 562 (A)
217 494 334 552 Certum
347 502 388 551 est
399 495 524 566 adfuisse
536 493 666 564 artadum
679 500 858 550 sacramenta
870 493 921 549 sub
934 493 991 564 lage
1003 493 1133 550 masar'cd.

48 577 182 639 Probatur
195 600 230 640 ex
243 584 272 640 S.
286 583 388 652 Paulo,
397 584 447 656 qui
461 583 500 642 de
513 581 769 654 purificationibus
783 581 927 653 legalibus
940 577 997 638 ait¹
1011 602 1017 638 :
1038 583 1054 610 “
1065 582 1136 638 San·

48 664 108 732 auis
119 667 266 727 hircorum
280 680 309 726 et
322 681 482 738 taurorum,
498 681 527 726 et
539 669 613 726 cinis
628 667 725 726 vitulae
738 685 873 740 aspersus
887 667 1058 740 inquinatos
1070 685 1136 724 san·

47 751 149 816 tlificat
163 756 201 813 ad
220 756 466 813 emundationem
485 755 622 812 carnis'':
642 753 751 826 quibus
764 751 860 812 verbis
873 752 1040 812 ostenditur
1051 753 1133 824 ritus,

48 836 205 909 dequibus
225 842 329 914 agitur,
349 841 534 900 sandlitatem
554 840 679 912 legalem
703 839 884 912 produxisse,
902 850 993 911 atque
1009 838 1136 911 proinde

47 937 223 984 sacramenta
242 929 339 988 luisse.
380 928 506 1004 Insuper
519 927 720 984 Florentinum
739 936 768 983 et
785 925 987 983 Tridentimmr
1006 926 1044 983 de
1063 925 1136 982 anti-

48 1027 111 1078 qure
122 1011 191 1084 legis
203 1014 395 1072 sacramentis
410 1014 565 1072 manifeste
582 1013 752 1086 loquuntur,
768 1030 932 1084 eorumque
951 1011 1136 1070 existentiam

47 1113 214 1169 supponunt
225 1101 322 1172 (infra,
338 1121 365 1159 n.
386 1106 437 1171 16).

80 1188 127 1254 (Β)
135 1186 286 1260 Praecipua
295 1199 393 1246 autent
405 1198 588 1245 sacramenta
599 1187 696 1244 luere:
712 1187 751 1258 (a)
765 1185 954 1256 Ce'rcuma'sia,
968 1203 1035 1258 quae
1045 1185 1138 1256 figura

47 1281 104 1324 erat
114 1271 271 1330 Christiani
284 1274 437 1347 Baptismi,
450 1275 587 1332 homines
599 1274 637 1331 ad
651 1275 764 1334 cultum
778 1273 912 1330 divinum
925 1271 1098 1345 deputabat,
1108 1283 1137 1330 et

46 1353 122 1424 juxta
133 1376 323 1418 communem
338 1361 513 1432 dodlrinarn,
530 1361 651 1434 insuper
668 1361 706 1418 ab
723 1360 857 1434 originali
874 1371 999 1434 peccato
1013 1359 1136 1417 munda·

48 1444 113 1502 bat²
123 1468 130 1518 ;
156 1451 196 1519 (b)
214 1451 320 1522 Agnus
338 1451 497 1518 Pascialis,
519 1449 713 1510 Eucharistiae
732 1459 918 1508 sacramento
937 1449 1137 1526 respondens3

48 1530 112 1590 item
120 1537 325 1608 praposr'trbm's
332 1547 424 1610 panes
436 1538 487 1610 qui
500 1555 517 1594 a
530 1537 670 1594 ministris
683 1535 849 1594 edebantur
860 1558 868 1604 ;
886 1537 924 1605 (c)
943 1535 1138 1607 Expiatianes

48 1619 142 1678 multae
158 1641 225 1694 quae
243 1641 316 1682 sacr.
333 1625 520 1683 Poenitentiae
536 1625 722 1697 figurabant,
742 1626 783 1696 (d)
795 1624 987 1682 leviticarum
1003 1623 1137 1683 sacerdo·

48 1711 105 1757 tum
124 1706 316 1774 consecratio
342 1725 409 1779 quae
429 1726 499 1765 sacr.
523 1707 645 1766 Ordinis
666 1705 872 1766 adumbrabat.
913 1707 1136 1766 Sacramentum

47 1797 139 1846 sutem
159 1791 402 1851 confirmationis
422 1793 598 1852 nullomodo
616 1793 759 1852 existebat
778 1793 807 1850 in
826 1793 958 1866 Antiqua
977 1793 1050 1865 lege,
1067 1793 1138 1864 quia

48 1875 141 1942 gratiae
159 1878 374 1950 plenitudinem
393 1882 514 1951 confert,
538 1899 605 1952 quae
623 1880 756 1938 nondum
777 1881 936 1939 advenerat
946 1900 955 1951 ;
980 1898 1036 1938 nec
1054 1880 1134 1940 Extr.

49 1957 163 2032 Untlio,
179 1983 248 2036 quae
270 1966 441 2026 immediate
462 1967 501 2026 ad
521 1969 672 2026 introitum
691 1968 792 2040 gloriae
812 1978 965 2039 praeparat,
984 1968 1053 2039 quia
1072 1967 1137 2024 talis

49 2044 176 2108 introitus
190 2052 335 2123 usquead
350 2053 458 2112 Christi
478 2065 603 2114 mortem
623 2054 831 2124 differebatur;
850 2053 970 2111 tandem
985 2052 1138 2110 Matrimo-

48 2133 134 2202 nium,
160 2137 230 2197 licet
254 2140 407 2211 religiosus
432 2139 611 2208 contradlus,
636 2158 697 2198 non
723 2150 784 2198 erat
807 2148 1032 2207 sacramentum,
1060 2139 1138 2210 quia,

48 2235 160 2293 propter
182 2227 380 2298 polygamiam
403 2238 432 2285 et
454 2227 626 2300 divortium,
648 2246 715 2300 quae
737 2237 807 2286 tunc
830 2225 968 2298 temporis
990 2224 1138 2296 vigebant,

48 2307 181 2368 unionem
195 2312 304 2371 Christi
318 2332 387 2370 cum
402 2313 536 2372 Ecclesia
550 2313 679 2386 perfedle
692 2313 857 2385 significare
871 2312 1022 2385 nequibat.

115 2452 177 2511 lv.
204 2453 259 2511 De
281 2453 394 2511 modo
415 2466 493 2525 quo
515 2457 758 2511 sacramenta
780 2452 931 2510 veteris
955 2451 1066 2522 Legis

281 2560 394 2606 suum
417 2547 685 2619 producebant
707 2545 902 2606 ellectum.

79 2675 111 2726 rd
154 2681 180 2728 1⁰
189 2674 290 2740 Quoad
299 2676 417 2728 adultos.
457 2673 505 2740 (A)
520 2670 706 2728 Sacramenta
729 2669 757 2726 V.
771 2669 857 2740 Legis
865 2670 997 2740 gratiam
1010 2689 1046 2726 ex
1058 2681 1138 2742 apere

47 2761 152 2822 operata
164 2773 222 2812 nan
230 2755 433 2827 producebant,
449 2760 548 2813 saltem
561 2757 593 2812 in
606 2757 722 2814 adultis.
760 2757 884 2816 Certum
898 2769 950 2815 est.

77 2841 158 2900 Prot.
172 2845 214 2912 (a)
227 2842 387 2914 Scriptura.
426 2845 503 2900 Sacr.
521 2843 555 2899 V.
571 2844 658 2914 Legis
671 2858 814 2902 vocantur
829 2843 975 2902 “infirma
994 2856 1023 2902 et
1042 2861 1137 2916 egena

47 2926 185 2986 elementa
196 2925 230 2957 ”³
241 2950 249 3001 ς
262 2948 385 2988 munera
397 2941 427 2989 et
440 2930 544 2988 hostiae
556 2931 687 3002 antiquae
699 2931 772 3002 legis
785 2930 925 2989 dicuntur
934 2948 996 2988 non
1008 2932 1138 3002 potuisse

49 3016 145 3082 “juxta
163 3018 379 3075 conscientiam
399 3018 563 3090 perfeetum
583 3018 678 3076 lacere
697 3019 874 3076 servientem
885 3017 900 3043 ’³
911 3026 941 3088 ⁴;
960 3029 989 3075 et
1007 3018 1053 3076 lex
1066 3020 1138 3077 anti·

47 3117 99 3170 qua
110 3103 285 3177 reprobatur
301 3108 446 3177 “propter
458 3104 657 3163 infirmitatem
671 3107 735 3176 eius
748 3116 777 3164 et
791 3105 979 3164 inutilitatem
989 3105 1022 3138 ”⁶
1034 3125 1043 3177 ;
1055 3107 1138 3178 atqui

78 3295 182 3355 ‘Hebn
202 3303 251 3366 lX,
268 3315 308 3368 13.

75 3387 279 3442 rCircumcisio
298 3398 365 3442 ante
384 3389 504 3457 Moysen
525 3389 652 3444 instituta
671 3389 761 3443 luerat
780 3389 858 3456 (Gen.
881 3390 977 3454 XVll,
1000 3389 1089 3455 rora)
1109 3398 1139 3441 ut

48 3469 147 3538 signum
156 3475 272 3530 loederis
283 3474 355 3530 inter
366 3477 459 3529 Deum
469 3486 496 3529 et
507 3477 630 3530 Abrahae
641 3493 747 3542 semen,
755 3477 812 3530 imo
821 3477 892 3530 inter
903 3475 979 3544 ipsos
989 3474 1139 3543 AEgyptios

48 3555 158 3623 vigebat.
195 3561 506 3615 communitertenetur
515 3562 656 3615 masculos
670 3562 791 3616 infantes
801 3563 960 3632 hujusmodi
970 3561 1140 3615 caeremonia

49 3641 80 3694 ab
95 3646 222 3715 originali
242 3657 359 3716 peccato
377 3647 462 3701 luisse
479 3648 630 3701 mundatos
644 3669 650 3714 ;
669 3649 745 3717 quod
762 3649 910 3704 deducitur
922 3666 957 3702 ex
969 3648 1013 3702 his
1027 3648 1139 3704 verbis:

52 3727 64 3752 ¹‘
74 3730 221 3800 Masculus,
232 3735 310 3802 cujus
324 3735 452 3804 praeputii
466 3752 531 3788 caro
544 3735 709 3790 circumcisa
722 3753 779 3789 non
793 3735 883 3802 luerit,
893 3734 1031 3788 delebitur
1044 3735 1140 3790 anima

50 3813 89 3870 illa
101 3821 133 3876 de
146 3823 252 3891 populo
265 3839 324 3888 suo,
341 3823 407 3890 quia
421 3821 534 3890 padlum
548 3839 640 3878 meum
654 3822 761 3877 irritum
774 3822 840 3876 lecit
850 3823 863 3849 '²
877 3823 957 3888 (Gen.
971 3823 1025 3874 XV
1031 3823 1068 3886 ll,
1084 3821 1139 3892 14);

50 3903 137 3969 qulbus
157 3907 252 3962 verbis
271 3908 442 3977 significatur
460 3909 607 3976 parvulum
627 3909 791 3963 hebraicum
810 3924 867 3962 non
887 3907 1083 3962 circumcisum
1102 3909 1140 3962 ab

50 3996 142 4048 aterna
155 3995 213 4050 vittl
226 3994 369 4049 exclusum
383 3995 424 4062 iri,
436 3995 513 4065 juxta
526 3997 674 4065 plerosque
688 3996 862 4063 interpretes.
901 3996 923 4048 F
925 3993 1027 4048 eminae
1045 4006 1139 4048 autent

51 4075 97 4128 alio
108 4083 190 4136 modo
200 4080 434 4152 justificabantur,
450 4082 630 4152 probabiliter
643 4099 696 4152 ope
709 4081 795 4136 medii
806 4082 865 4150 jam
879 4081 930 4134 sub
945 4081 1019 4150 Lege
1032 4090 1139 4134 naturae

51 4161 163 4226 instituti.
205 4171 246 4224 cf.
262 4171 291 4224 S.
314 4171 340 4223 T
336 4171 372 4238 ln,
386 4187 411 4239 q.
427 4184 469 4234 70,
484 4188 509 4224 a.
524 4185 540 4234 4
549 4189 555 4235 ;
574 4169 607 4222 de
620 4170 801 4238 Augustim's,
815 4170 853 4221 rh.
868 4181 892 4234 3.

81 4248 187 4314 ³Gatat.
207 4257 258 4322 IV,
274 4271 298 4324 9.
314 4287 346 4295 -
360 4257 468 4311 *Heba
486 4256 537 4325 IX,
554 4271 579 4324 9.
598 4285 630 4294 -
643 4253 654 4282 ⁵
666 4256 752 4310 Hetr.
769 4255 838 4323 Vll,
855 4256 894 4308 18.
