2794 4662
44 2810 50 2849 l

361 138 417 186 DE
438 137 520 187 DEO
540 133 916 186 REMUNERATORE.
1128 129 1188 179 701

82 317 163 379 talia
178 327 285 400 agunt
305 337 444 398 regnum
463 318 526 380 Dei
549 337 614 379 non
635 325 881 398 consequentur
892 315 907 338 ”
920 327 940 376 ¹.
985 314 1143 393 Jamvero
1159 311 1186 372 si

81 441 247 483 remorsus
263 423 475 484 conscientiae
493 420 542 482 vel
566 421 651 501 ignis
669 439 839 501 nunquam
857 418 1015 500 reprobos
1030 426 1185 497 torquere

82 533 199 599 cesset,
215 525 241 584 si
258 544 430 606 nunquam
448 543 586 605 regnum
606 522 670 583 Dei
692 521 759 583 sInt
780 520 997 595 consecuturi,
1014 519 1186 581 evidenter

82 645 198 688 eorum
213 636 379 689 tormenta
392 637 516 688 aeterna
529 627 595 686 siut
609 644 741 686 necesse
754 635 811 686 est.
841 625 910 686 Nec
922 623 1021 685 verba
1033 620 1190 686 SMarci

82 730 125 791 de
143 735 233 793 mera
249 731 488 794 annihilatione
504 729 609 810 accipi
632 737 781 809 possunt,
798 736 980 789 ut.attente
1001 746 1040 788 ea
1063 723 1186 806 legenti

82 843 190 914 patet;
214 853 291 896 nam
308 836 418 916 agitur
433 836 475 896 de
493 833 600 915 poenis
617 831 776 912 positivis,
792 831 1020 912 (conscientiae
1038 849 1185 892 remorsu

82 955 121 996 ac
147 939 248 1016 poena
272 937 372 1018 Ignis)
394 941 470 1018 q'uae
486 937 721 998 damnatorum
739 935 969 996 continuatam
993 942 1187 1014 supponunt

82 1038 299 1101 existentiam
306 1051 327 1101 2.
358 1039 493 1101 Frustra
505 1037 660 1117 objicitur
673 1055 815 1116 graecam
829 1055 944 1098 vocem
958 1033 1105 1115 ἁσὸεστου
1117 1053 1185 1096 non

82 1138 273 1220 sIgnilicare
296 1147 312 1172 “
324 1139 632 1221 inexstinguibilem
644 1139 680 1213 ”;
715 1138 772 1199 sed
797 1137 905 1200 solum
930 1137 1012 1216 “qui
1034 1138 1076 1199 de
1098 1133 1186 1198 fatto

83 1260 151 1303 non
165 1244 438 1323 exstInguitur'’;
462 1243 551 1305 idem
565 1250 615 1304 est
628 1259 752 1314 sensus,
766 1259 843 1302 nam
857 1241 883 1302 si
898 1240 983 1322 ignis
994 1259 1105 1300 revera
1118 1257 1185 1299 non

82 1345 320 1426 exstinguitur,
333 1346 376 1407 de
392 1344 480 1409 facto
498 1343 714 1426 reproborum·
725 1353 892 1405 tormenta
905 1363 971 1406 non
985 1341 1171 1404 cessabunt.

129 1462 178 1527 14.
229 1443 283 1532 (c)
303 1448 468 1511 Probatur
483 1448 620 1510 tandem
642 1466 686 1508 ex
710 1447 748 1506 iis
771 1445 851 1508 locis
873 1446 929 1508 ubi
951 1446 1185 1506 damnatorum

82 1549 171 1610 sicut
195 1560 229 1612 et
249 1550 416 1630 justorum
442 1561 549 1614 status
567 1549 784 1611 immutabilis
800 1549 929 1623 dicitur,
946 1548 992 1610 ita
1016 1557 1053 1610 ut
1076 1546 1186 1608 nullus

83 1651 293 1732 poenitentiae
311 1653 402 1715 locus
417 1652 531 1730 detur;
556 1653 601 1713 sic
614 1651 827 1724 Ecclesr'ustcs
840 1650 991 1712 hommes
1004 1650 1186 1711 exhortans

83 1753 126 1813 ad
142 1750 231 1815 redte
244 1754 411 1833 agendum
426 1754 459 1815 in
473 1752 628 1836 praesenti
640 1753 717 1828 vita,
729 1754 800 1815 haec
813 1752 914 1815 habet
927 1765 960 1816 ³:
984 1759 999 1784 “
1012 1752 1047 1816 Si
1060 1752 1186 1814 cecide-

83 1855 126 1915 rit
150 1855 279 1936 lignum
304 1857 346 1917 ad
371 1866 529 1932 austrum,
546 1866 603 1920 aut
626 1858 668 1918 ad
692 1857 893 1937 aquilonem,
917 1857 948 1919 in
976 1875 1187 1938 quocumque

83 1958 159 2018 Ioco
187 1959 356 2034 ceciderit,
380 1959 423 2021 ibi
452 1959 551 2023 erit'’.
609 1960 758 2024 Christus
786 1959 908 2040 pariter
934 1959 1049 2021 dixit:
1088 1958 1186 2039 “Qui

83 2060 368 2141 blasphemaverit
385 2063 417 2122 in
437 2062 599 2143 Spiritum
618 2061 649 2125 S.
667 2081 733 2123 non
750 2060 887 2123 habebit
908 2061 1135 2122 remissionem
1153 2063 1185 2122 in

82 2172 258 2236 aternum,
271 2163 329 2225 sed
343 2183 416 2225 reus
430 2166 490 2226 erit
503 2165 618 2227 eterni
628 2162 789 2227 delitti’u.
830 2163 915 2245 Quae
928 2163 1064 2244 quidem
1078 2164 1188 2240 verba,

83 2283 162 2326 cum
180 2275 342 2328 contextu
360 2276 503 2347 sumpta,
519 2266 600 2328 nihil
617 2266 706 2328 aliud
724 2264 912 2346 significant
929 2265 990 2326 nisi
1007 2264 1187 2342 homiuem,

83 2377 163 2448 post
184 2377 339 2444 mortem,
362 2370 393 2430 in
418 2370 535 2431 eodem
561 2377 650 2430 statu
676 2385 809 2430 manere
833 2387 870 2428 ac
895 2368 928 2428 In
953 2368 1025 2448 ipso
1049 2368 1186 2434 instanti

83 2471 224 2532 mortis:
248 2471 348 2552 igitur
363 2471 390 2533 si
408 2471 440 2531 in
458 2480 595 2552 peccato
613 2469 743 2532 mortali
759 2479 905 2531 mortuus
921 2468 1027 2542 fuerit,
1044 2469 1076 2530 In
1093 2479 1187 2533 aeter-

83 2591 166 2635 num
183 2593 258 2636 reus
275 2575 433 2648 manebit,
450 2584 483 2636 et
501 2575 532 2636 in
550 2585 712 2636 aeternum
731 2569 893 2653 punietur
942 2572 1035 2640 Idem
1052 2572 1187 2635 deduci-

80 2685 138 2737 tur
162 2695 205 2736 ex
233 2677 393 2757 parabola
416 2676 715 2756 divitis·epuloni5‚
742 2697 785 2738 ex
810 2681 875 2758 qua
899 2686 1031 2738 constat
1059 2676 1186 2739 nullum

83 2798 184 2859 posse
199 2779 242 2839 de
258 2779 344 2841 coelo
361 2781 392 2842 in
411 2779 573 2842 infernum
591 2781 743 2856 transire,
760 2791 817 2843 aut
834 2781 905 2842 vice
922 2784 1037 2842 versa:
1062 2780 1136 2842 “Et
1154 2781 1185 2843 in

82 2881 136 2940 his
153 2879 308 2941 omnibus
332 2882 418 2943 inter
440 2903 497 2943 nos
518 2891 550 2942 et
570 2902 625 2943 vos
648 2881 741 2943 chaos
762 2902 918 2963 niagnum
936 2879 1102 2942 firmatum
1127 2890 1186 2954 est,

83 2995 121 3042 ut
146 2981 179 3041 hi
204 2981 259 3060 qui
284 2980 401 3044 volunt
424 2983 501 3044 hinc
525 2985 664 3046 transire
683 2986 728 3048 -ad
752 3005 819 3059 νος,
836 3004 901 3045 non
924 2985 1063 3066 possint,
1080 3005 1187 3066 neque

82 3083 162 3145 inde
178 3082 242 3144 huc
259 3093 463 3147 transmeare
474 3086 490 3111 '⁹
502 3085 523 3146 ⁵.

120 3190 159 3246 ις
200 3179 293 3251 Igitur
306 3200 461 3254 poenarum
475 3185 622 3242 aeternitas
643 3203 702 3243 non
723 3185 752 3242 in
772 3203 833 3244 uno
846 3185 942 3244 solum
957 3190 1037 3243 textu
1051 3187 1183 3256 docetur,

82 3283 183 3337 neque
196 3266 235 3324 ab
248 3267 304 3324 hac
317 3269 363 3326 vel
376 3268 426 3327 illa
440 3271 583 3342 particula
597 3271 717 3342 pendet,
735 3282 767 3329 ut
786 3272 860 3330 salso
872 3275 1002 3330 clamant
1015 3274 1184 3344 adversarii,

82 3355 138 3412 sed
152 3355 181 3410 ln
196 3355 295 3412 multis
310 3356 437 3414 textibus
451 3357 588 3429 explicite
602 3367 631 3414 et
644 3359 700 3416 sub
714 3359 798 3416 variis
813 3359 914 3417 formis
927 3361 1059 3429 traditur,
1076 3361 1105 3416 io
1123 3361 1187 3418 aliis

120 3533 162 3584 1Ι
172 3533 235 3586 Cor.
252 3533 304 3596 VI,
320 3547 403 3602 9·ro;
432 3535 526 3588 Galat.
543 3534 579 3598 V,
596 3551 638 3590 21.

118 3619 226 3688 'Quod
246 3620 404 3675 confirmari
425 3632 518 3690 potest
538 3612 571 3675 iis
591 3624 712 3677 textibus
732 3625 777 3678 ubi
799 3625 957 3680 declaratur
970 3626 1120 3680 damnatos
1133 3637 1187 3681 tor·

82 3705 162 3777 queri
177 3705 223 3760 dle
235 3723 268 3763 ac
282 3707 375 3770 nocte,
392 3707 408 3761 i.
425 3726 449 3762 e.
467 3709 527 3762 stne
542 3710 750 3765 intermissione
768 3733 773 3765 ε
794 3714 856 3766 “Et
870 3713 999 3767 diabolus
1012 3713 1059 3783 qui
1074 3714 1186 3769 seduce

82 3797 133 3848 bat
152 3809 215 3862 eos,
238 3794 342 3848 missus
361 3806 404 3849 est
423 3796 452 3848 in
472 3807 603 3864 stagnum
623 3797 696 3866 ignis
715 3809 743 3853 et
763 3799 915 3868 sulphuris,
937 3801 984 3853 ubi
1004 3811 1031 3853 et
1050 3800 1142 3854 bestia
1161 3815 1187 3856 et

82 3881 343 3949 pseudo-propheta
351 3883 549 3936 cruciabantur
556 3883 601 3936 die
610 3901 643 3936 ac
652 3887 727 3938 nolle
736 3888 767 3940 in
776 3886 879 3939 sceculo
889 3888 1056 3941 seculorum
1063 3889 1075 3914 ’'
1083 3889 1183 3957 (Apoc.

82 3969 148 4034 XX,
165 3971 248 4034 oro).
290 3969 429 4022 Eamdem
449 3970 508 4023 fore
528 3979 631 4023 sortem
652 3987 748 4024 eorum
766 3971 813 4040 qui
831 3989 848 4024 a
865 3970 979 4026 diabolo
993 3971 1101 4027 sedudli
1122 3985 1187 4029 sunt

82 4052 175 4120 colligi
191 4063 284 4122 potest
296 4070 330 4108 ex
345 4051 513 4122 Apoc.‘XX,
533 4067 575 4125 153
596 4057 677 4120 XXI,
693 4057 718 4111 8.

117 4137 230 4194 ³Eccle.
247 4141 299 4204 XI,
316 4155 340 4207 3.
357 4173 391 4180 --
404 4142 414 4172 ⁴
429 4143 520 4197 Mara
541 4144 596 4206 III,
613 4158 658 4212 ²93
680 4146 764 4197 Matr.
780 4145 847 4210 XII,
863 4158 903 4210 32.

118 4226 208 4280 ⁵Luc.
224 4228 303 4290 XVI,
320 4229 362 4280 26.
