2770 4652
415 193 740 245 PROLEGOMENA.
1064 193 1132 244 ⁴79

26 373 103 436 bula
119 373 316 455 hujusmodi
332 395 398 437 non
415 384 544 439 tantum
562 374 745 456 simplicem
759 372 886 436 consilii
900 374 1131 450 mutationem,

24 479 81 538 sed
98 479 205 540 etiam
223 479 399 559 praeteritae
414 479 491 540 vitae
507 478 771 554 detestationem,
784 476 984 558 significare;
1000 478 1046 540 sic
1059 499 1087 539 v.
1100 496 1129 557 g.

25 579 164 642 dicebat
179 581 254 661 pius
263 579 368 663 J0b1:
389 587 406 612 “
418 581 500 644 Ideo
521 582 713 665 insipienter
736 583 865 645 locutus
889 602 961 645 sum
1008 581 1130 643 ichrco

25 682 95 761 ipse
113 703 168 745 me
183 683 380 764 reprehendo,
390 696 424 748 et
436 705 500 765 ago
513 687 743 768 poenitentiam
757 686 788 747 in
803 684 915 749 favilla
930 695 963 748 et
979 684 1088 746 cinere
1098 685 1129 762 ’';

25 785 148 848 iterum
167 789 214 850 ait
230 787 454 852 Psalmnrar:
477 791 710 856 “Sacrificium
729 791 803 853 Deo
823 791 956 871 spiritus
971 788 1131 852 contribu-

24 888 138 961 latus,·
168 911 224 953 cor
247 893 425 956 contritum
449 903 482 957 et
505 894 715 958 humiliatum
744 915 809 956 non
837 892 997 974 despicies
1008 893 1046 966 '’;
1069 911 1129 952 nec

25 991 123 1054 aliter
149 994 343 1076 Prophetae:
366 997 641 1072 “ConvertimIni,
663 1009 697 1062 et
719 999 809 1080 agite
831 996 1063 1077 poenitentiam
1087 994 1130 1055 ab

24 1096 186 1160 omnibus
210 1099 439 1180 iniquitatibus
462 1103 613 1164 vestris...
629 1112 664 1165 et
686 1101 784 1164 facite
804 1100 897 1163 vobis
919 1118 975 1160 cor
998 1115 1130 1170 novum,

26 1207 58 1258 et
81 1200 241 1281 spiritum
265 1223 387 1266 novum
399 1206 414 1230 ''
426 1217 447 1268 ³.
494 1207 595 1269 Porro
614 1207 646 1269 in
667 1206 718 1268 his
737 1215 770 1268 et
790 1203 951 1267 similibus
971 1199 1129 1273 textibus

26 1311 152 1380 praeter
163 1305 241 1366 vitae
257 1309 474 1371 mutationem
492 1310 637 1372 invenire
650 1320 701 1375 est
717 1310 840 1392 peccati
857 1307 1129 1382 detestationem

27 1405 107 1484 quid
126 1417 179 1469 est
195 1409 283 1472 enim
298 1412 436 1492 seipsurrr
452 1413 682 1493 reprehendere,
698 1432 754 1475 cor
769 1412 940 1474 contritum
964 1409 1094 1482 habere,
1109 1429 1129 1468 a

22 1510 165 1586 peccatis
176 1512 400 1591 penitentiam
420 1535 522 1598 agere,
537 1523 598 1578 etc.
614 1515 675 1576 nisi
695 1515 798 1576 vitam
819 1511 1019 1594 praeteritam
1039 1509 1128 1571 dete·

29 1613 130 1675 stari?
170 1616 342 1691 Praeterea,
374 1617 409 1680 S.
440 1618 568 1680 Paulus
598 1619 798 1699 poenitentes
829 1613 1018 1680 Corinthios
1049 1611 1129 1674 allo-

30 1733 147 1792 quens,
160 1717 318 1798 explicite
334 1721 500 1785 tristitiam
518 1731 757 1784 commemorat
773 1730 810 1782 ut
826 1740 911 1782 verae
925 1716 1129 1800 poenitentia·

30 1817 235 1881 elementum
246 1833 260 1874 4
273 1843 279 1882 ;
302 1827 317 1853 ‘⁴
332 1821 362 1884 N
366 1844 430 1886 unc
445 1824 584 1905 gaudeo,
598 1845 662 1886 non
680 1825 757 1905 quia
772 1823 956 1885 contristati
972 1821 1060 1892 estis,
1071 1817 1128 1881 sed

32 1921 109 1999 quia
126 1924 314 1988 contristati
338 1927 417 1989 estis
440 1928 481 1991 ad
506 1929 764 2010 poenitentiam„
810 1925 895 2007 Quae
910 1927 997 1988 enim
1015 1943 1129 1986 secun·

32 2023 112 2085 dum
132 2023 244 2087 Deum
269 2028 402 2091 tristitia
425 2040 484 2106 est,
500 2031 731 2113 poenitentiam
756 2029 787 2090 in
811 2028 952 2091 salutem
976 2026 1129 2090 stabilem

33 2131 223 2207 operatur''.

34 2230 82 2310 (b)
106 2233 201 2296 Idem
226 2235 336 2316 colligi
363 2246 474 2319 potest
496 2257 539 2299 ex
563 2234 752 2299 auctoribus
775 2235 941 2318 profanis;
972 2234 1018 2297 ita
1040 2233 1131 2314 apud,

38 2334 180 2399 Gellium
193 2348 214 2412 5,
232 2337 346 2401 Gallus
372 2340 507 2402 Asinius
534 2351 566 2403 et
591 2340 731 2421 Largius
756 2339 902 2402 Licinius
925 2338 1047 2401 docent
1070 2357 1130 2398 nos

36 2441 198 2518 poenitere
222 2439 241 2471 “
253 2463 327 2504 cum
351 2464 426 2526 quae
449 2445 510 2526 ipsi
534 2429 755 2508 lecimu's..ea
772 2443 866 2506 nobis
883 2452 959 2524 post
974 2441 1134 2522 incipiunt

36 2541 208 2621 displicere,
223 2547 489 2628 sententiamque
505 2547 537 2610 in
555 2548 593 2608 iis
610 2557 756 2610 nostram
773 2545 1018 2610 demutamus'’.
1065 2543 1131 2606 Eo·

37 2643 111 2708 dem
129 2665 228 2708 sensu
245 2648 357 2711 scribit
376 2649 514 2712 Ovidius
525 2649 559 2712 ⁶:

196 2783 213 2808 “
224 2780 369 2839 Poenitet:
387 2781 440 2838 oh!
459 2781 483 2838 si
496 2780 569 2853 quid
583 2783 755 2839 miserorum
769 2781 898 2840 ereditur
911 2781 960 2839 ulli
972 2802 979 2851 ;

268 2869 403 2939 Poenitet,
418 2879 447 2928 et
459 2870 538 2928 Iacto
550 2877 683 2941 torqueor
693 2871 756 2942 ipse
769 2887 837 2927 meo
847 2869 871 2924 ”.

39 2999 85 3080 (c)
110 3001 282 3066 Consonat
306 3004 377 3084 ipsa
400 3003 509 3067 ratio:
533 3003 590 3083 qui
613 3003 701 3065 enim
726 3001 895 3083 resipiscit,
917 3009 951 3062 et
973 2999 1074 3061 vitam
1099 2998 1131 3059 in

42 3105 156 3168 melius
173 3115 288 3176 mutat,
302 3107 422 3170 idcirco
437 3107 610 3170 consilium
627 3114 768 3182 revocat,
780 3105 858 3184 quia
870 3104 1011 3185 priorem
1029 3102 1132 3164 vitam

41 3210 161 3290 malam
188 3230 261 3273 esse
286 3211 460 3292 intelligit;
491 3211 607 3292 utquid
634 3211 722 3272 enim
749 3228 870 3270 novam
896 3208 1044 3282 duceret,
1070 3206 1132 3268 nisi

42 3314 181 3393 priorem
212 3316 361 3396 aequitati
390 3318 588 3379 contrariam
619 3335 690 3377 esse
720 3314 867 3376 videret?
913 3313 1019 3393 Atqui
1048 3312 1132 3374 sicut

41 3438 150 3482 amare
173 3419 294 3483 bonum
317 3430 474 3494 tenemur,
496 3421 542 3482 ita
562 3429 595 3484 et
614 3420 737 3483 malum
759 3419 877 3490 odisse,
900 3415 1081 3498 praesertim
1105 3415 1132 3476 si

43 3521 135 3586 luerit
151 3544 171 3586 a
187 3523 282 3586 nobis
297 3524 519 3587 commissum.
567 3523 657 3604 Ergo
677 3521 874 3604 poenitentia
895 3519 1021 3601 peccati
1041 3518 1131 3580 dete·

42 3629 217 3690 stationem
245 3627 410 3708 importat.
467 3625 614 3688 Aliunde
644 3624 864 3687 reconciliatio
890 3641 965 3684 cum
992 3624 1133 3702 persona

43 3731 165 3794 offensa
186 3731 260 3813 plus
279 3732 413 3812 requirit
437 3749 538 3812 quam
561 3729 778 3792 cessationem
802 3725 950 3806 injuriae;
976 3725 1031 3805 qui
1047 3725 1153 3818 enim⁴

44 3836 83 3897 ab
97 3835 287 3898 homiuibus
303 3836 432 3896 veniam
450 3835 542 3915 petit,
554 3834 697 3915 primum
714 3829 970 3893 detestationem
987 3848 1024 3890 ac
1040 3827 1133 3890 dolo·

45 4044 114 4114 ficar,
127 4058 158 4101 ut
172 4057 281 4101 constat
297 4063 331 4098 ex
349 4044 457 4100 Lexicis
473 4044 558 4098 etiam
577 4061 594 4096 a
615 4040 837 4096 Protestantibus
850 4037 941 4100 editis,
958 4037 1129 4104 Sclrlerrsner,

46 4131 187 4196 Rebr'nsen,
204 4135 230 4187 T
228 4133 315 4201 lrayer
326 4144 378 4186 etc.
418 4131 473 4185 Cir.
489 4131 631 4192 Ilion'rms,
647 4145 692 4198 op.
708 4128 764 4190 cit,
780 4126 825 4180 Iib.
842 4127 863 4192 I,
877 4142 898 4178 c.
914 4141 939 4178 2.

78 4217 84 4246 ¹
93 4222 152 4289 lob.
168 4221 261 4286 XLII,
275 4222 327 4287 3·6.
341 4247 374 4257 -
387 4215 397 4246 ²
409 4221 455 4272 Ps.
472 4220 500 4272 L.
518 4233 554 4286 ¹9·
570 4249 603 4255 —-
616 4217 626 4248 ³
640 4215 736 4269 Ereclr.
755 4215 867 4279 XVIII,
879 4227 922 4283 3¹·

77 4313 86 4342 ⁴
99 4311 133 4363 ll
145 4307 208 4364 Cor.
225 4310 290 4376 VII,
304 4322 374 4376 oro.
388 4337 421 4345 -
435 4305 444 4336 ⁵
459 4305 527 4359 Gell.
541 4305 558 4358 I.
572 4305 668 4367 XVII,
685 4319 708 4356 c.
728 4319 748 4357 1.
763 4331 797 4340 -
809 4299 819 4329 ⁶
833 4301 844 4354 I
860 4301 895 4355 de
910 4302 1006 4366 Ponto,
1019 4298 1096 4365 Eleg.
1110 4298 1131 4350 1.
