2738 4646
244 187 311 240 ³30
418 217 420 220 ·
700 184 840 239 CAPUT
856 186 881 236 1.

244 371 301 434 sed
319 391 422 451 quum
439 371 539 434 iidem
557 369 635 432 alibi
651 371 775 434 diserte
790 369 957 433 affirment
978 371 1040 430 nos'
1061 367 1142 431 illud
1160 387 1239 429 vere
1251 381 1329 428 man·

244 474 375 550 ducare,
390 474 446 536 illa
462 493 625 556 apparens
638 470 858 536 contradictio
871 470 1059 551 explicatur
1070 470 1098 532 si
1115 469 1237 551 triplex
1251 486 1328 530 man-

244 578 379 640 ducatio
396 576 614 642 Eucharistiae
631 575 856 664 distinguitur,
866 571 1112 637 sacramentalis
1128 583 1254 635 tanturn
1265 590 1327 652 quae

245 679 396 742 consistit
413 681 444 742 in
464 679 624 742 materiali
643 679 832 760 receptione
847 677 1047 741 sacramenti
1062 697 1082 740 a
1098 675 1327 758 peccatoribus;

243 781 426 862 spiritualis
449 790 577 842 tontum
601 800 660 862 per
684 779 782 842 fidem
807 789 840 843 et
864 779 1078 857 desiderium
1100 779 1325 843 sacranoenlalis

243 883 389 946 simulet
403 883 597 964 spiritualis,
613 903 689 964 quae
713 881 750 946 fit
772 905 792 948 a
811 883 911 964 justis
927 901 1055 945 sacram
1073 884 1326 946 communionem

244 987 522 1068 recipientibus¹;
561 1006 628 1068 quo
660 988 779 1068 posito,
810 985 1007 1068 intelligitur
1036 1005 1104 1068 quo
1135 984 1234 1068 padio
1259 985 1326 1067 justi

244 1091 455 1165 manducent,
472 1098 663 1171 peccatores
685 1099 796 1153 autern
820 1109 886 1153 non
908 1089 1113 1154 manducent
1136 1111 1253 1174 corpus
1268 1089 1325 1152 Do

244 1192 350 1254 mini:
367 1193 495 1273 priores
511 1191 675 1274 siquidem
699 1212 765 1254 non
788 1192 897 1255 solum
920 1193 1143 1271 materialiter,
1160 1197 1217 1258 sed
1240 1195 1326 1257 etiarn

243 1295 457 1376 spiritualiter
472 1317 478 1372 ;
494 1295 687 1376 posteriores
702 1314 781 1357 vero
797 1295 1013 1359 materialiter
1028 1297 1085 1358 sed
1104 1315 1171 1360 non
1189 1297 1326 1379 spiritua-

244 1397 325 1460 liter.
374 1397 497 1460 lterum
518 1398 632 1459 Patres
649 1417 716 1458 non
740 1399 836 1478 pauci
860 1398 976 1461 dicunt
992 1418 1111 1481 corpus
1129 1399 1248 1464 Christi
1270 1417 1326 1460 non

244 1501 446 1576 manducari,
460 1501 476 1562 i.
490 1519 516 1562 e.
530 1500 687 1564 dentibus
703 1519 769 1562 non
787 1502 857 1576 teri,
873 1501 951 1582 quia
968 1520 1079 1564 revera
1096 1503 1223 1583 species
1238 1501 1328 1584 panis,

244 1623 309 1665 non
327 1615 438 1666 autern
456 1623 575 1685 corpus
593 1604 710 1684 ipsum,
726 1604 883 1667 dentibus
900 1613 1058 1668 teruntur.

622 1741 667 1798 11.
693 1740 752 1798 Ex
775 1741 979 1812 liturgllsr.

286 1883 335 1946 31.
383 1866 551 1948 Liturgiae,
564 1876 601 1929 ut
613 1877 744 1942 constat
757 1889 801 1929 ex
820 1867 871 1930 Tr.
885 1868 924 1929 dr
936 1869 1092 1932 Fontibus
1109 1870 1212 1934 Theol.
1227 1871 1265 1948 (n.
1278 1883 1326 1946 23·

244 1973 300 2052 24)
313 1969 471 2035 invictum
488 1982 566 2034 sunt
582 1981 816 2053 argumentum
834 1970 910 2034 fidei
927 1972 1093 2049 Ecclesiae,
1106 1957 1209 2056 quum
1227 1973 1266 2035 dc
1279 1970 1327 2032 ali·
1363 2037 1364 2040 Ἴ

243 2094 310 2154 quo
329 2076 487 2156 dogmate
510 2075 712 2136 unanimiter
728 2075 964 2152 consentiunt;
993 2076 1085 2157 atqui
1109 2076 1250 2157 liturgiae
1271 2092 1326 2135 non
1363 2069 1364 2078 ’

243 2179 350 2241 solum
369 2182 547 2254 modernae,
559 2178 617 2240 sed
635 2179 735 2240 etiarn
753 2179 909 2260 antiquae,
922 2199 988 2241 non
1006 2179 1114 2242 solum
1133 2173 1326 2252 Latinae,sed

243 2283 343 2345 etiam
357 2281 492 2358 Graecae,
504 2302 569 2343 non
583 2280 690 2343 solum
704 2282 913 2358 orthodoxae,
927 2283 984 2344 sed
998 2284 1100 2346 etiam
1113 2277 1326 2342 schismatica.

243 2384 326 2449 tales
350 2405 463 2466 preces
487 2396 520 2448 et
544 2384 702 2447 formulas
719 2385 880 2448 exhibent
897 2405 973 2465 quae
989 2404 1123 2448 sensum
1142 2379 1326 2464 metaphori-

243 2508 318 2549 cum
336 2487 530 2564 excludunt,
546 2497 579 2550 et
603 2508 621 2548 e
645 2495 760 2549 contra
785 2487 967 2572 important
983 2508 1094 2550 veram
1121 2485 1325 2549 mutationem

244 2591 339 2671 panis
356 2591 387 2652 in
405 2611 524 2672 corpus
541 2591 674 2656 Christi.
721 2590 775 2654 Sic
792 2613 820 2654 v.
836 2611 866 2671 g.
884 2592 915 2653 in
935 2591 1086 2673 Liturgia
1105 2591 1139 2654 S.
1151 2587 1271 2672 Jacobr',
1285 2603 1325 2646 sa-

243 2693 368 2767 cerdos
384 2694 464 2755 dum
481 2693 679 2775 particulam
696 2693 826 2774 accipit,
843 2694 889 2756 ait
908 2714 915 2757 :
939 2700 955 2745 ‘t
966 2695 1081 2756 Teneo
1103 2703 1145 2767 te,
1161 2693 1217 2773 qui
1238 2687 1325 2752 conti·

244 2817 301 2858 nes
322 2795 402 2858 fines
423 2805 539 2872 terrae;
563 2806 596 2859 te
613 2797 644 2858 in
664 2797 816 2859 manibus
833 2797 949 2872 habeo,
966 2797 1022 2877 qui
1047 2796 1134 2877 regis
1158 2792 1326 2876 profunda;
1361 2875 1362 2880 η

244 2909 286 2974 te,
298 2900 397 2974 Deus
410 2919 499 2980 pono
513 2900 546 2961 in
559 2919 596 2960 os
610 2919 720 2961 meum
733 2899 756 2962 ''.
805 2900 857 2961 Ita
868 2901 968 2962 etiarn
984 2901 1015 2961 in
1030 2900 1164 2981 liturgia
1177 2898 1211 2963 5.
1223 2893 1326 2962 Marri,

243 3003 330 3082 apud
349 3001 529 3082 AEgyptios
546 3001 705 3077 adhibita,
721 3011 754 3062 et
772 3001 804 3063 in
823 3001 954 3084 liturgia
973 2999 1110 3082 Copticrl,
1122 2999 1272 3063 sacerdos
1286 2995 1325 3058 di-

243 3106 311 3167 cit:
337 3105 482 3179 “Cred0,
499 3106 607 3179 credo,
629 3106 728 3167 credo
752 3114 785 3167 et
808 3104 969 3168 confiteor
993 3125 1096 3186 usque
1120 3105 1162 3166 ad
1188 3103 1326 3166 ultimum

243 3209 394 3288 spiritum
420 3208 508 3287 quod
534 3208 577 3270 sit
601 3209 673 3288 ipsa
698 3227 774 3269 caro
797 3207 926 3270 vivifica
946 3207 1121 3289 Unigeniti
1139 3207 1213 3268 Filii
1236 3205 1325 3269 tui...

242 3309 340 3372 credo
356 3328 429 3371 earn
449 3309 553 3388 ipsam
568 3329 643 3372 vere
655 3330 727 3371 esse
738 3311 762 3371 ”.
811 3309 848 3371 ln
868 3310 1000 3392 liturgia
1015 3310 1050 3373 S.
1065 3306 1278 3389 Chorsostomi
1288 3305 1325 3366 sic

241 3425 313 3477 orat
335 3413 488 3474 sacerdos
510 3423 588 3474 ante
609 3415 919 3475 consecrationem:
944 3415 1039 3475 “Fac
1061 3413 1197 3493 quidem
1220 3425 1324 3492 panem

275 3595 361 3666 ²Quo
381 3613 463 3650 sensu
484 3595 522 3649 ait
536 3597 721 3666 Augustinus
733 3595 829 3664 (serm.
850 3610 950 3662 13r,n.
972 3594 1019 3662 tl:
1049 3595 1151 3650 “illud
1171 3594 1325 3648 manducare
1359 3589 1360 3592 ’

240 3684 314 3738 refici
328 3695 379 3751 est,
393 3694 420 3738 et
435 3682 502 3736 illud
515 3683 620 3746 bibere,
634 3683 703 3752 quid
717 3693 760 3738 est
773 3683 826 3737 nisi
841 3683 934 3737 vivere
945 3683 956 3736 i
1014 3693 1080 3736 tunc
1094 3693 1189 3736 autem
1208 3683 1257 3734 hoc
1275 3677 1323 3739 erit,

240 3771 256 3823 i.
266 3787 289 3823 e.
299 3771 356 3822 vita
370 3769 519 3838 unicuique
530 3769 581 3822 erit
596 3786 697 3839 corpus
708 3779 736 3822 et
750 3770 865 3838 sanguis
877 3767 990 3834 Christi,
1000 3769 1022 3821 si
1037 3769 1113 3839 quod
1127 3769 1155 3822 in
1166 3777 1323 3822 sacramento

240 3855 386 3908 visibiliter
400 3857 526 3921 sumitur,
540 3855 567 3908 in
587 3856 648 3924 ipsa
662 3857 778 3909 veritate
792 3855 974 3923 spiritualiter
987 3855 1181 3922 manducetur,
1194 3849 1322 3922 spirituali·

240 3953 281 3994 ter
294 3941 436 3993 bibatur”.

274 4024 283 4054 ²
298 4027 337 4078 Cf.
348 4027 509 4094 Perpetui&
518 4029 551 4079 do
562 4027 592 4079 lo
605 4029 666 4096 For',
680 4029 723 4081 ed.
741 4029 845 4096 hligne,
862 4029 914 4081 vol.
931 4028 986 4093 lll,
1001 4044 1026 4096 p.
1041 4041 1093 4096 219
1107 4044 1163 4098 sq.;
1184 4023 1320 4080 Renouriol,
1358 4023 1359 4045 ¹

241 4109 375 4164 Colletiio
389 4111 480 4180 liturg.
497 4113 593 4166 orient.
606 4125 625 4166 t.
638 4116 679 4178 ll;
699 4113 785 4182 Roth,
800 4117 927 4182 Hierurg.
944 4131 1033 4176 sacra,
1050 4125 1068 4168 t.
1088 4114 1128 4175 ll,
1145 4111 1284 4182 Appendir
1297 4107 1314 4166 li

246 4198 270 4248 ll
276 4196 430 4264 'r'lbersorcn
439 4199 500 4251 The
514 4198 640 4252 doctrine
655 4201 686 4252 oi
696 4201 743 4254 the
761 4203 795 4255 ll.
814 4201 973 4266 Eucharist,
988 4217 1010 4253 e
1027 4201 1090 4264 111;
1109 4201 1142 4253 de
1156 4195 1319 4268 Augustino.

240 4283 254 4332 l.
270 4281 316 4334 clt.
333 4300 358 4349 p.
374 4282 425 4346 69;
446 4283 537 4349 l’esclr,
552 4301 577 4336 n.
593 4286 715 4351 oso-666.
