2770 4646
283 164 340 212 DE
360 163 750 215 SACRAMENTORUM
769 163 917 214 CAUSA.
1083 165 1144 214 215

50 354 264 407 sacramenta,
313 346 397 408 Item
411 347 514 408 virtus
527 346 693 425 religionis
706 347 812 428 exigit
830 365 871 407 ne
886 365 979 408 sacra
995 344 1145 426 prolana-

51 447 132 507 tioni
155 460 386 528 exponantur;
410 459 443 511 et
465 450 568 512 virtus
591 448 739 510 caritatis
761 449 908 530 postulat
932 468 973 510 ne
996 449 1147 511 minister

50 561 243 630 cooperetur
274 552 420 633 indignae
451 553 653 633 susceptioni
687 552 894 626 sacramenti,
926 561 960 613 et
990 551 1147 613 scandalo

51 653 172 714 exinde
188 653 341 718 fidelibus
357 656 445 718 dato.
493 654 638 717 Aliunde
655 674 721 716 non
739 655 869 716 laeditur
885 654 973 716 fama
993 654 1147 735 proximi,

50 774 151 832 quum
168 768 306 837 peccato
322 759 455 840 publico
470 779 544 820 eam
561 759 715 820 amiserit.

52 857 100 934 (a)
116 858 194 920 Dixi
212 861 412 941 regulariter,
424 882 499 924 nam
517 861 678 941 imprimis
691 869 934 922 sacramentum
948 846 1149 923 Paenitentia

51 960 149 1025 debet
165 966 320 1029 omnibus
344 965 490 1040 concedi,
506 966 606 1027 etiam
623 964 761 1027 notoriis
778 965 1013 1045 peccatoribus,
1030 965 1056 1026 si
1073 985 1147 1027 vere

52 1067 117 1128 sint
132 1070 274 1144 contriti,
290 1071 368 1150 quia
388 1071 451 1132 hoc
475 1080 718 1132 sacramentum
736 1089 796 1150 pro
812 1070 1040 1149 peccatoribus
1056 1069 1146 1130 insti-

52 1179 156 1234 tutum
186 1183 244 1236 est.
297 1175 390 1236 ldem
419 1174 483 1237 dici
511 1181 622 1255 potest
648 1182 682 1235 et
709 1172 810 1236 debet
835 1173 877 1234 de
904 1173 964 1235 Ex.
997 1173 1149 1236 Unliz'one

52 1277 185 1352 quando
200 1277 419 1340 moribundus
436 1298 501 1339 non
520 1286 630 1358 potest
646 1274 794 1338 confiteri
819 1285 957 1357 peccata
977 1295 1045 1339 sua.
1093 1276 1147 1336 ln·

52 1396 148 1456 super
162 1378 344 1460 aliquando
359 1379 615 1442 Matrimonium
633 1379 835 1460 permittitur
850 1380 950 1441 etiam
968 1379 1145 1461 peccatori-

51 1480 112 1540 bus
135 1482 283 1562 publicis,
302 1505 330 1547 v.
347 1505 376 1566 g.
394 1484 565 1558 haereticiS,
588 1485 629 1545 ad
654 1483 872 1564 praecavenda
895 1483 983 1545 mala
1005 1503 1080 1564 quae
1103 1503 1146 1544 ex

52 1585 270 1666 denegatione
282 1589 358 1651 oriri
372 1597 516 1670 possent,
528 1587 711 1670 praescrtim
724 1606 827 1667 quum
841 1587 902 1668 ipsi
915 1587 1145 1651 contrahentes

52 1689 117 1751 sint
142 1692 282 1754 ministri
306 1693 338 1754 in
363 1691 425 1754 hoc
448 1701 666 1766 sacramento
683 1712 721 1753 ac
738 1690 875 1772 proinde
899 1691 1007 1753 minor
1029 1691 1071 1752 sit
1094 1709 1144 1752 co·

53 1795 199 1872 operatio
215 1797 405 1858 sacerdotis.

54 1894 101 1974 (b)
118 1895 155 1960 Si
172 1899 294 1960 crimen
312 1899 356 1960 sit
371 1909 488 1961 notum
506 1899 618 1961 multis
635 1919 678 1961 cx
695 1898 922 1977 praesentibus,
938 1899 1017 1979 quin
1034 1908 1146 1984 tamen

54 2001 214 2063 notorium
236 2003 288 2078 sit,
304 2012 512 2064 sacramenta
534 2021 600 2063 non
622 2010 699 2062 sunt
720 2000 925 2080 deneganda.
972 2001 1065 2063 Idem
1083 2001 1147 2062 dici

54 2111 162 2180 potest
177 2105 203 2165 si
224 2105 348 2168 crimen
372 2105 415 2167 sit
440 2105 605 2166 notorium
631 2105 662 2165 in
688 2103 761 2167 loco
784 2104 903 2185 aliqu0,
919 2105 977 2166 sed
1002 2090 1067 2165 non
1092 2105 1147 2166 ubi

55 2215 205 2280 peccator
221 2209 314 2289 petit,
331 2208 392 2270 nisi
410 2219 521 2271 tamen
539 2208 760 2290 praevideatur
776 2207 981 2287 indignitatis
997 2207 1149 2270 notitiam

56 2305 142 2370 brevi
165 2310 198 2371 in
223 2311 311 2373 hunc
335 2311 443 2373 locum
465 2320 706 2393 perventuram.
760 2311 860 2372 Ratio
876 2319 926 2373 est
942 2311 1019 2391 quia
1036 2311 1067 2372 in
1085 2311 1147 2372 hoc

56 2409 173 2490 duplici
190 2433 268 2476 casu
287 2433 351 2476 non
369 2423 499 2477 constat
523 2415 565 2476 de
589 2415 788 2476 notorietate
803 2412 949 2476 criminis
965 2437 972 2492 ;
996 2413 1027 2473 in
1045 2413 1148 2474 dubio

57 2523 171 2590 autern,
184 2517 301 2578 odiosa
316 2527 393 2578 sunt
410 2516 647 2597 restringenda,
660 2537 698 2576 ac
711 2515 799 2578 lama
817 2516 960 2597 proximi
978 2517 1146 2578 servanda.

57 2616 98 2696 (c)
116 2617 150 2681 Si
167 2629 279 2683 autem
297 2621 419 2683 crimen
437 2621 480 2683 sit
496 2620 672 2693 notorium,
688 2629 721 2681 et
744 2619 846 2682 dubia
869 2619 1075 2700 poenitentia,
1091 2639 1146 2698 ge-

58 2723 189 2784 neratim
207 2743 299 2786 sacra
316 2725 506 2786 communio
522 2723 705 2784 differenda
721 2732 780 2797 est,
797 2742 838 2784 ne
854 2721 1046 2783 scandalum
1064 2741 1146 2801 prae-

58 2820 173 2887 beatur.

58 2925 103 3006 (d)
118 2927 281 3004 Tandem,
293 2929 428 3009 quando
444 2941 652 2994 sacramenta
668 2927 799 3009 publice
812 2927 1026 3008 denegantur,
1040 2927 1146 2988 maxi-

59 3031 105 3090 mi
117 3031 294 3111 prudentia
309 3032 469 3094 utendum
493 3041 551 3108 est,
569 3051 629 3093 nec
650 3031 781 3113 publice
804 3031 981 3111 aperienda
997 3040 1048 3091 est
1064 3031 1147 3092 ratio

59 3130 289 3214 denegationis,
313 3154 354 3196 ne
377 3145 531 3216 peccator
557 3155 629 3196 sese
655 3134 778 3215 injuste
804 3131 1014 3195 diffamatum
1042 3134 1147 3196 consi-

59 3230 150 3308 deret,
166 3254 205 3295 ac
223 3235 410 3298 ministrum
426 3257 537 3300 coram
556 3237 711 3299 tribunali
727 3247 951 3317 prosequatur.

97 3335 160 3402 108.
207 3349 243 3398 20
253 3335 381 3416 Quoad
397 3344 607 3417 peccatores
622 3339 793 3404 occultos.
834 3339 893 3420 (A)
907 3340 1076 3402 Peccatori
1093 3359 1146 3400 oc-

60 3436 138 3500 culto
153 3440 267 3502 occulte
282 3444 411 3522 potenti
425 3441 617 3524 regulariter
627 3443 824 3522 deneganda
838 3451 915 3505 sunt
931 3449 1146 3503 sacramenta.

61 3535 140 3603 Talis
157 3553 207 3605 est
223 3543 337 3624 regula
353 3564 372 3606 a
389 3545 514 3608 Rituali
531 3555 677 3608 statuta:
697 3545 885 3610 “Occultos
901 3562 979 3606 vero
995 3554 1146 3624 peccato-

61 3661 112 3718 res,
126 3647 151 3708 si
174 3647 303 3709 occulte
326 3657 451 3728 petant,
468 3659 501 3712 et
517 3670 574 3711 eos
591 3670 657 3711 non
676 3650 872 3711 emendatos
889 3648 1026 3721 noverit,
1042 3648 1147 3729 repel-

62 3740 100 3805 lat
112 3746 133 3810 ''.
179 3750 280 3812 Ratio
296 3759 346 3812 est
362 3751 440 3831 quia
456 3762 501 3813 ex'
517 3750 614 3814 dictis
636 3772 702 3813 non
728 3759 867 3832 possunt
884 3749 1024 3813 conferri
1040 3771 1146 3812 sacra-

63 3864 162 3916 menta
178 3855 333 3936 indignis,
349 3855 411 3916 nisi
429 3855 565 3917 accedat
581 3854 776 3935 gravissima
798 3853 881 3915 ratio
896 3873 902 3928 ;
926 3854 1018 3933 atqui
1034 3853 1067 3914 in
1085 3854 1146 3917 hoc

63 3970 128 4018 casu
154 3978 220 4020 non
248 3958 344 4020 adest
366 3948 464 4031 ratio,
491 3975 593 4037 quum
622 3966 776 4037 peccator
802 3955 930 4018 occulte
957 3965 1059 4036 petat,
1087 3976 1147 4019 nec

65 4057 188 4128 proinde
203 4081 246 4124 ex
263 4060 485 4141 denegatione
501 4058 666 4122 diffamari
688 4059 792 4140 possit
808 4079 815 4134 ;
838 4079 923 4140 ergo.
941 4119 942 4124 ,
970 4059 1147 4139 Excipitur

67 4175 145 4224 casus
167 4183 233 4246 quo
257 4164 437 4244 indignitas
461 4163 604 4243 petentis
626 4171 880 4242 cognosceretur
895 4182 954 4243 per
969 4161 1146 4224 confessio-

69 4277 129 4325 nem
144 4267 424 4342 sacramentalem,
442 4286 483 4328 ne
500 4264 624 4327 exinde
640 4263 803 4326 consessio
820 4263 877 4329 fiat
892 4265 1016 4326 odiosa.
