<?xml version="1.0" encoding="UTF-8"?>
<!DOCTYPE html PUBLIC "-//W3C//DTD XHTML 1.0 Transitional//EN"
    "http://www.w3.org/TR/xhtml1/DTD/xhtml1-transitional.dtd">
<html xmlns="http://www.w3.org/1999/xhtml" xml:lang="en" lang="en">
 <head>
  <title>
</title>
<meta http-equiv="Content-Type" content="text/html;charset=utf-8" />
  <meta name='ocr-system' content='tesseract 3.04.00' />
  <meta name='ocr-capabilities' content='ocr_page ocr_carea ocr_par ocr_line ocrx_word'/>
</head>
<body>
  <div class='ocr_page' id='page_1' title='image "./synopsistheolog01tanqgoog_0292.png"; bbox 0 0 2738 4646; ppageno 0'>
   <div class='ocr_carea' id='block_1_1' title="bbox 220 133 1123 192">
    <p class='ocr_par' dir='ltr' id='par_1_1' title="bbox 220 133 1123 192">
     <span class='ocr_line' id='line_1_1' title="bbox 220 133 1123 192; baseline 0.01 -10"><span class='ocrx_word' id='word_1_1' title='bbox 220 133 466 186; x_wconf 64' lang='lat' dir='ltr'>sanemus</span> <span class='ocrx_word' id='word_1_2' title='bbox 484 137 541 186; x_wconf 81' lang='lat' dir='ltr'>DE</span> <span class='ocrx_word' id='word_1_3' title='bbox 558 137 931 189; x_wconf 63' lang='lat' dir='ltr'>cons-mumdum</span> <span class='ocrx_word' id='word_1_4' title='bbox 1059 139 1123 192; x_wconf 85' lang='grc'>277</span> 
     </span>
    </p>
   </div>
   <div class='ocr_carea' id='block_1_2' title="bbox 251 375 904 608">
    <p class='ocr_par' dir='ltr' id='par_1_2' title="bbox 251 375 904 608">
     <span class='ocr_line' id='line_1_2' title="bbox 251 375 904 459; baseline 0.011 -7"><span class='ocrx_word' id='word_1_5' title='bbox 251 375 338 454; x_wconf 83' lang='lat' dir='ltr'>Art.</span> <span class='ocrx_word' id='word_1_6' title='bbox 360 375 414 454; x_wconf 93' lang='lat' dir='ltr'>II.</span> <span class='ocrx_word' id='word_1_7' title='bbox 436 377 500 454; x_wconf 86' lang='lat' dir='ltr'>De</span> <span class='ocrx_word' id='word_1_8' title='bbox 520 378 688 456; x_wconf 70' lang='lat' dir='ltr'>materid</span> <span class='ocrx_word' id='word_1_9' title='bbox 707 396 746 456; x_wconf 92' lang='lat' dir='ltr'>et</span> <span class='ocrx_word' id='word_1_10' title='bbox 764 377 904 459; x_wconf 71' lang='lat' dir='ltr'>sormi.</span> 
     </span>
     <span class='ocr_line' id='line_1_3' title="bbox 422 540 737 608; baseline 0.01 -6"><span class='ocrx_word' id='word_1_11' title='bbox 422 546 451 602; x_wconf 91' lang='lat'>1.</span> <span class='ocrx_word' id='word_1_12' title='bbox 468 545 524 605; x_wconf 86' lang='lat' dir='ltr'>De</span> <span class='ocrx_word' id='word_1_13' title='bbox 540 540 737 608; x_wconf 54' lang='lat' dir='ltr'>materian</span> 
     </span>
    </p>
   </div>
   <div class='ocr_carea' id='block_1_3' title="bbox 50 675 1143 3865">
    <p class='ocr_par' dir='ltr' id='par_1_3' title="bbox 50 675 1131 1804">
     <span class='ocr_line' id='line_1_4' title="bbox 83 675 1127 772; baseline 0.011 -25"><span class='ocrx_word' id='word_1_14' title='bbox 83 694 108 760; x_wconf 69' lang='lat'>5</span> <span class='ocrx_word' id='word_1_15' title='bbox 153 699 183 748; x_wconf 89' lang='lat'>1⁰</span> <span class='ocrx_word' id='word_1_16' title='bbox 204 685 305 750; x_wconf 84' lang='lat' dir='ltr'>Varia</span> <span class='ocrx_word' id='word_1_17' title='bbox 319 699 501 769; x_wconf 83' lang='lat' dir='ltr'>systemata.</span> <span class='ocrx_word' id='word_1_18' title='bbox 519 675 521 679; x_wconf 47' lang='grc'>’</span> <span class='ocrx_word' id='word_1_19' title='bbox 549 690 587 752; x_wconf 91' lang='lat' dir='ltr'>In</span> <span class='ocrx_word' id='word_1_20' title='bbox 607 688 749 753; x_wconf 66' lang='lat' dir='ltr'>Artibus</span> <span class='ocrx_word' id='word_1_21' title='bbox 767 690 1008 772; x_wconf 83' lang='lat' dir='ltr'>Apostolorum</span> <span class='ocrx_word' id='word_1_22' title='bbox 1026 695 1127 759; x_wconf 82' lang='lat' dir='ltr'>soltus</span> 
     </span>
     <span class='ocr_line' id='line_1_5' title="bbox 51 783 1127 874; baseline 0.016 -28"><span class='ocrx_word' id='word_1_23' title='bbox 51 783 79 847; x_wconf 84' lang='lat' dir='ltr'>fit</span> <span class='ocrx_word' id='word_1_24' title='bbox 90 791 204 852; x_wconf 89' lang='lat' dir='ltr'>mentio</span> <span class='ocrx_word' id='word_1_25' title='bbox 214 791 429 874; x_wconf 80' lang='lat' dir='ltr'>impositionis</span> <span class='ocrx_word' id='word_1_26' title='bbox 439 814 598 857; x_wconf 87' lang='lat' dir='ltr'>manuum</span> <span class='ocrx_word' id='word_1_27' title='bbox 613 815 620 871; x_wconf 92' lang='lat'>;</span> <span class='ocrx_word' id='word_1_28' title='bbox 642 813 702 856; x_wconf 90' lang='lat' dir='ltr'>nec</span> <span class='ocrx_word' id='word_1_29' title='bbox 713 794 902 857; x_wconf 89' lang='lat' dir='ltr'>chrismatis</span> <span class='ocrx_word' id='word_1_30' title='bbox 913 795 1026 860; x_wconf 78' lang='lat' dir='ltr'>unt&#39;tio</span> <span class='ocrx_word' id='word_1_31' title='bbox 1038 819 1127 862; x_wconf 91' lang='lat' dir='ltr'>com-</span> 
     </span>
     <span class='ocr_line' id='line_1_6' title="bbox 52 883 1130 979; baseline 0.016 -30"><span class='ocrx_word' id='word_1_32' title='bbox 52 903 232 956; x_wconf 85' lang='lat' dir='ltr'>memoratur</span> <span class='ocrx_word' id='word_1_33' title='bbox 247 916 267 956; x_wconf 91' lang='lat' dir='ltr'>a</span> <span class='ocrx_word' id='word_1_34' title='bbox 285 895 437 960; x_wconf 88' lang='lat' dir='ltr'>Patribus</span> <span class='ocrx_word' id='word_1_35' title='bbox 454 898 516 960; x_wconf 91' lang='lat' dir='ltr'>nisi</span> <span class='ocrx_word' id='word_1_36' title='bbox 534 899 621 960; x_wconf 91' lang='lat' dir='ltr'>circa</span> <span class='ocrx_word' id='word_1_37' title='bbox 643 895 743 958; x_wconf 87' lang='lat' dir='ltr'>linem</span> <span class='ocrx_word' id='word_1_38' title='bbox 760 917 834 958; x_wconf 86' lang='lat' dir='ltr'>saec.</span> <span class='ocrx_word' id='word_1_39' title='bbox 853 883 898 974; x_wconf 51' lang='lat'>1²1,</span> <span class='ocrx_word' id='word_1_40' title='bbox 914 899 1130 979; x_wconf 87' lang='lat' dir='ltr'>probabiliter</span> 
     </span>
     <span class='ocr_line' id='line_1_7' title="bbox 50 992 1129 1081; baseline 0.019 -31"><span class='ocrx_word' id='word_1_41' title='bbox 50 992 238 1075; x_wconf 78' lang='lat' dir='ltr'>aTlieoplrilo</span> <span class='ocrx_word' id='word_1_42' title='bbox 253 997 325 1078; x_wconf 87' lang='lat' dir='ltr'>(Ad</span> <span class='ocrx_word' id='word_1_43' title='bbox 344 999 501 1081; x_wconf 90' lang='lat' dir='ltr'>Autolyc.</span> <span class='ocrx_word' id='word_1_44' title='bbox 520 1000 546 1074; x_wconf 95' lang='lat' dir='ltr'>I,</span> <span class='ocrx_word' id='word_1_45' title='bbox 566 1002 628 1080; x_wconf 87' lang='lat'>12),</span> <span class='ocrx_word' id='word_1_46' title='bbox 644 1009 735 1061; x_wconf 91' lang='lat' dir='ltr'>certo</span> <span class='ocrx_word' id='word_1_47' title='bbox 757 1010 870 1062; x_wconf 88' lang='lat' dir='ltr'>autern</span> <span class='ocrx_word' id='word_1_48' title='bbox 889 1022 909 1064; x_wconf 90' lang='lat' dir='ltr'>a</span> <span class='ocrx_word' id='word_1_49' title='bbox 930 1003 1129 1072; x_wconf 83' lang='lat' dir='ltr'>Tertulliano</span> 
     </span>
     <span class='ocr_line' id='line_1_8' title="bbox 50 1093 1130 1192; baseline 0.017 -37"><span class='ocrx_word' id='word_1_50' title='bbox 50 1093 94 1170; x_wconf 78' lang='lat' dir='ltr'>(de</span> <span class='ocrx_word' id='word_1_51' title='bbox 109 1097 274 1164; x_wconf 89' lang='lat' dir='ltr'>Resurrec.</span> <span class='ocrx_word' id='word_1_52' title='bbox 292 1101 334 1182; x_wconf 91' lang='lat'>8).</span> <span class='ocrx_word' id='word_1_53' title='bbox 383 1103 456 1164; x_wconf 92' lang='lat' dir='ltr'>lmo</span> <span class='ocrx_word' id='word_1_54' title='bbox 479 1103 578 1166; x_wconf 93' lang='lat' dir='ltr'>hodie</span> <span class='ocrx_word' id='word_1_55' title='bbox 601 1106 633 1166; x_wconf 90' lang='lat' dir='ltr'>in</span> <span class='ocrx_word' id='word_1_56' title='bbox 651 1105 845 1170; x_wconf 74' lang='lat' dir='ltr'>Graecorum</span> <span class='ocrx_word' id='word_1_57' title='bbox 864 1107 1072 1192; x_wconf 89' lang='lat' dir='ltr'>Euchologio</span> <span class='ocrx_word' id='word_1_58' title='bbox 1088 1131 1130 1173; x_wconf 90' lang='lat' dir='ltr'>ne</span> 
     </span>
     <span class='ocr_line' id='line_1_9' title="bbox 51 1199 1127 1292; baseline 0.017 -34"><span class='ocrx_word' id='word_1_59' title='bbox 51 1199 89 1258; x_wconf 75' lang='lat' dir='ltr'>uel</span> <span class='ocrx_word' id='word_1_60' title='bbox 104 1201 273 1266; x_wconf 92' lang='lat' dir='ltr'>minimum</span> <span class='ocrx_word' id='word_1_61' title='bbox 290 1205 424 1286; x_wconf 88' lang='lat' dir='ltr'>quidem</span> <span class='ocrx_word' id='word_1_62' title='bbox 441 1207 579 1270; x_wconf 89' lang='lat' dir='ltr'>verbum</span> <span class='ocrx_word' id='word_1_63' title='bbox 597 1211 758 1290; x_wconf 90' lang='lat' dir='ltr'>reperitur</span> <span class='ocrx_word' id='word_1_64' title='bbox 768 1210 810 1272; x_wconf 92' lang='lat' dir='ltr'>de</span> <span class='ocrx_word' id='word_1_65' title='bbox 827 1211 1041 1292; x_wconf 83' lang='lat' dir='ltr'>impositione</span> <span class='ocrx_word' id='word_1_66' title='bbox 1058 1234 1127 1276; x_wconf 84' lang='lat' dir='ltr'>nra·</span> 
     </span>
     <span class='ocr_line' id='line_1_10' title="bbox 52 1307 1129 1387; baseline 0.019 -26"><span class='ocrx_word' id='word_1_67' title='bbox 52 1319 135 1364; x_wconf 90' lang='lat' dir='ltr'>nuum</span> <span class='ocrx_word' id='word_1_68' title='bbox 147 1307 412 1371; x_wconf 87' lang='lat' dir='ltr'>achrismatione</span> <span class='ocrx_word' id='word_1_69' title='bbox 424 1309 592 1387; x_wconf 68' lang='lat' dir='ltr'>distindta,</span> <span class='ocrx_word' id='word_1_70' title='bbox 604 1321 637 1374; x_wconf 88' lang='lat' dir='ltr'>et</span> <span class='ocrx_word' id='word_1_71' title='bbox 649 1312 842 1376; x_wconf 90' lang='lat' dir='ltr'>orthodoxa</span> <span class='ocrx_word' id='word_1_72' title='bbox 852 1315 1026 1380; x_wconf 79' lang='lat' dir='ltr'>Confessio</span> <span class='ocrx_word' id='word_1_73' title='bbox 1040 1318 1129 1382; x_wconf 80' lang='lat' dir='ltr'>Eccl.</span> 
     </span>
     <span class='ocr_line' id='line_1_11' title="bbox 52 1405 1128 1502; baseline 0.016 -35"><span class='ocrx_word' id='word_1_74' title='bbox 52 1405 211 1473; x_wconf 90' lang='lat' dir='ltr'>Orientalis</span> <span class='ocrx_word' id='word_1_75' title='bbox 239 1414 278 1492; x_wconf 88' lang='lat' dir='ltr'>(a.</span> <span class='ocrx_word' id='word_1_76' title='bbox 300 1415 395 1495; x_wconf 88' lang='lat'>1662)</span> <span class='ocrx_word' id='word_1_77' title='bbox 416 1415 564 1477; x_wconf 86' lang='lat' dir='ltr'>declarat</span> <span class='ocrx_word' id='word_1_78' title='bbox 587 1415 650 1479; x_wconf 89' lang='lat' dir='ltr'>hoc</span> <span class='ocrx_word' id='word_1_79' title='bbox 673 1409 929 1495; x_wconf 88' lang='lat' dir='ltr'>sacramentum,</span> <span class='ocrx_word' id='word_1_80' title='bbox 944 1422 1035 1502; x_wconf 92' lang='lat' dir='ltr'>quod</span> <span class='ocrx_word' id='word_1_81' title='bbox 1058 1443 1128 1486; x_wconf 86' lang='lat' dir='ltr'>aevc</span> 
     </span>
     <span class='ocr_line' id='line_1_12' title="bbox 53 1503 1131 1600; baseline 0.016 -28"><span class='ocrx_word' id='word_1_82' title='bbox 53 1508 275 1590; x_wconf 81' lang='lat' dir='ltr'>Apostolorum</span> <span class='ocrx_word' id='word_1_83' title='bbox 306 1537 365 1598; x_wconf 90' lang='lat' dir='ltr'>per</span> <span class='ocrx_word' id='word_1_84' title='bbox 395 1503 554 1580; x_wconf 87' lang='lat' dir='ltr'>manuum</span> <span class='ocrx_word' id='word_1_85' title='bbox 588 1519 837 1600; x_wconf 87' lang='lat' dir='ltr'>impositionem</span> <span class='ocrx_word' id='word_1_86' title='bbox 874 1524 1131 1599; x_wconf 86' lang='lat' dir='ltr'>ministrabatur,</span> 
     </span>
     <span class='ocr_line' id='line_1_13' title="bbox 52 1615 1131 1708; baseline 0.013 -34"><span class='ocrx_word' id='word_1_87' title='bbox 52 1625 149 1690; x_wconf 90' lang='lat' dir='ltr'>postea</span> <span class='ocrx_word' id='word_1_88' title='bbox 161 1618 194 1678; x_wconf 92' lang='lat' dir='ltr'>in</span> <span class='ocrx_word' id='word_1_89' title='bbox 208 1615 365 1682; x_wconf 65' lang='lat' dir='ltr'>unitione</span> <span class='ocrx_word' id='word_1_90' title='bbox 376 1621 538 1701; x_wconf 85' lang='lat' dir='ltr'>unguenti</span> <span class='ocrx_word' id='word_1_91' title='bbox 552 1619 653 1682; x_wconf 83' lang='lat' dir='ltr'>fuisse</span> <span class='ocrx_word' id='word_1_92' title='bbox 669 1621 850 1702; x_wconf 71' lang='lat' dir='ltr'>peradtum.</span> <span class='ocrx_word' id='word_1_93' title='bbox 895 1625 959 1708; x_wconf 84' lang='lat' dir='ltr'>(Cf.</span> <span class='ocrx_word' id='word_1_94' title='bbox 969 1625 1131 1702; x_wconf 75' lang='lat' dir='ltr'>Marione,</span> 
     </span>
     <span class='ocr_line' id='line_1_14' title="bbox 52 1719 438 1804; baseline 0.031 -29"><span class='ocrx_word' id='word_1_95' title='bbox 52 1734 90 1796; x_wconf 90' lang='lat' dir='ltr'>op.</span> <span class='ocrx_word' id='word_1_96' title='bbox 102 1719 151 1782; x_wconf 89' lang='lat' dir='ltr'>eit.</span> <span class='ocrx_word' id='word_1_97' title='bbox 164 1719 218 1783; x_wconf 91' lang='lat' dir='ltr'>lib.</span> <span class='ocrx_word' id='word_1_98' title='bbox 233 1722 259 1798; x_wconf 91' lang='lat' dir='ltr'>I,</span> <span class='ocrx_word' id='word_1_99' title='bbox 274 1743 299 1784; x_wconf 90' lang='lat' dir='ltr'>c.</span> <span class='ocrx_word' id='word_1_100' title='bbox 318 1741 342 1799; x_wconf 91' lang='lat'>1,</span> <span class='ocrx_word' id='word_1_101' title='bbox 355 1744 381 1786; x_wconf 91' lang='lat' dir='ltr'>a.</span> <span class='ocrx_word' id='word_1_102' title='bbox 397 1725 438 1804; x_wconf 87' lang='lat'>3).</span> 
     </span>
    </p>

    <p class='ocr_par' dir='ltr' id='par_1_4' title="bbox 52 1818 1143 3865">
     <span class='ocr_line' id='line_1_15' title="bbox 78 1818 1131 1908; baseline 0.009 -27"><span class='ocrx_word' id='word_1_103' title='bbox 78 1818 108 1882; x_wconf 82' lang='grc'>-6,</span> <span class='ocrx_word' id='word_1_104' title='bbox 154 1823 217 1885; x_wconf 92' lang='lat' dir='ltr'>His</span> <span class='ocrx_word' id='word_1_105' title='bbox 235 1827 361 1905; x_wconf 89' lang='lat' dir='ltr'>positis,</span> <span class='ocrx_word' id='word_1_106' title='bbox 374 1829 494 1890; x_wconf 91' lang='lat' dir='ltr'>mirum</span> <span class='ocrx_word' id='word_1_107' title='bbox 512 1847 578 1890; x_wconf 91' lang='lat' dir='ltr'>non</span> <span class='ocrx_word' id='word_1_108' title='bbox 596 1836 647 1890; x_wconf 92' lang='lat' dir='ltr'>est</span> <span class='ocrx_word' id='word_1_109' title='bbox 663 1825 838 1908; x_wconf 91' lang='lat' dir='ltr'>theologos</span> <span class='ocrx_word' id='word_1_110' title='bbox 854 1827 940 1891; x_wconf 89' lang='lat' dir='ltr'>circa</span> <span class='ocrx_word' id='word_1_111' title='bbox 957 1829 1131 1891; x_wconf 85' lang='lat' dir='ltr'>materiam</span> 
     </span>
     <span class='ocr_line' id='line_1_16' title="bbox 52 1919 1132 2012; baseline 0.006 -29"><span class='ocrx_word' id='word_1_112' title='bbox 52 1919 306 1990; x_wconf 83' lang='lat' dir='ltr'>Confirmationis</span> <span class='ocrx_word' id='word_1_113' title='bbox 327 1931 446 1991; x_wconf 87' lang='lat' dir='ltr'>acriter</span> <span class='ocrx_word' id='word_1_114' title='bbox 461 1931 658 2012; x_wconf 73' lang='lat' dir='ltr'>disputasse.</span> <span class='ocrx_word' id='word_1_115' title='bbox 704 1928 752 2009; x_wconf 82' lang='lat' dir='ltr'>(a)</span> <span class='ocrx_word' id='word_1_116' title='bbox 772 1926 849 2001; x_wconf 88' lang='lat' dir='ltr'>Alii,</span> <span class='ocrx_word' id='word_1_117' title='bbox 867 1936 903 1989; x_wconf 92' lang='lat' dir='ltr'>ut</span> <span class='ocrx_word' id='word_1_118' title='bbox 925 1927 1132 2002; x_wconf 80' lang='lat' dir='ltr'>Sirmondus,</span> 
     </span>
     <span class='ocr_line' id='line_1_17' title="bbox 52 2025 1133 2112; baseline 0.006 -26"><span class='ocrx_word' id='word_1_119' title='bbox 52 2025 170 2104; x_wconf 79' lang='lat' dir='ltr'>Hubert,</span> <span class='ocrx_word' id='word_1_120' title='bbox 183 2032 342 2095; x_wconf 89' lang='lat' dir='ltr'>dixerunt</span> <span class='ocrx_word' id='word_1_121' title='bbox 355 2035 528 2098; x_wconf 88' lang='lat' dir='ltr'>materiam</span> <span class='ocrx_word' id='word_1_122' title='bbox 541 2033 751 2097; x_wconf 89' lang='lat' dir='ltr'>essentialem</span> <span class='ocrx_word' id='word_1_123' title='bbox 766 2041 871 2094; x_wconf 91' lang='lat' dir='ltr'>totam</span> <span class='ocrx_word' id='word_1_124' title='bbox 883 2050 956 2093; x_wconf 89' lang='lat' dir='ltr'>esse</span> <span class='ocrx_word' id='word_1_125' title='bbox 972 2051 1133 2112; x_wconf 53' lang='lat' dir='ltr'>reponens</span> 
     </span>
     <span class='ocr_line' id='line_1_18' title="bbox 52 2127 1133 2218; baseline 0.006 -30"><span class='ocrx_word' id='word_1_126' title='bbox 52 2127 116 2191; x_wconf 87' lang='lat' dir='ltr'>dam</span> <span class='ocrx_word' id='word_1_127' title='bbox 137 2133 169 2194; x_wconf 89' lang='lat' dir='ltr'>in</span> <span class='ocrx_word' id='word_1_128' title='bbox 186 2134 301 2214; x_wconf 80' lang='lat' dir='ltr'>priind</span> <span class='ocrx_word' id='word_1_129' title='bbox 318 2157 475 2198; x_wconf 81' lang='lat' dir='ltr'>innnuum</span> <span class='ocrx_word' id='word_1_130' title='bbox 493 2136 701 2218; x_wconf 80' lang='lat' dir='ltr'>impositione,</span> <span class='ocrx_word' id='word_1_131' title='bbox 717 2155 792 2217; x_wconf 90' lang='lat' dir='ltr'>quae</span> <span class='ocrx_word' id='word_1_132' title='bbox 813 2134 856 2196; x_wconf 89' lang='lat' dir='ltr'>ab</span> <span class='ocrx_word' id='word_1_133' title='bbox 873 2134 1042 2216; x_wconf 90' lang='lat' dir='ltr'>Episcopo</span> <span class='ocrx_word' id='word_1_134' title='bbox 1061 2154 1133 2215; x_wconf 89' lang='lat' dir='ltr'>per-</span> 
     </span>
     <span class='ocr_line' id='line_1_19' title="bbox 53 2235 1134 2321; baseline 0.003 -26"><span class='ocrx_word' id='word_1_135' title='bbox 53 2236 147 2312; x_wconf 84' lang='lat' dir='ltr'>agitur</span> <span class='ocrx_word' id='word_1_136' title='bbox 161 2238 241 2300; x_wconf 90' lang='lat' dir='ltr'>dum</span> <span class='ocrx_word' id='word_1_137' title='bbox 259 2239 361 2302; x_wconf 89' lang='lat' dir='ltr'>dicit:</span> <span class='ocrx_word' id='word_1_138' title='bbox 385 2245 402 2272; x_wconf 84' lang='lat'>‘⁴</span> <span class='ocrx_word' id='word_1_139' title='bbox 413 2241 639 2321; x_wconf 90' lang='lat' dir='ltr'>Omnipotens</span> <span class='ocrx_word' id='word_1_140' title='bbox 655 2239 857 2319; x_wconf 89' lang='lat' dir='ltr'>sempiterne</span> <span class='ocrx_word' id='word_1_141' title='bbox 874 2237 967 2298; x_wconf 92' lang='lat' dir='ltr'>Deus</span> <span class='ocrx_word' id='word_1_142' title='bbox 977 2237 1002 2300; x_wconf 88' lang='lat'>&#39;&#39;.</span> <span class='ocrx_word' id='word_1_143' title='bbox 1048 2235 1134 2318; x_wconf 85' lang='lat' dir='ltr'>Quae</span> 
     </span>
     <span class='ocr_line' id='line_1_20' title="bbox 53 2338 1135 2424; baseline 0.004 -26"><span class='ocrx_word' id='word_1_144' title='bbox 53 2338 172 2415; x_wconf 90' lang='lat' dir='ltr'>quidem</span> <span class='ocrx_word' id='word_1_145' title='bbox 188 2343 313 2423; x_wconf 89' lang='lat' dir='ltr'>opini0,</span> <span class='ocrx_word' id='word_1_146' title='bbox 323 2351 489 2424; x_wconf 86' lang='lat' dir='ltr'>quatenus</span> <span class='ocrx_word' id='word_1_147' title='bbox 505 2343 653 2406; x_wconf 90' lang='lat' dir='ltr'>declarat</span> <span class='ocrx_word' id='word_1_148' title='bbox 668 2343 767 2406; x_wconf 91' lang='lat' dir='ltr'>hodie</span> <span class='ocrx_word' id='word_1_149' title='bbox 785 2361 851 2403; x_wconf 90' lang='lat' dir='ltr'>non</span> <span class='ocrx_word' id='word_1_150' title='bbox 868 2339 1019 2404; x_wconf 87' lang='lat' dir='ltr'>sufficere</span> <span class='ocrx_word' id='word_1_151' title='bbox 1035 2341 1135 2402; x_wconf 87' lang='lat' dir='ltr'>chris-</span> 
     </span>
     <span class='ocr_line' id='line_1_21' title="bbox 54 2443 1134 2526; baseline 0.006 -27"><span class='ocrx_word' id='word_1_152' title='bbox 54 2443 220 2505; x_wconf 85' lang='lat' dir='ltr'>mationem</span> <span class='ocrx_word' id='word_1_153' title='bbox 235 2464 309 2506; x_wconf 89' lang='lat' dir='ltr'>cum</span> <span class='ocrx_word' id='word_1_154' title='bbox 327 2445 541 2526; x_wconf 89' lang='lat' dir='ltr'>impositione</span> <span class='ocrx_word' id='word_1_155' title='bbox 557 2449 675 2509; x_wconf 77' lang='lat' dir='ltr'>manus</span> <span class='ocrx_word' id='word_1_156' title='bbox 688 2465 763 2526; x_wconf 84' lang='lat' dir='ltr'>quae</span> <span class='ocrx_word' id='word_1_157' title='bbox 775 2464 850 2506; x_wconf 89' lang='lat' dir='ltr'>eam</span> <span class='ocrx_word' id='word_1_158' title='bbox 863 2444 1048 2518; x_wconf 89' lang='lat' dir='ltr'>comitatur,</span> <span class='ocrx_word' id='word_1_159' title='bbox 1061 2463 1134 2524; x_wconf 89' lang='lat' dir='ltr'>pro-</span> 
     </span>
     <span class='ocr_line' id='line_1_22' title="bbox 53 2539 1135 2629; baseline 0.007 -29"><span class='ocrx_word' id='word_1_160' title='bbox 53 2539 210 2608; x_wconf 88' lang='lat' dir='ltr'>babilitate</span> <span class='ocrx_word' id='word_1_161' title='bbox 221 2557 311 2608; x_wconf 91' lang='lat' dir='ltr'>caret</span> <span class='ocrx_word' id='word_1_162' title='bbox 327 2557 403 2629; x_wconf 91' lang='lat' dir='ltr'>post</span> <span class='ocrx_word' id='word_1_163' title='bbox 419 2548 552 2611; x_wconf 88' lang='lat' dir='ltr'>decreta</span> <span class='ocrx_word' id='word_1_164' title='bbox 562 2547 745 2610; x_wconf 85' lang='lat' dir='ltr'>Florentini</span> <span class='ocrx_word' id='word_1_165' title='bbox 753 2557 787 2610; x_wconf 91' lang='lat' dir='ltr'>et</span> <span class='ocrx_word' id='word_1_166' title='bbox 798 2545 934 2627; x_wconf 89' lang='lat' dir='ltr'>Encycl.</span> <span class='ocrx_word' id='word_1_167' title='bbox 945 2545 1021 2608; x_wconf 78' lang='lat' dir='ltr'>Bon.</span> <span class='ocrx_word' id='word_1_168' title='bbox 1034 2545 1094 2608; x_wconf 87' lang='lat' dir='ltr'>XI</span> <span class='ocrx_word' id='word_1_169' title='bbox 1101 2543 1135 2624; x_wconf 68' lang='lat' dir='ltr'>V,</span> 
     </span>
     <span class='ocr_line' id='line_1_23' title="bbox 56 2638 1137 2733; baseline 0.006 -27"><span class='ocrx_word' id='word_1_170' title='bbox 56 2638 102 2728; x_wconf 88' lang='lat' dir='ltr'>(b)</span> <span class='ocrx_word' id='word_1_171' title='bbox 118 2646 184 2710; x_wconf 89' lang='lat' dir='ltr'>Alii</span> <span class='ocrx_word' id='word_1_172' title='bbox 209 2669 296 2726; x_wconf 91' lang='lat' dir='ltr'>ver0,</span> <span class='ocrx_word' id='word_1_173' title='bbox 319 2670 394 2712; x_wconf 91' lang='lat' dir='ltr'>cum</span> <span class='ocrx_word' id='word_1_174' title='bbox 417 2650 452 2714; x_wconf 86' lang='lat' dir='ltr'>S.</span> <span class='ocrx_word' id='word_1_175' title='bbox 476 2650 598 2714; x_wconf 71' lang='lat' dir='ltr'>leomci</span> <span class='ocrx_word' id='word_1_176' title='bbox 622 2652 654 2733; x_wconf 91' lang='lat' dir='ltr'>(l.</span> <span class='ocrx_word' id='word_1_177' title='bbox 678 2651 729 2713; x_wconf 93' lang='lat' dir='ltr'>cit.</span> <span class='ocrx_word' id='word_1_178' title='bbox 752 2659 812 2712; x_wconf 89' lang='lat' dir='ltr'>art.</span> <span class='ocrx_word' id='word_1_179' title='bbox 832 2649 865 2728; x_wconf 86' lang='lat'>2)</span> <span class='ocrx_word' id='word_1_180' title='bbox 889 2658 922 2721; x_wconf 89' lang='lat' dir='ltr'>et</span> <span class='ocrx_word' id='word_1_181' title='bbox 943 2647 1137 2724; x_wconf 73' lang='lat' dir='ltr'>Maldonoto</span> 
     </span>
     <span class='ocr_line' id='line_1_24' title="bbox 53 2747 1137 2836; baseline 0.006 -30"><span class='ocrx_word' id='word_1_182' title='bbox 53 2747 223 2814; x_wconf 89' lang='lat' dir='ltr'>docuerunt</span> <span class='ocrx_word' id='word_1_183' title='bbox 240 2754 413 2836; x_wconf 81' lang='lat' dir='ltr'>materiam</span> <span class='ocrx_word' id='word_1_184' title='bbox 427 2755 638 2818; x_wconf 90' lang='lat' dir='ltr'>essentialem</span> <span class='ocrx_word' id='word_1_185' title='bbox 656 2755 685 2817; x_wconf 89' lang='lat' dir='ltr'>in</span> <span class='ocrx_word' id='word_1_186' title='bbox 701 2754 771 2816; x_wconf 71' lang='lat' dir='ltr'>sola</span> <span class='ocrx_word' id='word_1_187' title='bbox 784 2753 1018 2816; x_wconf 90' lang='lat' dir='ltr'>chrismatione</span> <span class='ocrx_word' id='word_1_188' title='bbox 1031 2754 1137 2814; x_wconf 90' lang='lat' dir='ltr'>consi·</span> 
     </span>
     <span class='ocr_line' id='line_1_25' title="bbox 54 2851 1137 2938; baseline 0.006 -28"><span class='ocrx_word' id='word_1_189' title='bbox 54 2859 134 2926; x_wconf 87' lang='lat' dir='ltr'>stere,</span> <span class='ocrx_word' id='word_1_190' title='bbox 150 2874 226 2936; x_wconf 86' lang='lat' dir='ltr'>quae</span> <span class='ocrx_word' id='word_1_191' title='bbox 240 2875 400 2919; x_wconf 91' lang='lat' dir='ltr'>manuum</span> <span class='ocrx_word' id='word_1_192' title='bbox 426 2859 630 2938; x_wconf 88' lang='lat' dir='ltr'>impositioni</span> <span class='ocrx_word' id='word_1_193' title='bbox 656 2857 834 2921; x_wconf 89' lang='lat' dir='ltr'>substituta</span> <span class='ocrx_word' id='word_1_194' title='bbox 857 2855 928 2919; x_wconf 81' lang='lat' dir='ltr'>suit.</span> <span class='ocrx_word' id='word_1_195' title='bbox 973 2851 1025 2937; x_wconf 89' lang='lat' dir='ltr'>(c)</span> <span class='ocrx_word' id='word_1_196' title='bbox 1044 2854 1137 2916; x_wconf 91' lang='lat' dir='ltr'>Non-</span> 
     </span>
     <span class='ocr_line' id='line_1_26' title="bbox 55 2954 1138 3040; baseline 0.006 -28"><span class='ocrx_word' id='word_1_197' title='bbox 55 2954 133 3030; x_wconf 90' lang='lat' dir='ltr'>nulli,</span> <span class='ocrx_word' id='word_1_198' title='bbox 148 2967 185 3019; x_wconf 91' lang='lat' dir='ltr'>ut</span> <span class='ocrx_word' id='word_1_199' title='bbox 202 2957 359 3020; x_wconf 75' lang='lat' dir='ltr'>Morinos</span> <span class='ocrx_word' id='word_1_200' title='bbox 374 2969 409 3021; x_wconf 91' lang='lat' dir='ltr'>et</span> <span class='ocrx_word' id='word_1_201' title='bbox 431 2959 563 3040; x_wconf 76' lang='lat' dir='ltr'>Tappo,</span> <span class='ocrx_word' id='word_1_202' title='bbox 580 2969 761 3022; x_wconf 90' lang='lat' dir='ltr'>tenuerunt</span> <span class='ocrx_word' id='word_1_203' title='bbox 777 2969 811 3020; x_wconf 91' lang='lat' dir='ltr'>et</span> <span class='ocrx_word' id='word_1_204' title='bbox 828 2977 986 3021; x_wconf 89' lang='lat' dir='ltr'>manuum</span> <span class='ocrx_word' id='word_1_205' title='bbox 1004 2957 1138 3038; x_wconf 89' lang='lat' dir='ltr'>imposi-</span> 
     </span>
     <span class='ocr_line' id='line_1_27' title="bbox 55 3058 1140 3136; baseline 0.006 -19"><span class='ocrx_word' id='word_1_206' title='bbox 55 3058 166 3123; x_wconf 88' lang='lat' dir='ltr'>tionem</span> <span class='ocrx_word' id='word_1_207' title='bbox 179 3071 214 3124; x_wconf 92' lang='lat' dir='ltr'>et</span> <span class='ocrx_word' id='word_1_208' title='bbox 230 3060 421 3126; x_wconf 70' lang='lat' dir='ltr'>unitionem</span> <span class='ocrx_word' id='word_1_209' title='bbox 435 3065 572 3127; x_wconf 91' lang='lat' dir='ltr'>seorsim</span> <span class='ocrx_word' id='word_1_210' title='bbox 586 3085 658 3127; x_wconf 87' lang='lat' dir='ltr'>esse</span> <span class='ocrx_word' id='word_1_211' title='bbox 671 3059 846 3126; x_wconf 87' lang='lat' dir='ltr'>materiam</span> <span class='ocrx_word' id='word_1_212' title='bbox 859 3061 1080 3136; x_wconf 89' lang='lat' dir='ltr'>essentialem,</span> <span class='ocrx_word' id='word_1_213' title='bbox 1093 3063 1140 3124; x_wconf 90' lang='lat' dir='ltr'>ita</span> 
     </span>
     <span class='ocr_line' id='line_1_28' title="bbox 55 3163 1140 3250; baseline 0.006 -31"><span class='ocrx_word' id='word_1_214' title='bbox 55 3170 84 3220; x_wconf 88' lang='lat' dir='ltr'>ut</span> <span class='ocrx_word' id='word_1_215' title='bbox 99 3183 161 3241; x_wconf 88' lang='lat' dir='ltr'>una</span> <span class='ocrx_word' id='word_1_216' title='bbox 176 3164 228 3226; x_wconf 88' lang='lat' dir='ltr'>vel</span> <span class='ocrx_word' id='word_1_217' title='bbox 246 3163 349 3227; x_wconf 93' lang='lat' dir='ltr'>altera</span> <span class='ocrx_word' id='word_1_218' title='bbox 365 3166 407 3228; x_wconf 93' lang='lat' dir='ltr'>ad</span> <span class='ocrx_word' id='word_1_219' title='bbox 424 3167 633 3230; x_wconf 90' lang='lat' dir='ltr'>validitatem</span> <span class='ocrx_word' id='word_1_220' title='bbox 650 3166 814 3229; x_wconf 87' lang='lat' dir='ltr'>sufficiat:</span> <span class='ocrx_word' id='word_1_221' title='bbox 837 3174 869 3228; x_wconf 92' lang='lat' dir='ltr'>et</span> <span class='ocrx_word' id='word_1_222' title='bbox 886 3164 958 3227; x_wconf 70' lang='lat' dir='ltr'>haec</span> <span class='ocrx_word' id='word_1_223' title='bbox 974 3166 1140 3250; x_wconf 87' lang='lat' dir='ltr'>sententia</span> 
     </span>
     <span class='ocr_line' id='line_1_29' title="bbox 56 3267 1141 3352; baseline 0.006 -29"><span class='ocrx_word' id='word_1_224' title='bbox 56 3281 111 3325; x_wconf 90' lang='lat' dir='ltr'>non</span> <span class='ocrx_word' id='word_1_225' title='bbox 133 3267 328 3348; x_wconf 88' lang='lat' dir='ltr'>spernendis</span> <span class='ocrx_word' id='word_1_226' title='bbox 351 3269 467 3332; x_wconf 91' lang='lat' dir='ltr'>nititur</span> <span class='ocrx_word' id='word_1_227' title='bbox 487 3273 692 3352; x_wconf 84' lang='lat' dir='ltr'>argumentis</span> <span class='ocrx_word' id='word_1_228' title='bbox 712 3269 894 3351; x_wconf 86' lang='lat' dir='ltr'>praesertim</span> <span class='ocrx_word' id='word_1_229' title='bbox 916 3267 1087 3342; x_wconf 88' lang='lat' dir='ltr'>historicis,</span> <span class='ocrx_word' id='word_1_230' title='bbox 1104 3278 1141 3330; x_wconf 92' lang='lat' dir='ltr'>ut</span> 
     </span>
     <span class='ocr_line' id='line_1_30' title="bbox 56 3368 1141 3454; baseline 0.003 -26"><span class='ocrx_word' id='word_1_231' title='bbox 56 3378 174 3432; x_wconf 89' lang='lat' dir='ltr'>constat</span> <span class='ocrx_word' id='word_1_232' title='bbox 198 3390 242 3432; x_wconf 89' lang='lat' dir='ltr'>ex</span> <span class='ocrx_word' id='word_1_233' title='bbox 267 3368 363 3434; x_wconf 67' lang='lat' dir='ltr'>saitis</span> <span class='ocrx_word' id='word_1_234' title='bbox 386 3393 486 3454; x_wconf 89' lang='lat' dir='ltr'>supra</span> <span class='ocrx_word' id='word_1_235' title='bbox 511 3375 631 3437; x_wconf 90' lang='lat' dir='ltr'>relatis.</span> <span class='ocrx_word' id='word_1_236' title='bbox 684 3372 735 3454; x_wconf 81' lang='lat' dir='ltr'>(d)</span> <span class='ocrx_word' id='word_1_237' title='bbox 759 3370 965 3433; x_wconf 88' lang='lat' dir='ltr'>Probabilior</span> <span class='ocrx_word' id='word_1_238' title='bbox 986 3380 1097 3432; x_wconf 86' lang='lat' dir='ltr'>tamen</span> <span class='ocrx_word' id='word_1_239' title='bbox 1122 3389 1141 3431; x_wconf 91' lang='lat' dir='ltr'>a</span> 
     </span>
     <span class='ocr_line' id='line_1_31' title="bbox 56 3469 1142 3557; baseline 0.003 -26"><span class='ocrx_word' id='word_1_240' title='bbox 56 3469 209 3554; x_wconf 88' lang='lat' dir='ltr'>plerisque</span> <span class='ocrx_word' id='word_1_241' title='bbox 222 3475 390 3536; x_wconf 89' lang='lat' dir='ltr'>modernis</span> <span class='ocrx_word' id='word_1_242' title='bbox 402 3475 543 3539; x_wconf 86' lang='lat' dir='ltr'>habetur</span> <span class='ocrx_word' id='word_1_243' title='bbox 555 3477 668 3557; x_wconf 92' lang='lat' dir='ltr'>opinio</span> <span class='ocrx_word' id='word_1_244' title='bbox 680 3469 829 3538; x_wconf 87' lang='lat' dir='ltr'>asserens</span> <span class='ocrx_word' id='word_1_245' title='bbox 846 3474 1018 3535; x_wconf 89' lang='lat' dir='ltr'>materiam</span> <span class='ocrx_word' id='word_1_246' title='bbox 1032 3492 1142 3534; x_wconf 90' lang='lat' dir='ltr'>essen·</span> 
     </span>
     <span class='ocr_line' id='line_1_32' title="bbox 57 3573 1143 3658; baseline 0.002 -24"><span class='ocrx_word' id='word_1_247' title='bbox 57 3573 157 3638; x_wconf 90' lang='lat' dir='ltr'>tialem</span> <span class='ocrx_word' id='word_1_248' title='bbox 180 3596 254 3638; x_wconf 90' lang='lat' dir='ltr'>esse</span> <span class='ocrx_word' id='word_1_249' title='bbox 279 3587 349 3639; x_wconf 90' lang='lat' dir='ltr'>tum</span> <span class='ocrx_word' id='word_1_250' title='bbox 372 3579 655 3652; x_wconf 90' lang='lat' dir='ltr'>chrismationem,</span> <span class='ocrx_word' id='word_1_251' title='bbox 672 3589 744 3641; x_wconf 92' lang='lat' dir='ltr'>tum</span> <span class='ocrx_word' id='word_1_252' title='bbox 762 3577 1006 3658; x_wconf 87' lang='lat' dir='ltr'>impositionem</span> <span class='ocrx_word' id='word_1_253' title='bbox 1025 3579 1143 3638; x_wconf 79' lang='lat' dir='ltr'>manus</span> 
     </span>
     <span class='ocr_line' id='line_1_33' title="bbox 57 3670 1142 3760; baseline -0.001 -21"><span class='ocrx_word' id='word_1_254' title='bbox 57 3696 121 3756; x_wconf 71' lang='lat' dir='ltr'>quae</span> <span class='ocrx_word' id='word_1_255' title='bbox 136 3677 328 3742; x_wconf 67' lang='lat' dir='ltr'>unitionem</span> <span class='ocrx_word' id='word_1_256' title='bbox 341 3670 526 3744; x_wconf 88' lang='lat' dir='ltr'>comitatur.</span> <span class='ocrx_word' id='word_1_257' title='bbox 573 3683 662 3744; x_wconf 92' lang='lat' dir='ltr'>Nam</span> <span class='ocrx_word' id='word_1_258' title='bbox 675 3702 719 3744; x_wconf 90' lang='lat' dir='ltr'>ex</span> <span class='ocrx_word' id='word_1_259' title='bbox 736 3685 802 3742; x_wconf 72' lang='lat' dir='ltr'>una</span> <span class='ocrx_word' id='word_1_260' title='bbox 818 3689 912 3760; x_wconf 92' lang='lat' dir='ltr'>parte</span> <span class='ocrx_word' id='word_1_261' title='bbox 929 3687 1043 3740; x_wconf 88' lang='lat' dir='ltr'>textus</span> <span class='ocrx_word' id='word_1_262' title='bbox 1057 3676 1142 3741; x_wconf 91' lang='lat' dir='ltr'>Scri-</span> 
     </span>
     <span class='ocr_line' id='line_1_34' title="bbox 58 3781 1143 3865; baseline 0.001 -23"><span class='ocrx_word' id='word_1_263' title='bbox 58 3791 152 3859; x_wconf 82' lang='lat' dir='ltr'>pturae</span> <span class='ocrx_word' id='word_1_264' title='bbox 169 3803 269 3864; x_wconf 89' lang='lat' dir='ltr'>supra</span> <span class='ocrx_word' id='word_1_265' title='bbox 281 3783 372 3846; x_wconf 89' lang='lat' dir='ltr'>allati</span> <span class='ocrx_word' id='word_1_266' title='bbox 389 3785 560 3848; x_wconf 89' lang='lat' dir='ltr'>declarant</span> <span class='ocrx_word' id='word_1_267' title='bbox 577 3786 719 3865; x_wconf 86' lang='lat' dir='ltr'>gratiam</span> <span class='ocrx_word' id='word_1_268' title='bbox 737 3804 795 3864; x_wconf 93' lang='lat' dir='ltr'>per</span> <span class='ocrx_word' id='word_1_269' title='bbox 812 3781 1061 3863; x_wconf 90' lang='lat' dir='ltr'>impositionem</span> <span class='ocrx_word' id='word_1_270' title='bbox 1075 3801 1143 3843; x_wconf 91' lang='lat' dir='ltr'>ma-</span> 
     </span>
    </p>
   </div>
   <div class='ocr_carea' id='block_1_4' title="bbox 56 3972 1146 4305">
    <p class='ocr_par' dir='ltr' id='par_1_5' title="bbox 56 3972 1146 4305">
     <span class='ocr_line' id='line_1_35' title="bbox 88 3972 1145 4046; baseline -0.002 -18"><span class='ocrx_word' id='word_1_271' title='bbox 88 3973 130 4028; x_wconf 77' lang='lat'>¹5.</span> <span class='ocrx_word' id='word_1_272' title='bbox 144 3976 239 4030; x_wconf 80' lang='lat' dir='ltr'>Thom.</span> <span class='ocrx_word' id='word_1_273' title='bbox 252 3989 267 4042; x_wconf 88' lang='lat'>3</span> <span class='ocrx_word' id='word_1_274' title='bbox 278 3991 305 4045; x_wconf 91' lang='lat' dir='ltr'>p.</span> <span class='ocrx_word' id='word_1_275' title='bbox 316 3993 342 4046; x_wconf 93' lang='lat' dir='ltr'>q.</span> <span class='ocrx_word' id='word_1_276' title='bbox 353 3989 395 4042; x_wconf 86' lang='lat'>72,</span> <span class='ocrx_word' id='word_1_277' title='bbox 405 3993 429 4030; x_wconf 90' lang='lat' dir='ltr'>a.</span> <span class='ocrx_word' id='word_1_278' title='bbox 443 3991 500 4044; x_wconf 85' lang='lat'>2·3;</span> <span class='ocrx_word' id='word_1_279' title='bbox 520 3977 638 4039; x_wconf 74' lang='lat' dir='ltr'>Saurea,</span> <span class='ocrx_word' id='word_1_280' title='bbox 649 3975 721 4043; x_wconf 90' lang='lat' dir='ltr'>disp.</span> <span class='ocrx_word' id='word_1_281' title='bbox 735 3975 880 4038; x_wconf 80' lang='lat' dir='ltr'>xxx111;</span> <span class='ocrx_word' id='word_1_282' title='bbox 901 3973 1046 4039; x_wconf 70' lang='lat' dir='ltr'>Bollarm,</span> <span class='ocrx_word' id='word_1_283' title='bbox 1055 3991 1077 4027; x_wconf 93' lang='lat' dir='ltr'>c.</span> <span class='ocrx_word' id='word_1_284' title='bbox 1087 3972 1145 4039; x_wconf 89' lang='lat'>8·9;</span> 
     </span>
     <span class='ocr_line' id='line_1_36' title="bbox 58 4059 1146 4132; baseline -0.001 -20"><span class='ocrx_word' id='word_1_285' title='bbox 58 4061 156 4132; x_wconf 66' lang='lat' dir='ltr'>Magne,</span> <span class='ocrx_word' id='word_1_286' title='bbox 172 4063 204 4117; x_wconf 89' lang='lat' dir='ltr'>C.</span> <span class='ocrx_word' id='word_1_287' title='bbox 218 4062 316 4117; x_wconf 88' lang='lat' dir='ltr'>Theoi.</span> <span class='ocrx_word' id='word_1_288' title='bbox 330 4078 359 4130; x_wconf 91' lang='lat' dir='ltr'>p.</span> <span class='ocrx_word' id='word_1_289' title='bbox 375 4062 426 4131; x_wconf 83' lang='lat'>768</span> <span class='ocrx_word' id='word_1_290' title='bbox 440 4079 493 4131; x_wconf 90' lang='lat' dir='ltr'>sq.;</span> <span class='ocrx_word' id='word_1_291' title='bbox 511 4062 544 4115; x_wconf 82' lang='lat' dir='ltr'>de</span> <span class='ocrx_word' id='word_1_292' title='bbox 555 4063 737 4131; x_wconf 55' lang='lat' dir='ltr'>Augustino,</span> <span class='ocrx_word' id='word_1_293' title='bbox 752 4077 777 4114; x_wconf 89' lang='lat' dir='ltr'>a.</span> <span class='ocrx_word' id='word_1_294' title='bbox 795 4077 822 4124; x_wconf 74' lang='lat'>23</span> <span class='ocrx_word' id='word_1_295' title='bbox 841 4060 932 4126; x_wconf 72' lang='lat' dir='ltr'>Scissa,</span> <span class='ocrx_word' id='word_1_296' title='bbox 946 4061 985 4113; x_wconf 90' lang='lat' dir='ltr'>th.</span> <span class='ocrx_word' id='word_1_297' title='bbox 1001 4074 1029 4123; x_wconf 80' lang='lat'>²3</span> <span class='ocrx_word' id='word_1_298' title='bbox 1049 4061 1079 4112; x_wconf 78' lang='lat' dir='ltr'>S.</span> <span class='ocrx_word' id='word_1_299' title='bbox 1093 4059 1146 4111; x_wconf 86' lang='grc' dir='ltr'>ΑΙ-</span> 
     </span>
     <span class='ocr_line' id='line_1_37' title="bbox 56 4145 1143 4222; baseline -0.005 -20"><span class='ocrx_word' id='word_1_300' title='bbox 56 4149 178 4214; x_wconf 70' lang='lat' dir='ltr'>olomeo,</span> <span class='ocrx_word' id='word_1_301' title='bbox 195 4151 210 4204; x_wconf 90' lang='lat' dir='ltr'>l.</span> <span class='ocrx_word' id='word_1_302' title='bbox 226 4150 276 4214; x_wconf 94' lang='lat' dir='ltr'>Vl,</span> <span class='ocrx_word' id='word_1_303' title='bbox 291 4167 319 4204; x_wconf 90' lang='lat' dir='ltr'>n.</span> <span class='ocrx_word' id='word_1_304' title='bbox 338 4151 384 4204; x_wconf 82' lang='lat'>161</span> <span class='ocrx_word' id='word_1_305' title='bbox 401 4167 457 4220; x_wconf 88' lang='lat' dir='ltr'>sq.;</span> <span class='ocrx_word' id='word_1_306' title='bbox 476 4151 616 4222; x_wconf 84' lang='lat' dir='ltr'>Koningr,</span> <span class='ocrx_word' id='word_1_307' title='bbox 630 4167 656 4203; x_wconf 90' lang='lat' dir='ltr'>n.</span> <span class='ocrx_word' id='word_1_308' title='bbox 673 4162 752 4214; x_wconf 86' lang='lat'>1270;</span> <span class='ocrx_word' id='word_1_309' title='bbox 772 4149 864 4217; x_wconf 51' lang='lat' dir='ltr'>lirare,</span> <span class='ocrx_word' id='word_1_310' title='bbox 881 4165 909 4201; x_wconf 93' lang='lat' dir='ltr'>n.</span> <span class='ocrx_word' id='word_1_311' title='bbox 932 4162 1010 4218; x_wconf 84' lang='lat'>1493;</span> <span class='ocrx_word' id='word_1_312' title='bbox 1029 4145 1143 4213; x_wconf 75' lang='lat' dir='ltr'>Leimk,</span> 
     </span>
     <span class='ocr_line' id='line_1_38' title="bbox 59 4239 390 4305; baseline 0.015 -17"><span class='ocrx_word' id='word_1_313' title='bbox 59 4252 81 4288; x_wconf 89' lang='lat' dir='ltr'>n.</span> <span class='ocrx_word' id='word_1_314' title='bbox 93 4251 135 4305; x_wconf 72' lang='lat'>9²5</span> <span class='ocrx_word' id='word_1_315' title='bbox 154 4239 270 4302; x_wconf 75' lang='lat' dir='ltr'>Sabelli,</span> <span class='ocrx_word' id='word_1_316' title='bbox 286 4254 313 4292; x_wconf 88' lang='lat' dir='ltr'>n.</span> <span class='ocrx_word' id='word_1_317' title='bbox 328 4239 390 4293; x_wconf 85' lang='lat'>668.</span> 
     </span>
    </p>
   </div>
   <div class='ocr_carea' id='block_1_5' title="bbox 0 0 1381 4646">
    <p class='ocr_par' dir='ltr' id='par_1_6' title="bbox 0 0 1381 4646">
     <span class='ocr_line' id='line_1_39' title="bbox 0 0 1381 4646; baseline 0 0"><span class='ocrx_word' id='word_1_318' title='bbox 0 0 1381 4646; x_wconf 95' lang='lat' dir='ltr'> </span> 
     </span>
    </p>
   </div>
  </div>
 </body>
</html>
