2794 4662
233 145 298 197 636
601 143 657 194 DE
676 141 971 196 Matnmomo.

277 337 323 404 17.
371 339 406 389 2⁰
419 325 447 390 S
449 333 537 389 talus
548 325 756 407 uirginitatis
767 327 821 390 vel
832 325 1003 402 caelibatus,
1007 338 1069 407 pro
1079 327 1149 390 Deo
1164 341 1339 410 nisceptus,

224 431 437 516 prostantior
450 439 497 492 cst
510 439 599 492 statu
616 430 860 493 matrimoniali.
909 431 961 494 De
977 430 1042 493 fide
1058 442 1171 494 estex
1191 431 1224 494 T
1221 433 1339 494 rident.

231 535 323 616 (sess.
335 534 467 610 XXIV,
477 553 549 596 can.
564 534 616 614 10)
631 557 638 598 :
660 534 724 598 “Si
742 535 816 615 quis
832 535 956 598 dixerit
972 544 1096 598 statum
1117 535 1340 618 conjugalem

231 639 503 720 anteponendum
520 655 592 700 esse
608 639 708 702 statui
724 639 925 721 virginitatis
948 640 999 702 vel
1016 639 1201 715 caelibatus,
1217 651 1257 704 et
1276 661 1341 703 nort

231 763 303 806 esse
319 742 437 805 melius
453 762 490 804 ac
507 742 637 804 beatius
657 761 791 804 manere
815 742 847 804 in
871 741 1062 824 virginitate
1084 753 1142 806 aut
1167 742 1342 818 caelibatu,

232 867 332 930 quam
353 846 448 928 jungi
469 845 690 922 matrimonio
708 846 749 910 A.
767 846 817 910 S.’'
863 846 949 930 Quae
971 847 1155 928 propositio
1180 847 1343 929 dirigitur

231 959 347 1014 contra
352 949 571 1033 jovinianum
584 948 651 1030 (IV
668 950 756 1030 saec.)
773 958 806 1012 et
818 949 1002 1012 Novatores
1013 950 1069 1030 qui
1086 951 1342 1012 contenderunt

232 1053 365 1136 nuptias
375 1051 557 1134 virginitati
567 1050 619 1114 vel
631 1052 887 1133 aequiparandas
897 1053 948 1115 vel
965 1053 1066 1116 etiam
1078 1057 1342 1134 anteponendas

231 1175 310 1219 esse.
358 1154 407 1219 Ut
423 1155 607 1238 propositio
629 1151 717 1218 ret‘te
741 1154 954 1236 intelligatur,
971 1156 1157 1217 notandum
1177 1165 1232 1218 est
1252 1177 1342 1218 com-

232 1259 439 1342 parationem
457 1258 584 1322 institui
603 1258 687 1322 inter
701 1267 824 1320 statum
848 1257 1046 1338 virginitatis
1066 1267 1099 1318 et
1121 1267 1256 1321 statum
1275 1283 1343 1320 cein-

221 1362 458 1446 Jirgalemmon
477 1361 563 1424 inter
579 1381 737 1442 personas
753 1363 809 1444 qui
827 1363 859 1424 in
877 1373 1017 1442 utroque
1033 1369 1122 1422 statu
1139 1375 1343 1425 versantur:

231 1473 376 1547 possunt
391 1464 479 1527 enim
497 1465 568 1526 dari
585 1465 755 1546 conjugati
773 1464 829 1546 qui
843 1463 1011 1529 nonnullis
1027 1465 1215 1545 virginibus
1235 1466 1344 1547 perie-

231 1567 350 1632 &tores
366 1568 441 1630 sint.
488 1567 651 1630 Praeterea
667 1566 839 1630 caelibatus
855 1567 897 1630 de
913 1587 980 1648 quo
1001 1565 1119 1648 agitur,
1131 1587 1200 1628 non
1219 1581 1279 1632 est
1295 1591 1344 1632 so-

232 1671 299 1734 lum
317 1671 464 1733 carentia
476 1669 598 1733 vinculi
615 1670 809 1751 conjugalis,
822 1691 897 1752 quae
914 1689 1155 1750 nonnunquam
1174 1692 1258 1734 curn
1278 1675 1345 1735 vita

231 1773 396 1855 flagitiosa
411 1773 632 1853 componitur,
644 1775 702 1836 sed
719 1774 893 1838 caelibatus
909 1793 969 1855 pro
985 1773 1061 1836 Deo
1077 1785 1263 1856 susceptus
1280 1797 1346 1858 quo

231 1879 304 1959 quis
320 1879 424 1941 vitam
441 1877 532 1940 ducit
549 1896 569 1939 a
584 1875 813 1959 voluptatibus
829 1877 937 1939 carnis
953 1888 1161 1959 exemptam.

276 1981 322 2046 18.
371 1974 437 2066 (A)
457 1979 572 2062 Script.
590 1981 641 2062 (a)
656 1981 740 2044 Cum
759 1980 910 2045 Christus
928 1980 1102 2063 Apostolis
1118 1982 1344 2063 exposuisset

233 2087 322 2148 varia
337 2083 541 2148 matrimonii
559 2104 660 2147 onera
676 2105 720 2146 ex
736 2083 808 2164 ejus
825 2083 1118 2147 indissolubilitate
1134 2085 1298 2157 orientia,
1315 2086 1345 2148 hi

232 2189 492 2251 exclamarunt:
526 2187 590 2251 “Si
612 2187 659 2250 ita
678 2197 726 2249 est
752 2208 852 2252 causa
873 2187 1017 2250 hominis
1036 2207 1112 2251 cum
1135 2209 1259 2272 uxore,
1278 2209 1343 2252 non

231 2291 370 2373 expedit
387 2292 510 2354 nubere
522 2289 553 2366 ”;
580 2289 667 2352 hanc
684 2299 796 2354 autem
814 2291 1022 2353 occasionem
1039 2291 1203 2373 arripiens
1220 2293 1344 2357 Salva·
1389 2343 1390 2378 3

232 2404 292 2468 tor,
309 2393 425 2456 asserit
440 2392 604 2474 quosdam
621 2391 847 2472 virginitatem
864 2391 980 2466 colere,
992 2401 1129 2472 propter
1143 2391 1274 2466 Deum,
1286 2413 1344 2456 nec
1389 2381 1390 2406 ³

232 2506 343 2558 tamen
360 2514 474 2557 omnes
490 2493 680 2576 hujusmodi
698 2494 833 2556 verbum
851 2511 978 2576 capere,
993 2503 1131 2576 propter
1147 2495 1221 2575 ejus
1238 2498 1343 2560 subli-
1389 2493 1390 2583 l

233 2600 383 2662 mitatem
402 2619 409 2658 ι
442 2602 459 2628 “
471 2597 515 2659 Et
531 2607 609 2660 sunt
621 2595 764 2659 eunuchi
781 2596 837 2677 qui
854 2597 981 2678 seipsos
1005 2607 1242 2660 castraverunt
1267 2621 1341 2680 pro·

232 2711 305 2783 pter
321 2709 458 2781 regnum
474 2699 632 2762 coelorum
649 2723 654 2763 :
671 2699 726 2779 qui
744 2709 854 2780 potest
869 2719 996 2780 capere,
1012 2700 1123 2779 capiat
1136 2699 1153 2725 ”
1163 2711 1185 2764 ¹.
1235 2701 1341 2764 Porro

231 2804 303 2867 haec
320 2804 502 2885 important
518 2812 643 2865 statum
661 2801 862 2882 virginitatis
878 2802 1151 2864 excellentiorem
1166 2823 1242 2866 esse
1261 2825 1339 2866 con·
1388 2839 1389 2877 i

229 2907 333 2988 jugali
359 2916 473 2969 statu:
505 2905 553 2969 sic
578 2905 677 2982 enim,
689 2906 790 2985 juxta
808 2905 1069 2983 Hieronymum²
1090 2905 1234 2987 intelligi
1265 2929 1340 2989 pos·

231 3021 308 3074 sunt
325 3010 425 3072 verba
441 3010 564 3074 Christi
584 3033 590 3071 :
623 3009 734 3072 “Mihi
762 3009 807 3070 illi
832 3007 972 3071 eunuchi
990 3008 1136 3088 placent,
1152 3028 1239 3091 quos
1261 3011 1339 3075 iecit

233 3135 296 3176 non
314 3115 502 3188 necessitas,
519 3114 576 3175 sed
595 3113 774 3175 voluntas:
809 3112 950 3174 libenter
973 3111 1045 3174 illos
1068 3113 1101 3174 in
1125 3133 1220 3176 meos
1248 3116 1342 3177 sinus

232 3219 362 3300 recipi0,
372 3222 427 3300 qui
441 3219 596 3300 anuptiis
613 3218 846 3280 abstinuerunt
856 3227 993 3299 propter
1005 3235 1144 3298 regnum
1162 3219 1341 3291 coelorum,

231 3336 264 3387 et
280 3324 324 3385 ob
350 3324 413 3385 mei
438 3323 564 3386 cultum
590 3321 768 3384 noluerunt
785 3342 857 3384 esse
874 3322 962 3404 quod
981 3322 1051 3383 nati
1068 3331 1181 3385 sunt...
1199 3327 1340 3404 grandis

1386 3417 1387 3463 l

231 3535 337 3602 gustiis,
352 3535 380 3587 in
398 3531 647 3602 persecutionibus,
665 3531 693 3583 in
707 3531 871 3598 refrigeriis;
898 3541 995 3584 neuter
1006 3515 1127 3584 alterum
1140 3532 1223 3596 celat,
1237 3545 1341 3588 neuter

231 3623 348 3675 alterum
362 3620 439 3684 vitat,
453 3629 552 3672 neuter
565 3619 643 3672 alteri
658 3618 751 3686 gravis
765 3628 825 3681 est;
854 3619 941 3671 libere
955 3633 1031 3686 aeger
1043 3617 1184 3683 visitatur,
1204 3619 1339 3688 indigens

232 3718 413 3766 sustentatur:
441 3708 629 3773 eleemosyna
643 3706 704 3759 sine
718 3715 868 3767 tormento,
884 3704 1021 3758 sacrificia
1034 3704 1096 3757 sine
1109 3705 1255 3774 scrupulo,
1274 3725 1338 3777 quo·
1385 3681 1386 3757 i

231 3793 337 3846 tidiana
350 3793 495 3862 diligentia
508 3795 568 3846 sine
582 3793 801 3861 impedimento,
821 3810 876 3846 non
891 3792 992 3845 furtiva
1005 3790 1138 3858 signatio,
1151 3807 1209 3844 non
1224 3795 1337 3863 trepida

231 3880 389 3946 gratulatio,
402 3897 457 3932 non
469 3891 546 3934 muta
555 3877 728 3942 benediilim
748 3891 849 3934 sonant
864 3879 936 3933 inter
948 3877 1019 3931 duos
1032 3879 1135 3946 psalmi
1149 3889 1177 3932 et
1189 3879 1304 3947 hymni,
1314 3893 1337 3934 et

232 3973 328 4015 mutuo
342 3976 495 4030 provocant
512 3967 574 4034 quis
588 3968 687 4020 melius
703 3969 766 4020 Deo
782 3984 833 4020 suo
850 3977 953 4020 cantet.
994 3966 1075 4018 Talia
1089 3965 1222 4020 Christus
1236 3967 1338 4022 videns
1384 3995 1385 4049 t

233 4057 260 4100 et
273 4048 390 4101 audiens
403 4053 513 4116 gaudet,
528 4053 571 4105 his
582 4070 681 4122 pacem
695 4071 775 4106 suam
789 4053 890 4108 mittit:
909 4053 955 4106 ubi
970 4052 1036 4116 duo,
1049 4052 1086 4105 ibi
1105 4062 1135 4106 et
1148 4052 1229 4120 ipse;
1251 4057 1302 4109 ubi
1314 4071 1338 4108 et

234 4132 303 4198 ipse,
316 4131 353 4184 ibi
367 4145 394 4186 et
407 4135 497 4188 malus
510 4153 566 4189 non
581 4151 622 4190 est
633 4137 656 4191 ”.

273 4217 377 4270 stilari.
394 4220 473 4282 xtx,
486 4235 557 4285 9-12.
580 4253 606 4260 -
620 4219 629 4248 ²
641 4227 746 4279 Contra
757 4226 848 4294 Jovin.
862 4229 878 4280 1.
897 4228 917 4293 l,
931 4244 955 4280 c.
971 4241 994 4291 7.
1383 4181 1384 4260 l
