2776 4644
248 159 291 212 68
641 161 649 206 ι’
709 159 849 212 CAPUT
866 160 891 208 1.

248 361 320 404 mas
336 342 369 422 (2
386 343 460 404 dist.
479 344 529 418 28,
544 363 574 424 q.
596 359 621 418 1,
637 362 664 404 a.
684 343 716 423 3)
732 343 801 405 ait:
824 346 841 373 ‘⁶
853 342 946 405 Deus
962 361 1029 403 non
1046 350 1098 403 est
1113 341 1220 422 magis
1235 340 1337 402 crude·

249 446 288 508 lis
303 465 404 527 quam
421 446 545 528 homo:
568 447 625 509 sed
646 446 772 509 homini
796 447 980 527 imputatur
1002 444 1045 506 ad
1069 443 1296 506 crudelitatem
1316 443 1338 502 si

248 548 374 629 obliget
398 548 542 629 aliquem
566 569 626 630 per
649 558 854 631 praeceptum
878 548 921 609 ad
945 547 979 609 id
1001 545 1093 626 quod
1122 544 1258 626 implere
1280 564 1337 605 non

248 652 373 732 possit;
395 671 475 732 ergo
491 651 554 714 hoc
569 653 612 713 de
629 653 704 714 Deo
720 651 909 714 nullatenus
922 660 975 711 est
991 649 1226 712 aestimandum
1239 647 1262 710 ¹³.

508 801 543 850 20
562 785 681 864 Quoad
692 787 855 849 obcoecatos
869 796 899 848 et
913 785 1091 848 obduratos.

290 915 340 980 80.
385 917 442 997 (A)
469 917 587 980 Status
609 916 820 997 questionis:
843 914 893 995 (a)
918 914 1113 975 Peccatores
1140 910 1282 974 obcoecoti
1301 911 1337 972 illi

248 1032 326 1082 sunt
341 1021 407 1102 qui,
423 1031 559 1102 propter
575 1030 710 1100 peccata
735 1018 932 1099 multiplicia
948 1037 1022 1097 quae
1040 1016 1283 1088 commiserunt,
1298 1015 1337 1076 in-

248 1120 417 1185 telledtum
440 1122 672 1185 obnubilatum
696 1119 821 1182 habent
844 1119 953 1200 quoad
978 1118 1133 1180 veritates
1151 1115 1236 1193 fidei,
1253 1117 1337 1178 itaut

248 1227 320 1288 illas
342 1225 536 1288 difficillime
558 1225 726 1306 percipere
749 1223 887 1304 possint,
911 1231 944 1284 et
967 1241 1057 1302 saepe
1080 1219 1163 1282 lalsa
1187 1241 1247 1300 pro
1265 1221 1337 1280 veris

248 1327 441 1408 approbent
489 1325 538 1404 (b)
558 1324 722 1387 obdurari
738 1333 850 1384 autem
875 1331 951 1383 sunt
975 1339 1116 1402 quorum
1133 1319 1285 1381 voluntas
1300 1320 1337 1379 ita

248 1438 298 1490 est
314 1429 481 1491 obstinata
498 1430 531 1488 in
550 1427 647 1500 malO,
663 1437 700 1489 ut
716 1425 911 1488 difficillime
927 1426 1057 1505 possint
1073 1423 1190 1502 gratiae
1207 1422 1336 1484 obedire

249 1531 440 1593 Generatim
457 1530 641 1603 obdurati0,
654 1549 728 1610 quae
746 1538 796 1590 est
813 1527 979 1608 perversio
994 1525 1186 1599 voluntatis
1203 1525 1338 1605 sequitur

248 1634 514 1708 obcaecationem,
530 1652 605 1713 quae
622 1641 672 1694 est
688 1631 854 1712 perversio
873 1626 1068 1691 intellelStuS.

292 1735 427 1798 Certum
440 1744 491 1796 est
503 1754 547 1795 ex
560 1734 731 1815 Scriptura
742 1732 812 1794 dari
824 1731 987 1813 quosdam
1001 1741 1193 1812 peccatores
1203 1731 1337 1792 obcaeca-

248 1847 301 1901 tos
312 1847 346 1900 et
358 1836 530 1899 induratos
543 1860 549 1898 :
568 1856 644 1898 narn
657 1836 779 1897 dicitur
794 1859 799 1897 :
816 1839 832 1864 ‘¹
847 1834 1017 1896 Induravit
1030 1853 1086 1895 cor
1100 1833 1279 1895 Pharaonis
1291 1833 1304 1856 ”
1316 1843 1337 1899 ¹:

248 1941 472 2003 “Excaecavit
502 1941 616 2002 oculos
652 1959 767 2001 eorum
806 1948 840 1999 et
878 1938 1044 1999 induravit
1081 1958 1137 1999 cor
1174 1937 1337 1999 eorum”2.

251 2043 421 2118 Attamen,
445 2043 546 2124 juxta
577 2063 703 2118 omnes,
726 2043 824 2104 'Deus
853 2060 919 2102 non
948 2041 1089 2122 positive
1116 2051 1265 2102 excaecat
1291 2049 1337 2100 aut

248 2147 381 2210 indurat
404 2156 604 2228 peccatores,
628 2146 686 2207 sed
710 2145 817 2206 solum
842 2144 1005 2224 permittit
1029 2143 1101 2204 illos
1124 2143 1292 2218 obcaecari,
1306 2162 1337 2203 eo

248 2271 345 2312 sensu
362 2249 461 2330 quod,
472 2248 516 2309 ob
532 2267 645 2310 eorum
664 2257 811 2328 peccata,
822 2247 902 2327 ipsis
918 2245 1073 2326 quaedam
1090 2245 1217 2307 auxilia
1233 2245 1337 2327 gratie

248 2351 429 2424 subtrahat,
453 2371 519 2412 non
544 2360 656 2412 autem
680 2349 803 2422 omnia,
827 2350 884 2410 sed
909 2348 1017 2410 solum
1041 2347 1293 2421 abundantiora,
1311 2357 1337 2406 ct

248 2454 382 2535 quidem
397 2453 494 2533 juste,
510 2462 646 2534 propter
663 2452 800 2514 crimina
817 2449 1046 2531 praecedentia.

287 2611 335 2674 81.
380 2610 433 2681 (Β)
460 2611 557 2668 Thesis
571 2630 582 2664 :
613 2608 831 2672 Peccatores
856 2607 965 2671 etiam
990 2606 1155 2671 obdurati
1177 2612 1215 2671 et
1240 2621 1339 2670 exca-

248 2708 319 2774 eati
334 2725 405 2772 non
420 2708 604 2785 privantur
623 2707 721 2769 omni
740 2705 859 2785 gratia
878 2703 1088 2767 sufficiente.
1133 2705 1186 2766 Ita
1202 2725 1338 2767 commu-

249 2813 300 2873 nis
326 2821 360 2873 et
387 2831 464 2873 vera
492 2811 666 2872 sententia.
714 2810 855 2874 Constat
883 2808 933 2888 (a)
960 2827 1005 2869 ex
1033 2807 1142 2870 citatis
1170 2808 1338 2889 Scriptura

249 2914 337 2988 locis,
351 2915 383 2974 in
400 2913 521 2994 quibus
536 2911 723 2975 declaratur
737 2912 847 2973 Deum
864 2929 980 2971 omnes
996 2918 1185 2990 peccatores
1203 2909 1338 2972 indiscri-

250 3015 400 3076 minatim
424 3034 542 3077 vocare
565 3016 607 3077 ad
633 3015 876 3096 poenitentiam,
896 3012 1095 3093 nullumque
1118 3013 1223 3093 perire
1246 3013 1339 3085 velle;

250 3117 301 3196 (b)
312 3137 360 3178 ex
378 3117 537 3190 textibus,
548 3118 579 3179 in
594 3118 714 3199 quibus
730 3118 904 3198 speciatim
922 3116 1079 3176 asseritur
1095 3115 1206 3176 Deum
1221 3114 1338 3196 adpe-

251 3219 425 3280 nitentiam
449 3239 567 3280 vocare
590 3221 691 3281 etiam
718 3221 909 3292 obduratos
932 3239 959 3279 v.
984 3237 1013 3298 g.
1033 3237 1039 3278 :
1063 3217 1251 3298 “Expandi
1279 3220 1338 3278 tota

250 3320 304 3382 die
327 3340 445 3382 manus
466 3341 556 3382 meas
579 3323 621 3384 ad
645 3322 807 3403 populum
833 3319 1043 3391 Incredulum
1065 3320 1120 3399 qui
1144 3321 1292 3400 graditur
1312 3319 1337 3378 in
1379 3331 1380 3344 ¹

250 3423 302 3484 via
325 3442 390 3484 non
413 3423 508 3496 bona,
526 3434 602 3504 post
623 3425 844 3505 cogitationes
864 3443 948 3496 suaS,
965 3421 1125 3502 populum
1147 3423 1203 3502 qui
1225 3423 1267 3484 ad
1287 3423 1338 3482 ira·

250 3525 404 3588 cundiam
429 3537 587 3607 provocat
613 3547 665 3588 me
679 3527 743 3602 ”3;
768 3527 811 3589 ibi
835 3527 924 3587 enirn
949 3526 1057 3604 agitur
1080 3525 1122 3586 de
1145 3523 1269 3604 Judaeis
1290 3523 1337 3604 qui
1379 3515 1380 3520 ’

252 3627 420 3690 multoties
444 3630 559 3710 gratiae
585 3629 648 3692 Dei
673 3629 807 3692 obedire
835 3638 1023 3702 renuerant,
1047 3637 1079 3689 et
1107 3626 1339 3690 obduraverunt

251 3730 350 3790 corda
373 3751 452 3803 sua;
485 3752 582 3812 porro
608 3733 699 3794 Deus
724 3753 789 3794 non
815 3741 922 3793 cessat
951 3731 1023 3792 illos
1050 3731 1092 3792 ad
1121 3731 1339 3811 poenitentiam

251 3850 377 3899 vocare,
394 3843 426 3893 et
445 3834 524 3913 ipsm
541 3836 787 3916 castigationes,
804 3855 887 3916 quas
904 3835 950 3896 eis
969 3833 1123 3907 minatur,
1138 3842 1215 3894 sunt
1235 3831 1339 3912 gratia
1379 3835 1380 3840 ’

251 3931 371 4010 quibus
389 3935 429 3994 ad
449 3936 678 4015 poenitcndurn
697 3939 888 4000 excitantur
902 3959 908 4012 ;
929 3937 976 4016 (c)
989 3955 1032 3996 ex
1046 3935 1198 3996 Proverb.
1213 3935 1239 4010 l,
1251 3951 1290 3997 20
1300 3951 1339 4011 sq.
1379 3981 1380 4034 p

252 4031 307 4093 ubi
327 4032 499 4113 Sapientia
516 4037 692 4101 exhibetur·
710 4039 788 4102 loris
805 4041 987 4121 praedicans
1007 4057 1188 4117 omnesque
1210 4039 1251 4099 ad
1272 4055 1338 4098 con·
1379 4043 1380 4076 ἒ

255 4169 645 4182 ——---—.—'-—¹--¹-
661 4175 793 4184 -.n—*—

288 4251 294 4272 ¹
309 4244 400 4297 Exod.
420 4245 469 4308 lX,
489 4263 527 4300 ια.
545 4277 577 4286 -
591 4250 673 4317 ·'J‹›n.
691 4251 760 4311 ΧΗ,
774 4269 816 4322 ⁴0·
834 4281 866 4290 -
880 4247 890 4280 ³
903 4253 959 4304 lsn.
978 4249 1066 4315 LXV,
1083 4265 1135 4320 ²·3·
