<?xml version="1.0" encoding="UTF-8"?>
<!DOCTYPE html PUBLIC "-//W3C//DTD XHTML 1.0 Transitional//EN"
    "http://www.w3.org/TR/xhtml1/DTD/xhtml1-transitional.dtd">
<html xmlns="http://www.w3.org/1999/xhtml" xml:lang="en" lang="en">
 <head>
  <title>
</title>
<meta http-equiv="Content-Type" content="text/html;charset=utf-8" />
  <meta name='ocr-system' content='tesseract 3.04.00' />
  <meta name='ocr-capabilities' content='ocr_page ocr_carea ocr_par ocr_line ocrx_word'/>
</head>
<body>
  <div class='ocr_page' id='page_1' title='image "./synopsistheolog01tanqgoog_0417.png"; bbox 0 0 2752 4648; ppageno 0'>
   <div class='ocr_carea' id='block_1_1' title="bbox 252 171 905 222">
    <p class='ocr_par' dir='ltr' id='par_1_1' title="bbox 252 171 905 222">
     <span class='ocr_line' id='line_1_1' title="bbox 252 171 905 222; baseline -0.006 0"><span class='ocrx_word' id='word_1_1' title='bbox 252 173 322 222; x_wconf 77' lang='lat'>⁴02</span> <span class='ocrx_word' id='word_1_2' title='bbox 706 171 847 222; x_wconf 79' lang='lat' dir='ltr'>CAPUT</span> <span class='ocrx_word' id='word_1_3' title='bbox 864 171 905 219; x_wconf 89' lang='lat'>11.</span> 
     </span>
    </p>
   </div>
   <div class='ocr_carea' id='block_1_2' title="bbox 239 346 1369 2076">
    <p class='ocr_par' dir='ltr' id='par_1_2' title="bbox 239 346 1369 1050">
     <span class='ocr_line' id='line_1_2' title="bbox 298 346 1329 440; baseline -0.016 -19"><span class='ocrx_word' id='word_1_4' title='bbox 298 351 364 440; x_wconf 88' lang='lat' dir='ltr'>(B)</span> <span class='ocrx_word' id='word_1_5' title='bbox 389 355 513 416; x_wconf 81' lang='lat' dir='ltr'><em>Tradit.</em></span> <span class='ocrx_word' id='word_1_6' title='bbox 532 379 544 417; x_wconf 91' lang='grc'>.·</span> <span class='ocrx_word' id='word_1_7' title='bbox 570 350 626 439; x_wconf 83' lang='lat' dir='ltr'>(a)</span> <span class='ocrx_word' id='word_1_8' title='bbox 646 355 709 416; x_wconf 90' lang='lat' dir='ltr'>Pro</span> <span class='ocrx_word' id='word_1_9' title='bbox 724 355 880 435; x_wconf 79' lang='lat' dir='ltr'>parvulis</span> <span class='ocrx_word' id='word_1_10' title='bbox 902 353 1004 415; x_wconf 88' lang='lat' dir='ltr'>thesis</span> <span class='ocrx_word' id='word_1_11' title='bbox 1025 352 1063 412; x_wconf 87' lang='lat' dir='ltr'>de</span> <span class='ocrx_word' id='word_1_12' title='bbox 1077 351 1149 432; x_wconf 85' lang='lat' dir='ltr'>fide</span> <span class='ocrx_word' id='word_1_13' title='bbox 1164 359 1258 420; x_wconf 84' lang='lat' dir='ltr'>est1,·</span> <span class='ocrx_word' id='word_1_14' title='bbox 1278 346 1329 407; x_wconf 85' lang='lat' dir='ltr'>“Si</span> 
     </span>
     <span class='ocr_line' id='line_1_3' title="bbox 252 451 1330 538; baseline -0.011 -18"><span class='ocrx_word' id='word_1_15' title='bbox 252 459 325 537; x_wconf 89' lang='lat' dir='ltr'>quis</span> <span class='ocrx_word' id='word_1_16' title='bbox 343 458 466 521; x_wconf 86' lang='lat' dir='ltr'>dixerit</span> <span class='ocrx_word' id='word_1_17' title='bbox 483 457 628 538; x_wconf 90' lang='lat' dir='ltr'>parvulis</span> <span class='ocrx_word' id='word_1_18' title='bbox 642 465 823 538; x_wconf 81' lang='lat' dir='ltr'><strong>antequam</strong></span> <span class='ocrx_word' id='word_1_19' title='bbox 837 457 878 518; x_wconf 90' lang='lat' dir='ltr'>ad</span> <span class='ocrx_word' id='word_1_20' title='bbox 897 474 1002 517; x_wconf 88' lang='lat' dir='ltr'>annos</span> <span class='ocrx_word' id='word_1_21' title='bbox 1015 451 1223 516; x_wconf 80' lang='lat' dir='ltr'>discretionis</span> <span class='ocrx_word' id='word_1_22' title='bbox 1239 468 1330 530; x_wconf 85' lang='lat' dir='ltr'>perve-</span> 
     </span>
     <span class='ocr_line' id='line_1_4' title="bbox 253 551 1330 628; baseline -0.008 -6"><span class='ocrx_word' id='word_1_23' title='bbox 253 561 362 622; x_wconf 91' lang='lat' dir='ltr'>nerint</span> <span class='ocrx_word' id='word_1_24' title='bbox 378 561 597 623; x_wconf 89' lang='lat' dir='ltr'>necessariam</span> <span class='ocrx_word' id='word_1_25' title='bbox 614 579 687 621; x_wconf 88' lang='lat' dir='ltr'>esse</span> <span class='ocrx_word' id='word_1_26' title='bbox 706 558 926 623; x_wconf 67' lang='lat' dir='ltr'>Eucharistia¹</span> <span class='ocrx_word' id='word_1_27' title='bbox 947 557 1227 628; x_wconf 88' lang='lat' dir='ltr'>communionem,</span> <span class='ocrx_word' id='word_1_28' title='bbox 1243 553 1277 614; x_wconf 81' lang='lat' dir='ltr'>A.</span> <span class='ocrx_word' id='word_1_29' title='bbox 1293 551 1330 614; x_wconf 65' lang='lat' dir='ltr'>Sf‘</span> 
     </span>
     <span class='ocr_line' id='line_1_5' title="bbox 253 657 1369 743; baseline -0.006 -16"><span class='ocrx_word' id='word_1_30' title='bbox 253 662 304 743; x_wconf 87' lang='lat' dir='ltr'>(b)</span> <span class='ocrx_word' id='word_1_31' title='bbox 329 664 392 725; x_wconf 88' lang='lat' dir='ltr'>Pro</span> <span class='ocrx_word' id='word_1_32' title='bbox 415 662 568 725; x_wconf 86' lang='lat' dir='ltr'>adultis:</span> <span class='ocrx_word' id='word_1_33' title='bbox 606 664 757 726; x_wconf 87' lang='lat' dir='ltr'>Ecclesia</span> <span class='ocrx_word' id='word_1_34' title='bbox 782 663 814 728; x_wconf 89' lang='lat' dir='ltr'>S.</span> <span class='ocrx_word' id='word_1_35' title='bbox 840 657 1288 725; x_wconf 87' lang='lat' dir='ltr'>Eucharistiamamentibus</span> <span class='ocrx_word' id='word_1_36' title='bbox 1307 665 1330 715; x_wconf 87' lang='lat' dir='ltr'>et</span> <span class='ocrx_word' id='word_1_37' title='bbox 1368 717 1369 720; x_wconf 74' lang='grc'>,</span> 
     </span>
     <span class='ocr_line' id='line_1_6' title="bbox 254 757 1330 846; baseline -0.007 -21"><span class='ocrx_word' id='word_1_38' title='bbox 254 763 454 845; x_wconf 85' lang='lat' dir='ltr'>phreneticis</span> <span class='ocrx_word' id='word_1_39' title='bbox 472 784 537 826; x_wconf 95' lang='lat' dir='ltr'>non</span> <span class='ocrx_word' id='word_1_40' title='bbox 555 766 718 840; x_wconf 91' lang='lat' dir='ltr'>concedit,</span> <span class='ocrx_word' id='word_1_41' title='bbox 735 775 768 827; x_wconf 90' lang='lat' dir='ltr'>et</span> <span class='ocrx_word' id='word_1_42' title='bbox 790 765 871 828; x_wconf 87' lang='lat' dir='ltr'>olim</span> <span class='ocrx_word' id='word_1_43' title='bbox 894 764 1074 846; x_wconf 90' lang='lat' dir='ltr'>aliquando</span> <span class='ocrx_word' id='word_1_44' title='bbox 1089 782 1163 825; x_wconf 91' lang='lat' dir='ltr'>eam</span> <span class='ocrx_word' id='word_1_45' title='bbox 1182 760 1275 841; x_wconf 84' lang='lat' dir='ltr'>lapsis</span> <span class='ocrx_word' id='word_1_46' title='bbox 1288 757 1330 818; x_wconf 92' lang='lat' dir='ltr'>de-</span> 
     </span>
     <span class='ocr_line' id='line_1_7' title="bbox 255 867 1330 948; baseline -0.007 -21"><span class='ocrx_word' id='word_1_47' title='bbox 255 867 390 948; x_wconf 86' lang='lat' dir='ltr'>negavit</span> <span class='ocrx_word' id='word_1_48' title='bbox 405 887 412 942; x_wconf 85' lang='lat'>;</span> <span class='ocrx_word' id='word_1_49' title='bbox 436 867 527 946; x_wconf 84' lang='lat' dir='ltr'>atqui</span> <span class='ocrx_word' id='word_1_50' title='bbox 545 886 716 947; x_wconf 90' lang='lat' dir='ltr'>nunquam</span> <span class='ocrx_word' id='word_1_51' title='bbox 734 869 920 948; x_wconf 86' lang='lat' dir='ltr'>denegatur</span> <span class='ocrx_word' id='word_1_52' title='bbox 937 875 1183 928; x_wconf 87' lang='lat' dir='ltr'>sacramentum</span> <span class='ocrx_word' id='word_1_53' title='bbox 1206 881 1330 925; x_wconf 87' lang='lat' dir='ltr'>necessa·</span> 
     </span>
     <span class='ocr_line' id='line_1_8' title="bbox 239 967 830 1050; baseline 0.008 -22"><span class='ocrx_word' id='word_1_54' title='bbox 239 967 338 1041; x_wconf 80' lang='lat' dir='ltr'>¹rium</span> <span class='ocrx_word' id='word_1_55' title='bbox 356 969 554 1030; x_wconf 80' lang='lat' dir='ltr'>necessitate</span> <span class='ocrx_word' id='word_1_56' title='bbox 572 969 671 1030; x_wconf 91' lang='lat' dir='ltr'>medii</span> <span class='ocrx_word' id='word_1_57' title='bbox 687 991 693 1044; x_wconf 90' lang='lat'><em>;</em></span> <span class='ocrx_word' id='word_1_58' title='bbox 717 989 797 1050; x_wconf 87' lang='lat' dir='ltr'>ergo</span> <span class='ocrx_word' id='word_1_59' title='bbox 808 982 830 1033; x_wconf 79' lang='lat'>².</span> 
     </span>
    </p>

    <p class='ocr_par' dir='ltr' id='par_1_3' title="bbox 253 1066 1333 2076">
     <span class='ocr_line' id='line_1_9' title="bbox 300 1066 1331 1156; baseline -0.008 -24"><span class='ocrx_word' id='word_1_60' title='bbox 300 1066 364 1156; x_wconf 90' lang='lat' dir='ltr'>(C)</span> <span class='ocrx_word' id='word_1_61' title='bbox 382 1070 459 1132; x_wconf 89' lang='lat' dir='ltr'>Rat.</span> <span class='ocrx_word' id='word_1_62' title='bbox 482 1070 513 1132; x_wconf 87' lang='grc' dir='ltr'><em>Τ</em></span> <span class='ocrx_word' id='word_1_63' title='bbox 509 1071 584 1133; x_wconf 82' lang='lat' dir='ltr'>leeol.</span> <span class='ocrx_word' id='word_1_64' title='bbox 632 1071 666 1135; x_wconf 92' lang='lat' dir='ltr'>Si</span> <span class='ocrx_word' id='word_1_65' title='bbox 691 1072 901 1135; x_wconf 88' lang='lat' dir='ltr'>Eucharistia</span> <span class='ocrx_word' id='word_1_66' title='bbox 925 1071 1109 1134; x_wconf 89' lang='lat' dir='ltr'>necessaria</span> <span class='ocrx_word' id='word_1_67' title='bbox 1133 1079 1220 1130; x_wconf 90' lang='lat' dir='ltr'>esset</span> <span class='ocrx_word' id='word_1_68' title='bbox 1242 1085 1331 1128; x_wconf 83' lang='lat' dir='ltr'>neces-</span> 
     </span>
     <span class='ocr_line' id='line_1_10' title="bbox 254 1168 1331 1254; baseline -0.005 -22"><span class='ocrx_word' id='word_1_69' title='bbox 254 1173 352 1235; x_wconf 90' lang='lat' dir='ltr'>sitate</span> <span class='ocrx_word' id='word_1_70' title='bbox 377 1173 486 1247; x_wconf 90' lang='lat' dir='ltr'>medii,</span> <span class='ocrx_word' id='word_1_71' title='bbox 508 1173 583 1235; x_wconf 93' lang='lat' dir='ltr'>ideo</span> <span class='ocrx_word' id='word_1_72' title='bbox 607 1183 695 1238; x_wconf 90' lang='lat' dir='ltr'>esset</span> <span class='ocrx_word' id='word_1_73' title='bbox 719 1175 796 1254; x_wconf 90' lang='lat' dir='ltr'>quia</span> <span class='ocrx_word' id='word_1_74' title='bbox 820 1173 972 1236; x_wconf 89' lang='lat' dir='ltr'>absolute</span> <span class='ocrx_word' id='word_1_75' title='bbox 996 1173 1216 1253; x_wconf 81' lang='lat' dir='ltr'>requireretur</span> <span class='ocrx_word' id='word_1_76' title='bbox 1235 1169 1281 1231; x_wconf 85' lang='lat' dir='ltr'>vel</span> <span class='ocrx_word' id='word_1_77' title='bbox 1301 1168 1331 1228; x_wconf 82' lang='lat' dir='ltr'>ad</span> 
     </span>
     <span class='ocr_line' id='line_1_11' title="bbox 254 1272 1332 1358; baseline -0.004 -21"><span class='ocrx_word' id='word_1_78' title='bbox 254 1276 491 1355; x_wconf 89' lang='lat' dir='ltr'>acquirendam</span> <span class='ocrx_word' id='word_1_79' title='bbox 519 1275 571 1336; x_wconf 84' lang='lat' dir='ltr'>vel</span> <span class='ocrx_word' id='word_1_80' title='bbox 600 1277 641 1337; x_wconf 91' lang='lat' dir='ltr'>ad</span> <span class='ocrx_word' id='word_1_81' title='bbox 670 1278 868 1339; x_wconf 85' lang='lat' dir='ltr'>servandam</span> <span class='ocrx_word' id='word_1_82' title='bbox 896 1277 1038 1358; x_wconf 86' lang='lat' dir='ltr'>gratiam</span> <span class='ocrx_word' id='word_1_83' title='bbox 1066 1272 1332 1340; x_wconf 68' lang='lat' dir='ltr'>sanfiificantem3</span> 
     </span>
     <span class='ocr_line' id='line_1_12' title="bbox 254 1375 1333 1461; baseline -0.008 -21"><span class='ocrx_word' id='word_1_84' title='bbox 254 1379 346 1458; x_wconf 89' lang='lat' dir='ltr'>atqui</span> <span class='ocrx_word' id='word_1_85' title='bbox 373 1388 526 1441; x_wconf 91' lang='lat' dir='ltr'>neutrum</span> <span class='ocrx_word' id='word_1_86' title='bbox 553 1379 618 1441; x_wconf 91' lang='lat' dir='ltr'>dici</span> <span class='ocrx_word' id='word_1_87' title='bbox 644 1389 777 1461; x_wconf 87' lang='lat' dir='ltr'>potest;</span> <span class='ocrx_word' id='word_1_88' title='bbox 811 1399 887 1442; x_wconf 90' lang='lat' dir='ltr'>nam</span> <span class='ocrx_word' id='word_1_89' title='bbox 914 1380 1021 1460; x_wconf 90' lang='lat' dir='ltr'>prima</span> <span class='ocrx_word' id='word_1_90' title='bbox 1046 1377 1155 1458; x_wconf 88' lang='lat' dir='ltr'>gratia</span> <span class='ocrx_word' id='word_1_91' title='bbox 1178 1375 1333 1457; x_wconf 83' lang='lat' dir='ltr'>acquiritur</span> 
     </span>
     <span class='ocr_line' id='line_1_13' title="bbox 253 1478 1329 1562; baseline -0.007 -21"><span class='ocrx_word' id='word_1_92' title='bbox 253 1500 312 1560; x_wconf 90' lang='lat' dir='ltr'>per</span> <span class='ocrx_word' id='word_1_93' title='bbox 344 1481 562 1561; x_wconf 91' lang='lat' dir='ltr'>Baptismum,</span> <span class='ocrx_word' id='word_1_94' title='bbox 593 1491 651 1543; x_wconf 87' lang='lat' dir='ltr'>aut</span> <span class='ocrx_word' id='word_1_95' title='bbox 690 1491 900 1562; x_wconf 89' lang='lat' dir='ltr'>recuperatur</span> <span class='ocrx_word' id='word_1_96' title='bbox 938 1500 996 1562; x_wconf 89' lang='lat' dir='ltr'>per</span> <span class='ocrx_word' id='word_1_97' title='bbox 1036 1478 1274 1548; x_wconf 73' lang='lat' dir='ltr'>Paenitentiam,</span> <span class='ocrx_word' id='word_1_98' title='bbox 1305 1485 1329 1534; x_wconf 90' lang='lat' dir='ltr'>et</span> 
     </span>
     <span class='ocr_line' id='line_1_14' title="bbox 255 1579 1332 1664; baseline -0.005 -22"><span class='ocrx_word' id='word_1_99' title='bbox 255 1583 407 1662; x_wconf 87' lang='lat' dir='ltr'>quamvis</span> <span class='ocrx_word' id='word_1_100' title='bbox 436 1583 647 1645; x_wconf 90' lang='lat' dir='ltr'>Eucharistia</span> <span class='ocrx_word' id='word_1_101' title='bbox 673 1585 716 1646; x_wconf 91' lang='lat' dir='ltr'>sit</span> <span class='ocrx_word' id='word_1_102' title='bbox 744 1585 907 1664; x_wconf 90' lang='lat' dir='ltr'>optimum</span> <span class='ocrx_word' id='word_1_103' title='bbox 938 1581 1094 1657; x_wconf 90' lang='lat' dir='ltr'>medium,</span> <span class='ocrx_word' id='word_1_104' title='bbox 1118 1583 1186 1644; x_wconf 92' lang='lat' dir='ltr'>imo</span> <span class='ocrx_word' id='word_1_105' title='bbox 1209 1579 1332 1642; x_wconf 87' lang='lat' dir='ltr'>medium</span> 
     </span>
     <span class='ocr_line' id='line_1_15' title="bbox 257 1685 1332 1767; baseline -0.007 -21"><span class='ocrx_word' id='word_1_106' title='bbox 257 1687 426 1748; x_wconf 89' lang='lat' dir='ltr'>moraliter</span> <span class='ocrx_word' id='word_1_107' title='bbox 442 1687 673 1761; x_wconf 86' lang='lat' dir='ltr'>necessarium,</span> <span class='ocrx_word' id='word_1_108' title='bbox 690 1687 854 1750; x_wconf 88' lang='lat' dir='ltr'>ordinarie</span> <span class='ocrx_word' id='word_1_109' title='bbox 872 1686 1050 1767; x_wconf 87' lang='lat' dir='ltr'>loquendo,</span> <span class='ocrx_word' id='word_1_110' title='bbox 1065 1687 1107 1747; x_wconf 91' lang='lat' dir='ltr'>ad</span> <span class='ocrx_word' id='word_1_111' title='bbox 1133 1685 1268 1765; x_wconf 85' lang='lat' dir='ltr'>gratiam</span> <span class='ocrx_word' id='word_1_112' title='bbox 1283 1699 1332 1741; x_wconf 87' lang='lat' dir='ltr'>ser·</span> 
     </span>
     <span class='ocr_line' id='line_1_16' title="bbox 255 1783 1333 1870; baseline -0.005 -22"><span class='ocrx_word' id='word_1_113' title='bbox 255 1789 410 1862; x_wconf 88' lang='lat' dir='ltr'>vandam,</span> <span class='ocrx_word' id='word_1_114' title='bbox 434 1799 546 1852; x_wconf 89' lang='lat' dir='ltr'>tamen</span> <span class='ocrx_word' id='word_1_115' title='bbox 575 1801 653 1853; x_wconf 92' lang='lat' dir='ltr'>sunt</span> <span class='ocrx_word' id='word_1_116' title='bbox 681 1791 746 1852; x_wconf 90' lang='lat' dir='ltr'>alia</span> <span class='ocrx_word' id='word_1_117' title='bbox 771 1791 881 1854; x_wconf 84' lang='lat' dir='ltr'>media</span> <span class='ocrx_word' id='word_1_118' title='bbox 903 1790 1023 1870; x_wconf 90' lang='lat' dir='ltr'>quibus</span> <span class='ocrx_word' id='word_1_119' title='bbox 1051 1786 1165 1852; x_wconf 69' lang='lat' dir='ltr'>stridie</span> <span class='ocrx_word' id='word_1_120' title='bbox 1191 1783 1333 1868; x_wconf 88' lang='lat' dir='ltr'>loquendo</span> 
     </span>
     <span class='ocr_line' id='line_1_17' title="bbox 255 1892 1333 1973; baseline -0.007 -19"><span class='ocrx_word' id='word_1_121' title='bbox 255 1892 324 1954; x_wconf 87' lang='lat' dir='ltr'>vita</span> <span class='ocrx_word' id='word_1_122' title='bbox 339 1893 457 1972; x_wconf 70' lang='lat' dir='ltr'>gratiae</span> <span class='ocrx_word' id='word_1_123' title='bbox 474 1893 593 1954; x_wconf 91' lang='lat' dir='ltr'>servari</span> <span class='ocrx_word' id='word_1_124' title='bbox 612 1902 732 1972; x_wconf 88' lang='lat' dir='ltr'>potest,</span> <span class='ocrx_word' id='word_1_125' title='bbox 748 1894 855 1955; x_wconf 90' lang='lat' dir='ltr'>oratio</span> <span class='ocrx_word' id='word_1_126' title='bbox 879 1893 1003 1955; x_wconf 90' lang='lat' dir='ltr'>scilicet</span> <span class='ocrx_word' id='word_1_127' title='bbox 1027 1893 1158 1973; x_wconf 87' lang='lat' dir='ltr'>aliaque</span> <span class='ocrx_word' id='word_1_128' title='bbox 1181 1909 1274 1972; x_wconf 89' lang='lat' dir='ltr'>opera</span> <span class='ocrx_word' id='word_1_129' title='bbox 1294 1905 1333 1946; x_wconf 90' lang='lat' dir='ltr'>su-</span> 
     </span>
     <span class='ocr_line' id='line_1_18' title="bbox 257 1993 614 2076; baseline 0.003 -21"><span class='ocrx_word' id='word_1_130' title='bbox 257 1993 503 2076; x_wconf 85' lang='lat' dir='ltr'>pernaturalia;</span> <span class='ocrx_word' id='word_1_131' title='bbox 526 2013 614 2074; x_wconf 79' lang='lat' dir='ltr'>ergo</span> 
     </span>
    </p>
   </div>
   <div class='ocr_carea' id='block_1_3' title="bbox 505 2156 1111 2228">
    <p class='ocr_par' dir='ltr' id='par_1_4' title="bbox 505 2156 1111 2228">
     <span class='ocr_line' id='line_1_19' title="bbox 505 2156 1111 2228; baseline -0.007 -12"><span class='ocrx_word' id='word_1_132' title='bbox 505 2158 554 2216; x_wconf 92' lang='lat'>11.</span> <span class='ocrx_word' id='word_1_133' title='bbox 581 2157 634 2216; x_wconf 84' lang='lat' dir='ltr'>De</span> <span class='ocrx_word' id='word_1_134' title='bbox 657 2156 889 2215; x_wconf 83' lang='lat' dir='ltr'>necessitate</span> <span class='ocrx_word' id='word_1_135' title='bbox 913 2156 1111 2228; x_wconf 85' lang='lat' dir='ltr'>praecepti.</span> 
     </span>
    </p>
   </div>
   <div class='ocr_carea' id='block_1_4' title="bbox 253 2279 1335 3398">
    <p class='ocr_par' dir='ltr' id='par_1_5' title="bbox 253 2279 1335 2471">
     <span class='ocr_line' id='line_1_20' title="bbox 301 2279 1335 2367; baseline -0.016 -14"><span class='ocrx_word' id='word_1_136' title='bbox 301 2301 368 2367; x_wconf 54' lang='lat'>123</span> <span class='ocrx_word' id='word_1_137' title='bbox 415 2286 448 2349; x_wconf 87' lang='lat' dir='ltr'><em>E</em></span> <span class='ocrx_word' id='word_1_138' title='bbox 448 2285 634 2348; x_wconf 83' lang='lat' dir='ltr'>uclcarc&#39;stice</span> <span class='ocrx_word' id='word_1_139' title='bbox 647 2283 776 2363; x_wconf 79' lang='lat' dir='ltr'>receptio</span> <span class='ocrx_word' id='word_1_140' title='bbox 788 2283 912 2345; x_wconf 82' lang='lat' dir='ltr'>adultis</span> <span class='ocrx_word' id='word_1_141' title='bbox 928 2285 1106 2346; x_wconf 84' lang='lat' dir='ltr'>necessaria</span> <span class='ocrx_word' id='word_1_142' title='bbox 1117 2294 1164 2346; x_wconf 91' lang='lat' dir='ltr'>est</span> <span class='ocrx_word' id='word_1_143' title='bbox 1179 2279 1335 2345; x_wconf 65' lang='lat' dir='ltr'>necessitate</span> 
     </span>
     <span class='ocr_line' id='line_1_21' title="bbox 253 2386 932 2471; baseline -0.004 -19"><span class='ocrx_word' id='word_1_144' title='bbox 253 2390 405 2471; x_wconf 70' lang='lat' dir='ltr'>precepti</span> <span class='ocrx_word' id='word_1_145' title='bbox 418 2399 488 2450; x_wconf 86' lang='lat' dir='ltr'>tum</span> <span class='ocrx_word' id='word_1_146' title='bbox 503 2387 621 2462; x_wconf 83' lang='lat' dir='ltr'>de&#39;vim&#39;,</span> <span class='ocrx_word' id='word_1_147' title='bbox 640 2396 708 2448; x_wconf 88' lang='lat' dir='ltr'>tum</span> <span class='ocrx_word' id='word_1_148' title='bbox 725 2386 932 2449; x_wconf 67' lang='lat' dir='ltr'>ecclesiastici.</span> 
     </span>
    </p>

    <p class='ocr_par' dir='ltr' id='par_1_6' title="bbox 258 2487 1335 3398">
     <span class='ocr_line' id='line_1_22' title="bbox 302 2487 1334 2572; baseline -0.015 -17"><span class='ocrx_word' id='word_1_149' title='bbox 302 2491 360 2572; x_wconf 80' lang='lat' dir='ltr'>(A)</span> <span class='ocrx_word' id='word_1_150' title='bbox 379 2492 585 2572; x_wconf 87' lang='lat' dir='ltr'>Praeceptum</span> <span class='ocrx_word' id='word_1_151' title='bbox 608 2489 758 2551; x_wconf 85' lang='lat' dir='ltr'>divinum</span> <span class='ocrx_word' id='word_1_152' title='bbox 776 2489 998 2552; x_wconf 90' lang='lat' dir='ltr'>communiter</span> <span class='ocrx_word' id='word_1_153' title='bbox 1013 2487 1210 2560; x_wconf 89' lang='lat' dir='ltr'>admittitur,</span> <span class='ocrx_word' id='word_1_154' title='bbox 1225 2495 1255 2546; x_wconf 90' lang='lat' dir='ltr'>et</span> <span class='ocrx_word' id='word_1_155' title='bbox 1274 2500 1334 2543; x_wconf 86' lang='lat' dir='ltr'>con-</span> 
     </span>
     <span class='ocr_line' id='line_1_23' title="bbox 258 2589 1333 2672; baseline -0.013 -16"><span class='ocrx_word' id='word_1_156' title='bbox 258 2604 325 2657; x_wconf 85' lang='lat' dir='ltr'>stat</span> <span class='ocrx_word' id='word_1_157' title='bbox 341 2614 384 2655; x_wconf 87' lang='lat' dir='ltr'>ex</span> <span class='ocrx_word' id='word_1_158' title='bbox 398 2594 506 2656; x_wconf 92' lang='lat' dir='ltr'>verbis</span> <span class='ocrx_word' id='word_1_159' title='bbox 519 2592 641 2656; x_wconf 89' lang='lat' dir='ltr'>Christi</span> <span class='ocrx_word' id='word_1_160' title='bbox 659 2591 762 2672; x_wconf 89' lang='lat' dir='ltr'>ipsius</span> <span class='ocrx_word' id='word_1_161' title='bbox 778 2615 785 2652; x_wconf 90' lang='lat'>:</span> <span class='ocrx_word' id='word_1_162' title='bbox 808 2591 911 2653; x_wconf 89' lang='lat' dir='ltr'>“Nisi</span> <span class='ocrx_word' id='word_1_163' title='bbox 930 2589 1209 2654; x_wconf 87' lang='lat' dir='ltr'>manducaveritis</span> <span class='ocrx_word' id='word_1_164' title='bbox 1224 2601 1333 2650; x_wconf 87' lang='lat' dir='ltr'>earnem</span> 
     </span>
     <span class='ocr_line' id='line_1_24' title="bbox 260 2685 1334 2777; baseline -0.012 -17"><span class='ocrx_word' id='word_1_165' title='bbox 260 2699 334 2761; x_wconf 86' lang='lat' dir='ltr'>Filii</span> <span class='ocrx_word' id='word_1_166' title='bbox 362 2697 505 2759; x_wconf 87' lang='lat' dir='ltr'>hominis</span> <span class='ocrx_word' id='word_1_167' title='bbox 532 2707 566 2759; x_wconf 92' lang='lat' dir='ltr'>et</span> <span class='ocrx_word' id='word_1_168' title='bbox 593 2695 742 2759; x_wconf 89' lang='lat' dir='ltr'>biberitis</span> <span class='ocrx_word' id='word_1_169' title='bbox 766 2693 842 2774; x_wconf 89' lang='lat' dir='ltr'>ejus</span> <span class='ocrx_word' id='word_1_170' title='bbox 869 2697 1073 2777; x_wconf 84' lang='lat' dir='ltr'>sanguinem,</span> <span class='ocrx_word' id='word_1_171' title='bbox 1100 2713 1167 2756; x_wconf 90' lang='lat' dir='ltr'>non</span> <span class='ocrx_word' id='word_1_172' title='bbox 1195 2685 1334 2754; x_wconf 79' lang='lat' dir='ltr'>habebitis</span> 
     </span>
     <span class='ocr_line' id='line_1_25' title="bbox 258 2789 1334 2880; baseline -0.015 -15"><span class='ocrx_word' id='word_1_173' title='bbox 258 2804 361 2866; x_wconf 91' lang='lat' dir='ltr'>vitam</span> <span class='ocrx_word' id='word_1_174' title='bbox 380 2802 411 2863; x_wconf 90' lang='lat' dir='ltr'>in</span> <span class='ocrx_word' id='word_1_175' title='bbox 429 2800 522 2863; x_wconf 89' lang='lat' dir='ltr'>vobis</span> <span class='ocrx_word' id='word_1_176' title='bbox 533 2801 569 2876; x_wconf 86' lang='lat'>”;</span> <span class='ocrx_word' id='word_1_177' title='bbox 593 2819 668 2880; x_wconf 86' lang='lat' dir='ltr'>quae</span> <span class='ocrx_word' id='word_1_178' title='bbox 684 2798 820 2879; x_wconf 90' lang='lat' dir='ltr'>quidem</span> <span class='ocrx_word' id='word_1_179' title='bbox 838 2799 938 2860; x_wconf 89' lang='lat' dir='ltr'>verba</span> <span class='ocrx_word' id='word_1_180' title='bbox 955 2798 1187 2860; x_wconf 89' lang='lat' dir='ltr'>necessitatem</span> <span class='ocrx_word' id='word_1_181' title='bbox 1202 2789 1334 2858; x_wconf 88' lang='lat' dir='ltr'>Euchari-</span> 
     </span>
     <span class='ocr_line' id='line_1_26' title="bbox 259 2895 1334 2985; baseline -0.016 -16"><span class='ocrx_word' id='word_1_182' title='bbox 259 2907 332 2970; x_wconf 86' lang='lat' dir='ltr'>stiae</span> <span class='ocrx_word' id='word_1_183' title='bbox 356 2907 559 2985; x_wconf 89' lang='lat' dir='ltr'>important;</span> <span class='ocrx_word' id='word_1_184' title='bbox 583 2904 684 2983; x_wconf 90' lang='lat' dir='ltr'>atqui,</span> <span class='ocrx_word' id='word_1_185' title='bbox 701 2923 745 2965; x_wconf 87' lang='lat' dir='ltr'>ex</span> <span class='ocrx_word' id='word_1_186' title='bbox 762 2898 869 2975; x_wconf 76' lang='lat' dir='ltr'>dictis,</span> <span class='ocrx_word' id='word_1_187' title='bbox 886 2920 952 2962; x_wconf 92' lang='lat' dir='ltr'>non</span> <span class='ocrx_word' id='word_1_188' title='bbox 977 2901 1160 2981; x_wconf 88' lang='lat' dir='ltr'>important</span> <span class='ocrx_word' id='word_1_189' title='bbox 1184 2895 1334 2960; x_wconf 88' lang='lat' dir='ltr'>necessita·</span> 
     </span>
     <span class='ocr_line' id='line_1_27' title="bbox 259 2999 1335 3087; baseline -0.013 -16"><span class='ocrx_word' id='word_1_190' title='bbox 259 3019 328 3071; x_wconf 92' lang='lat' dir='ltr'>tem</span> <span class='ocrx_word' id='word_1_191' title='bbox 353 3008 469 3084; x_wconf 91' lang='lat' dir='ltr'>medii;</span> <span class='ocrx_word' id='word_1_192' title='bbox 493 3025 571 3087; x_wconf 87' lang='lat' dir='ltr'>ergo</span> <span class='ocrx_word' id='word_1_193' title='bbox 595 3005 826 3067; x_wconf 89' lang='lat' dir='ltr'>necessitatem</span> <span class='ocrx_word' id='word_1_194' title='bbox 851 3003 1016 3085; x_wconf 83' lang='lat' dir='ltr'>praecepti.</span> <span class='ocrx_word' id='word_1_195' title='bbox 1041 3001 1141 3083; x_wconf 80' lang='lat' dir='ltr'>Quod</span> <span class='ocrx_word' id='word_1_196' title='bbox 1166 2999 1335 3064; x_wconf 82' lang='lat' dir='ltr'>confirmare</span> 
     </span>
     <span class='ocr_line' id='line_1_28' title="bbox 259 3103 1335 3186; baseline -0.016 -13"><span class='ocrx_word' id='word_1_197' title='bbox 259 3112 391 3173; x_wconf 87' lang='lat' dir='ltr'>videtur</span> <span class='ocrx_word' id='word_1_198' title='bbox 420 3109 450 3170; x_wconf 85' lang='lat' dir='ltr'><em>T</em></span> <span class='ocrx_word' id='word_1_199' title='bbox 449 3109 659 3183; x_wconf 76' lang='lat' dir='ltr'>reitentc&#39;num,</span> <span class='ocrx_word' id='word_1_200' title='bbox 683 3108 773 3180; x_wconf 91' lang='lat' dir='ltr'>dum,</span> <span class='ocrx_word' id='word_1_201' title='bbox 799 3115 875 3186; x_wconf 91' lang='lat' dir='ltr'>post</span> <span class='ocrx_word' id='word_1_202' title='bbox 903 3104 1102 3185; x_wconf 88' lang='lat' dir='ltr'>descriptam</span> <span class='ocrx_word' id='word_1_203' title='bbox 1130 3103 1228 3184; x_wconf 91' lang='lat' dir='ltr'>hujus</span> <span class='ocrx_word' id='word_1_204' title='bbox 1251 3116 1335 3162; x_wconf 84' lang='lat' dir='ltr'>sacm-</span> 
     </span>
     <span class='ocr_line' id='line_1_29' title="bbox 261 3201 1335 3295; baseline -0.015 -19"><span class='ocrx_word' id='word_1_205' title='bbox 261 3212 364 3276; x_wconf 91' lang='lat' dir='ltr'>menti</span> <span class='ocrx_word' id='word_1_206' title='bbox 389 3211 641 3286; x_wconf 88' lang='lat' dir='ltr'>institutionem,</span> <span class='ocrx_word' id='word_1_207' title='bbox 665 3211 711 3273; x_wconf 90' lang='lat' dir='ltr'>ait</span> <span class='ocrx_word' id='word_1_208' title='bbox 738 3206 843 3295; x_wconf 86' lang='lat' dir='ltr'>(Sess.</span> <span class='ocrx_word' id='word_1_209' title='bbox 861 3207 963 3280; x_wconf 89' lang='grc' dir='ltr'>ΧΙΙΙ,</span> <span class='ocrx_word' id='word_1_210' title='bbox 979 3227 1005 3268; x_wconf 88' lang='lat' dir='ltr'>c.</span> <span class='ocrx_word' id='word_1_211' title='bbox 1023 3201 1086 3289; x_wconf 88' lang='lat'>2):</span> <span class='ocrx_word' id='word_1_212' title='bbox 1118 3205 1192 3268; x_wconf 86' lang='lat' dir='ltr'>“Et</span> <span class='ocrx_word' id='word_1_213' title='bbox 1217 3206 1247 3266; x_wconf 91' lang='lat' dir='ltr'>in</span> <span class='ocrx_word' id='word_1_214' title='bbox 1269 3201 1335 3262; x_wconf 70' lang='lat' dir='ltr'>illie&gt;</span> 
     </span>
     <span class='ocr_line' id='line_1_30' title="bbox 261 3297 1334 3398; baseline -0.018 -18"><span class='ocrx_word' id='word_1_215' title='bbox 261 3317 451 3398; x_wconf 89' lang='lat' dir='ltr'>sumptione</span> <span class='ocrx_word' id='word_1_216' title='bbox 479 3314 585 3377; x_wconf 89' lang='lat' dir='ltr'>colere</span> <span class='ocrx_word' id='word_1_217' title='bbox 613 3335 673 3376; x_wconf 88' lang='lat' dir='ltr'>nos</span> <span class='ocrx_word' id='word_1_218' title='bbox 701 3313 750 3374; x_wconf 92' lang='lat' dir='ltr'>sui</span> <span class='ocrx_word' id='word_1_219' title='bbox 780 3310 975 3373; x_wconf 89' lang='lat' dir='ltr'>memoriam</span> <span class='ocrx_word' id='word_1_220' title='bbox 995 3309 1147 3390; x_wconf 70' lang='lat' dir='ltr'>praecepit</span> <span class='ocrx_word' id='word_1_221' title='bbox 1172 3297 1334 3392; x_wconf 85' lang='lat' dir='ltr'>(Christus)</span> 
     </span>
    </p>
   </div>
   <div class='ocr_carea' id='block_1_5' title="bbox 262 3562 1369 4312">
    <p class='ocr_par' dir='ltr' id='par_1_7' title="bbox 297 3562 758 3629">
     <span class='ocr_line' id='line_1_31' title="bbox 297 3562 758 3629; baseline -0.002 -14"><span class='ocrx_word' id='word_1_222' title='bbox 297 3571 303 3594; x_wconf 91' lang='lat'>¹</span> <span class='ocrx_word' id='word_1_223' title='bbox 324 3564 459 3628; x_wconf 78' lang='lat' dir='ltr'>Tn‘dent.,</span> <span class='ocrx_word' id='word_1_224' title='bbox 473 3578 542 3616; x_wconf 90' lang='lat' dir='ltr'>sess.</span> <span class='ocrx_word' id='word_1_225' title='bbox 559 3562 640 3626; x_wconf 86' lang='lat' dir='ltr'>XXI,</span> <span class='ocrx_word' id='word_1_226' title='bbox 654 3579 716 3616; x_wconf 89' lang='lat' dir='ltr'>can.</span> <span class='ocrx_word' id='word_1_227' title='bbox 732 3578 758 3629; x_wconf 86' lang='lat'>4.</span> 
     </span>
    </p>

    <p class='ocr_par' dir='ltr' id='par_1_8' title="bbox 262 3637 1369 4312">
     <span class='ocr_line' id='line_1_32' title="bbox 296 3637 1335 3719; baseline -0.013 -15"><span class='ocrx_word' id='word_1_228' title='bbox 296 3651 306 3678; x_wconf 77' lang='lat'>&#39;¹&#39;</span> <span class='ocrx_word' id='word_1_229' title='bbox 320 3651 459 3718; x_wconf 81' lang='lat' dir='ltr'>Objicitur</span> <span class='ocrx_word' id='word_1_230' title='bbox 472 3649 678 3719; x_wconf 78' lang='lat' dir='ltr'>Augustinum,</span> <span class='ocrx_word' id='word_1_231' title='bbox 692 3650 887 3702; x_wconf 85' lang='lat' dir='ltr'>Innocentium</span> <span class='ocrx_word' id='word_1_232' title='bbox 900 3649 920 3700; x_wconf 94' lang='grc' dir='ltr'><em>Ι</em></span> <span class='ocrx_word' id='word_1_233' title='bbox 929 3657 957 3701; x_wconf 89' lang='lat' dir='ltr'>et</span> <span class='ocrx_word' id='word_1_234' title='bbox 972 3646 1118 3700; x_wconf 85' lang='lat' dir='ltr'>Gelasium</span> <span class='ocrx_word' id='word_1_235' title='bbox 1131 3643 1282 3699; x_wconf 82' lang='lat' dir='ltr'>absolutam</span> <span class='ocrx_word' id='word_1_236' title='bbox 1295 3637 1335 3689; x_wconf 71' lang='lat' dir='ltr'>Eu·</span> 
     </span>
     <span class='ocr_line' id='line_1_33' title="bbox 262 3725 1335 3790; baseline -0.008 -2"><span class='ocrx_word' id='word_1_237' title='bbox 262 3735 403 3789; x_wconf 83' lang='lat' dir='ltr'>charistiae</span> <span class='ocrx_word' id='word_1_238' title='bbox 416 3736 612 3790; x_wconf 88' lang='lat' dir='ltr'>necessitatem</span> <span class='ocrx_word' id='word_1_239' title='bbox 626 3735 763 3790; x_wconf 86' lang='lat' dir='ltr'>docuisse.</span> <span class='ocrx_word' id='word_1_240' title='bbox 802 3735 859 3789; x_wconf 91' lang='lat' dir='ltr'>Sed</span> <span class='ocrx_word' id='word_1_241' title='bbox 874 3735 912 3788; x_wconf 88' lang='lat' dir='ltr'>illi</span> <span class='ocrx_word' id='word_1_242' title='bbox 926 3733 1056 3788; x_wconf 77' lang='lat' dir='ltr'>dotlores</span> <span class='ocrx_word' id='word_1_243' title='bbox 1070 3732 1136 3786; x_wconf 85' lang='lat' dir='ltr'>alibi</span> <span class='ocrx_word' id='word_1_244' title='bbox 1151 3733 1285 3786; x_wconf 88' lang='lat' dir='ltr'>declarant</span> <span class='ocrx_word' id='word_1_245' title='bbox 1298 3725 1335 3774; x_wconf 72' lang='lat' dir='ltr'>Bt·</span> 
     </span>
     <span class='ocr_line' id='line_1_34' title="bbox 262 3807 1334 3889; baseline -0.005 -17"><span class='ocrx_word' id='word_1_246' title='bbox 262 3820 396 3889; x_wconf 89' lang='lat' dir='ltr'>ptismum</span> <span class='ocrx_word' id='word_1_247' title='bbox 410 3821 564 3874; x_wconf 80' lang='lat' dir='ltr'>infantibus</span> <span class='ocrx_word' id='word_1_248' title='bbox 582 3821 618 3874; x_wconf 91' lang='lat' dir='ltr'>ad</span> <span class='ocrx_word' id='word_1_249' title='bbox 637 3821 898 3875; x_wconf 80' lang='lat' dir='ltr'>salutemsufficere</span> <span class='ocrx_word' id='word_1_250' title='bbox 916 3839 921 3872; x_wconf 94' lang='lat'><strong>:</strong></span> <span class='ocrx_word' id='word_1_251' title='bbox 944 3819 1063 3887; x_wconf 87' lang='lat' dir='ltr'>proinde</span> <span class='ocrx_word' id='word_1_252' title='bbox 1075 3835 1173 3874; x_wconf 85' lang='lat' dir='ltr'>eorum</span> <span class='ocrx_word' id='word_1_253' title='bbox 1186 3817 1264 3870; x_wconf 85' lang='lat' dir='ltr'>verba</span> <span class='ocrx_word' id='word_1_254' title='bbox 1275 3807 1334 3862; x_wconf 77' lang='lat' dir='ltr'>aliter</span> 
     </span>
     <span class='ocr_line' id='line_1_35' title="bbox 263 3892 1334 3974; baseline -0.005 -16"><span class='ocrx_word' id='word_1_255' title='bbox 263 3907 473 3974; x_wconf 88' lang='lat' dir='ltr'>interpretanda</span> <span class='ocrx_word' id='word_1_256' title='bbox 494 3919 566 3974; x_wconf 87' lang='lat' dir='ltr'>sunt,</span> <span class='ocrx_word' id='word_1_257' title='bbox 586 3925 625 3962; x_wconf 92' lang='lat' dir='ltr'>sc.</span> <span class='ocrx_word' id='word_1_258' title='bbox 648 3924 703 3961; x_wconf 84' lang='lat' dir='ltr'>non</span> <span class='ocrx_word' id='word_1_259' title='bbox 722 3911 755 3962; x_wconf 84' lang='lat' dir='ltr'>de</span> <span class='ocrx_word' id='word_1_260' title='bbox 774 3909 848 3962; x_wconf 86' lang='lat' dir='ltr'>reali</span> <span class='ocrx_word' id='word_1_261' title='bbox 864 3907 1057 3962; x_wconf 73' lang='lat' dir='ltr'>Eucharistia</span> <span class='ocrx_word' id='word_1_262' title='bbox 1076 3907 1232 3974; x_wconf 75' lang='lat' dir='ltr'>receptione,</span> <span class='ocrx_word' id='word_1_263' title='bbox 1253 3897 1294 3952; x_wconf 82' lang='lat' dir='ltr'>sed</span> <span class='ocrx_word' id='word_1_264' title='bbox 1309 3892 1334 3943; x_wconf 65' lang='lat' dir='ltr'>dt</span> 
     </span>
     <span class='ocr_line' id='line_1_36' title="bbox 264 3981 1333 4062; baseline 0 -20"><span class='ocrx_word' id='word_1_265' title='bbox 264 3992 366 4044; x_wconf 77' lang='lat' dir='ltr'>reniene</span> <span class='ocrx_word' id='word_1_266' title='bbox 375 4009 437 4045; x_wconf 80' lang='lat' dir='ltr'>curn</span> <span class='ocrx_word' id='word_1_267' title='bbox 451 3993 569 4058; x_wconf 75' lang='lat' dir='ltr'>Christo,</span> <span class='ocrx_word' id='word_1_268' title='bbox 579 4011 642 4062; x_wconf 87' lang='lat' dir='ltr'>quae</span> <span class='ocrx_word' id='word_1_269' title='bbox 652 4006 695 4048; x_wconf 90' lang='lat' dir='ltr'>est</span> <span class='ocrx_word' id='word_1_270' title='bbox 706 3993 823 4049; x_wconf 74' lang='lat' dir='ltr'>effetlus</span> <span class='ocrx_word' id='word_1_271' title='bbox 834 3995 914 4062; x_wconf 88' lang='lat' dir='ltr'>hujus</span> <span class='ocrx_word' id='word_1_272' title='bbox 925 3992 1093 4048; x_wconf 89' lang='lat' dir='ltr'>sacramenti</span> <span class='ocrx_word' id='word_1_273' title='bbox 1106 4013 1113 4055; x_wconf 87' lang='lat'>;</span> <span class='ocrx_word' id='word_1_274' title='bbox 1133 3993 1172 4045; x_wconf 87' lang='lat' dir='ltr'>ait</span> <span class='ocrx_word' id='word_1_275' title='bbox 1185 3991 1254 4045; x_wconf 91' lang='lat' dir='ltr'>enim</span> <span class='ocrx_word' id='word_1_276' title='bbox 1264 3981 1333 4038; x_wconf 57' lang='lat' dir='ltr'>snu-</span> 
     </span>
     <span class='ocr_line' id='line_1_37' title="bbox 264 4075 1369 4150; baseline -0.004 -21"><span class='ocrx_word' id='word_1_277' title='bbox 264 4077 393 4146; x_wconf 85' lang='lat' dir='ltr'>gustinus</span> <span class='ocrx_word' id='word_1_278' title='bbox 407 4079 452 4143; x_wconf 89' lang='lat' dir='ltr'>(tr.</span> <span class='ocrx_word' id='word_1_279' title='bbox 467 4083 500 4131; x_wconf 82' lang='lat'>26</span> <span class='ocrx_word' id='word_1_280' title='bbox 514 4079 541 4132; x_wconf 89' lang='lat' dir='ltr'>in</span> <span class='ocrx_word' id='word_1_281' title='bbox 555 4082 615 4148; x_wconf 89' lang='lat' dir='ltr'>Joa.</span> <span class='ocrx_word' id='word_1_282' title='bbox 628 4082 671 4150; x_wconf 83' lang='lat'>17)</span> <span class='ocrx_word' id='word_1_283' title='bbox 685 4100 691 4135; x_wconf 92' lang='lat'><strong>:</strong></span> <span class='ocrx_word' id='word_1_284' title='bbox 712 4083 803 4135; x_wconf 87' lang='lat' dir='ltr'>“Hoc</span> <span class='ocrx_word' id='word_1_285' title='bbox 816 4093 859 4136; x_wconf 85' lang='lat' dir='ltr'>est</span> <span class='ocrx_word' id='word_1_286' title='bbox 872 4098 940 4149; x_wconf 86' lang='lat' dir='ltr'>ergo</span> <span class='ocrx_word' id='word_1_287' title='bbox 954 4079 1126 4134; x_wconf 86' lang='lat' dir='ltr'>manducare</span> <span class='ocrx_word' id='word_1_288' title='bbox 1140 4079 1215 4132; x_wconf 88' lang='lat' dir='ltr'>illam</span> <span class='ocrx_word' id='word_1_289' title='bbox 1226 4084 1305 4130; x_wconf 74' lang='lat' dir='ltr'>escam</span> <span class='ocrx_word' id='word_1_290' title='bbox 1314 4075 1333 4114; x_wconf 82' lang='lat' dir='ltr'>et</span> <span class='ocrx_word' id='word_1_291' title='bbox 1368 4105 1369 4126; x_wconf 38' lang='lat' dir='ltr'>r</span> 
     </span>
     <span class='ocr_line' id='line_1_38' title="bbox 265 4150 1332 4228; baseline -0.002 -13"><span class='ocrx_word' id='word_1_292' title='bbox 265 4164 342 4215; x_wconf 80' lang='lat' dir='ltr'>illurn</span> <span class='ocrx_word' id='word_1_293' title='bbox 362 4163 459 4217; x_wconf 89' lang='lat' dir='ltr'>bibere</span> <span class='ocrx_word' id='word_1_294' title='bbox 478 4174 584 4228; x_wconf 88' lang='lat' dir='ltr'>potum,</span> <span class='ocrx_word' id='word_1_295' title='bbox 601 4165 628 4218; x_wconf 90' lang='lat' dir='ltr'>in</span> <span class='ocrx_word' id='word_1_296' title='bbox 643 4168 757 4221; x_wconf 88' lang='lat' dir='ltr'>Christo</span> <span class='ocrx_word' id='word_1_297' title='bbox 771 4183 885 4221; x_wconf 89' lang='lat' dir='ltr'>manere</span> <span class='ocrx_word' id='word_1_298' title='bbox 898 4177 926 4221; x_wconf 89' lang='lat' dir='ltr'>et</span> <span class='ocrx_word' id='word_1_299' title='bbox 947 4167 1024 4219; x_wconf 88' lang='lat' dir='ltr'>illurn</span> <span class='ocrx_word' id='word_1_300' title='bbox 1038 4172 1200 4217; x_wconf 86' lang='lat' dir='ltr'>manentem</span> <span class='ocrx_word' id='word_1_301' title='bbox 1218 4160 1244 4212; x_wconf 88' lang='lat' dir='ltr'>in</span> <span class='ocrx_word' id='word_1_302' title='bbox 1260 4171 1285 4208; x_wconf 72' lang='lat' dir='ltr'>se</span> <span class='ocrx_word' id='word_1_303' title='bbox 1299 4150 1332 4201; x_wconf 65' lang='lat' dir='ltr'>ll&#39;</span> 
     </span>
     <span class='ocr_line' id='line_1_39' title="bbox 268 4249 656 4312; baseline 0.003 -9"><span class='ocrx_word' id='word_1_304' title='bbox 268 4251 335 4303; x_wconf 90' lang='lat' dir='ltr'>bere</span> <span class='ocrx_word' id='word_1_305' title='bbox 345 4249 366 4301; x_wconf 84' lang='lat'>’&#39;.</span> <span class='ocrx_word' id='word_1_306' title='bbox 408 4249 448 4302; x_wconf 86' lang='lat' dir='ltr'>Ci.</span> <span class='ocrx_word' id='word_1_307' title='bbox 468 4251 580 4312; x_wconf 87' lang='lat' dir='ltr'>llurter,</span> <span class='ocrx_word' id='word_1_308' title='bbox 597 4265 656 4312; x_wconf 81' lang='lat'>477.</span> 
     </span>
    </p>
   </div>
   <div class='ocr_carea' id='block_1_6' title="bbox 0 0 1390 4648">
    <p class='ocr_par' dir='ltr' id='par_1_9' title="bbox 0 0 1390 4648">
     <span class='ocr_line' id='line_1_40' title="bbox 0 0 1390 4648; baseline 0 0"><span class='ocrx_word' id='word_1_309' title='bbox 0 0 1390 4648; x_wconf 95' lang='lat' dir='ltr'> </span> 
     </span>
    </p>
   </div>
  </div>
 </body>
</html>
