2794 4662
231 167 293 217 oto
651 163 706 214 DE
723 162 900 212 ORDINE.

287 283 522 291 -...—---—-—

231 341 354 398 titicali:
385 341 404 368 “
418 339 572 397 Leilorem
587 351 747 411 oportet
764 339 945 398 benedicere
964 357 1087 412 panem,
1108 351 1140 398 et
1160 358 1268 398 omnes
1287 342 1340 397 iru-

232 427 297 484 itus
312 427 442 492 novos”;
470 425 561 484 hodie
575 445 644 484 vero
657 427 723 484 talis
736 437 869 498 potestas
888 426 979 498 ligata
999 437 1110 496 manet,
1128 427 1228 486 donec
1249 445 1342 485 sacer-

233 513 349 572 dotium
363 513 532 586 accipiatur.
574 513 706 569 Materia
727 523 772 570 est
792 513 913 571 traditio
934 511 1001 570 libri
1021 511 1051 569 in
1071 531 1137 584 quo
1149 514 1342 572 continentur

233 600 384 670 lectiones,
402 619 428 656 v.
443 618 471 672 g.
490 600 610 658 Missale
618 619 627 670 ;
638 599 741 671 sarma
755 621 766 654 .·
786 599 923 672 Accipite
937 611 967 656 et
980 609 1078 657 estote
1091 599 1177 658 verbi
1193 600 1253 658 Dei
1274 601 1343 658 rela-

233 697 319 757 tores,
337 687 473 756 habituri,
491 687 514 744 si
529 686 655 744 fideliter
672 696 702 744 et
721 685 831 744 utiliter
843 685 1036 757 impleveritis
1050 685 1184 742 officium
1199 697 1341 754 vestrum,

234 785 347 845 partem
368 791 437 831 cum
464 774 499 830 iis
521 775 573 846 qui
593 773 717 832 verbum
740 773 797 832 Dei
821 772 898 830 bene
921 771 1166 830 ministraverunt
1185 773 1225 830 ab
1247 774 1342 830 initio.

242 860 366 918 Virtutes
386 879 404 919 a
423 860 534 920 ledtore
555 859 690 918 colendae
714 871 784 917 sunt
797 859 1016 932 Scripturarum
1039 877 1125 916 amor
1146 871 1176 918 et
1195 860 1342 922 studium.

235 947 373 1020 zelusque
385 947 424 1005 ad
439 947 541 1006 fideles
554 947 792 1016 sanctificandos,
808 947 891 1017 juxta
905 946 978 1004 illud
995 967 1002 1003 :
1030 947 1156 1019 “Quod
1169 959 1275 1005 autem
1296 967 1345 1006 ore

235 1035 339 1106 legitis,
352 1037 443 1094 corde
455 1037 582 1096 credatis
595 1047 685 1108 atque
697 1045 778 1107 apere
786 1032 957 1104 campteau's,
968 1042 1118 1103 quatenus
1128 1033 1287 1092 auditores
1301 1054 1345 1092 ve·

235 1132 309 1180 stros
323 1123 405 1180 verbo
412 1127 530 1194 pariter
541 1131 570 1180 et
579 1124 706 1196 exemplu
718 1130 810 1180 vestra
822 1120 916 1176 docere
930 1120 1049 1191 possitis
1059 1119 1082 1176 ’¹.

270 1231 310 1284 34
350 1227 381 1283 3⁰
399 1211 604 1268 Exora'status
626 1223 670 1270 est
691 1209 767 1268 ordo
788 1219 969 1280 potestatem
991 1209 1152 1267 conserens
1170 1211 1344 1282 expellendi

236 1297 596 1370 daemonesacorporibus
607 1298 821 1371 baptizatorum
833 1295 879 1353 vel
888 1295 1185 1366 catechumenorum,
1193 1308 1224 1354 et
1232 1315 1345 1369 aquam

237 1383 426 1444 benedietam
444 1384 606 1457 praebendi.
646 1382 843 1440 Materia‘est
863 1381 985 1439 traditio
1004 1381 1070 1438 libri
1094 1383 1344 1446 exorcismorum.

236 1472 321 1542 cujus
334 1471 401 1530 loco
414 1471 476 1529 dari
491 1482 588 1544 potest
602 1469 774 1529 Pontificale
787 1467 833 1526 vel
847 1467 983 1538 Missale;
995 1467 1098 1539 saraia
1112 1485 1183 1526 vero
1197 1491 1204 1526 :
1228 1472 1251 1498 “
1260 1472 1347 1528 Acci-

237 1559 299 1630 pite
320 1569 349 1616 et
370 1559 578 1617 commendate
598 1557 758 1626 memoriae,
774 1564 804 1612 et
825 1553 935 1612 habete
956 1565 1137 1626 potestatem
1161 1557 1347 1628 imponendi

238 1658 344 1698 ntanus
364 1658 452 1713 super
472 1659 697 1712 energumenos,
711 1641 772 1699 sive
795 1639 967 1711 baptizatos,
986 1640 1048 1698 sive
1070 1641 1314 1702 catechumenos
1324 1647 1346 1700 ’Ἰ

246 1725 371 1783 Virtutes
385 1726 472 1798 igitur
484 1727 628 1798 colenda,
646 1739 714 1786 sunt
728 1728 876 1786 munditia
889 1727 997 1797 cordis,
1014 1727 1257 1800 passionumque
1273 1750 1349 1788 mor-

240 1813 371 1882 tificatio,
383 1815 465 1884 juxta
479 1814 544 1872 baec
559 1816 738 1873 Pontifiealis
756 1813 847 1874 verba
862 1835 869 1870 :
898 1813 1059 1872 “Omnem
1074 1815 1302 1874 immunditiam
1322 1835 1349 1875 et

239 1900 397 1970 nequitiam
409 1901 539 1974 ejiciatis,
553 1920 590 1960 ne
604 1903 660 1959 illis
679 1900 880 1960 succumbatis
899 1917 976 1972 quos
996 1901 1035 1958 ab
1054 1901 1120 1958 aliis
1139 1915 1241 1960 vestro
1262 1905 1349 1961 mini-

240 1987 328 2044 sterio
350 1987 492 2059 effugatis.
533 1988 646 2047 Discite
665 2005 716 2059 per
734 1987 866 2045 officium
885 1998 1015 2046 vestrum
1035 1989 1117 2046 uitiis
1135 1989 1295 2062 inrperare,
1312 2011 1350 2050 ne

240 2073 269 2129 iu
284 2075 416 2132 moribus
429 2075 531 2132 vestris
544 2075 657 2148 aliquid
671 2075 715 2132 sui
728 2075 799 2147 juris
812 2075 951 2132 inimicus
964 2078 1061 2134 valeat
1074 2077 1227 2135 vindicare
1239 2079 1266 2135 '’.

273 2173 314 2228 35.
353 2176 384 2232 40
396 2159 584 2231 Acalyttratus
601 2172 646 2219 est
665 2163 740 2220 ordo
758 2180 820 2234 quo
841 2171 972 2232 potestas
985 2162 1110 2221 traditur
1124 2164 1266 2222 urceolos
1280 2185 1349 2222 cum

240 2247 308 2304 vino
327 2258 356 2305 et
374 2247 453 2318 aqua
472 2247 640 2318 porrigendi
661 2249 690 2304 in
707 2249 808 2316 Missa,
821 2261 850 2306 et
869 2247 983 2306 lumina
1002 2249 1200 2320 accendendi,
1215 2263 1247 2308 et
1268 2253 1349 2310 dele·
1394 2305 1396 2314 ,,

240 2333 334 2391 rendi.
373 2335 547 2405 Antiquitus
567 2334 676 2392 litteras
691 2335 921 2410 Episcoporum,
934 2337 1076 2408 eulogias,
1091 2338 1152 2393 imo
1170 2349 1202 2394 et
1216 2339 1272 2396 SS.
1291 2341 1349 2397 Eu·

240 2418 408 2476 charistiam
427 2419 465 2477 ad
484 2429 611 2490 aegrotos
625 2420 671 2477 vel
689 2419 828 2481 absentes
847 2425 1031 2483 deserebant.
1070 2425 1206 2483 Materia
1226 2439 1277 2486 est
1296 2431 1349 2486 du-

242 2505 331 2578 plex:
359 2507 478 2565 traditio
499 2507 669 2565 candelabri
690 2526 759 2566 cum
780 2527 867 2569 cereo
891 2513 1038 2570 exstineto
1061 2525 1089 2572 et
1109 2515 1221 2571 urceoli
1244 2519 1347 2577 tacui:

235 2593 335 2665 farma
350 2594 456 2666 pariter
469 2593 580 2666 duplex
596 2616 602 2651 :
632 2597 798 2668 “Accipite
811 2598 1019 2656 ceroferarium
1033 2618 1103 2657 cum
1117 2619 1215 2670 cere0,
1229 2613 1263 2660 et
1277 2606 1347 2662 scia-

242 2681 278 2737 tis
291 2697 343 2738 vos
356 2681 394 2738 ad
407 2682 598 2740 accendenda
611 2684 744 2741 ecclesiae
757 2685 911 2744 luminaria
925 2687 1087 2760 mancipari
1103 2687 1132 2744 in
1153 2690 1283 2749 nomine
1293 2693 1348 2750 Do

242 2769 330 2835 utini,
356 2769 493 2840 Accipite
516 2771 669 2827 urceolum
693 2771 732 2829 ad
755 2773 976 2844 suggerendum
997 2775 1100 2832 vinum
1126 2786 1156 2833 et
1182 2793 1298 2848 aquam
1320 2781 1345 2836 in

216 2855 456 2914 'Eucharistiam
477 2857 629 2928 sanguinis
643 2857 751 2916 Christi
776 2859 805 2916 in
828 2861 950 2919 nomine
972 2861 1093 2920 Domini
1104 2863 1137 2933 ”3
1163 2863 1195 2920 in
1217 2873 1346 2937 utroque

242 2963 311 3002 casu
325 2943 508 3002 ordinandus
525 2962 608 3000 anien
622 2945 803 3018 respondere
817 2947 915 3005 debet.
954 2949 1000 3005 Ex
1012 2966 1074 3020 quo
1093 2950 1228 3022 sequitur
1250 2956 1347 3026 acolt·-
1393 2985 1394 2992 κ

243 3033 326 3090 tltum
346 3050 436 3105 opera
455 3031 642 3090 tenebrarum
662 3033 790 3105 abjicere
803 3034 922 3106 debere,
940 3048 1051 3094 castam
1066 3038 1157 3095 vitam
1178 3039 1303 3110 ducere,
1320 3057 1346 3100 et
1393 3071 1394 3110 t

243 3120 330 3179 bonis
345 3119 486 3194 operibus
506 3119 625 3191 plebem
645 3121 799 3192 aedificare,
817 3133 849 3180 ut
869 3135 971 3196 aperte
993 3143 1030 3183 ex
1044 3125 1213 3183 Pontificali
1234 3130 1346 3200 colligi-

243 3222 306 3266 tur:
326 3209 345 3237 “
356 3207 507 3278 Absi'aatis
518 3217 603 3278 opera
616 3209 796 3265 tenebrarum
810 3221 839 3267 et
853 3210 1017 3269 induamini
1031 3229 1114 3269 arma
1126 3213 1202 3270 lucis
1252 3229 1347 3274 estote

244 3295 329 3368 igitur
338 3294 453 3352 solliciti
464 3294 492 3350 in
505 3295 585 3351 omni
590 3295 721 3366 justitai,
729 3296 854 3354 bonitate
861 3299 1116 3368 etueritate,utvos
1125 3311 1155 3358 et
1165 3299 1243 3359 alios
1255 3315 1286 3361 et
1293 3305 1346 3362 Det

244 3383 400 3442 ecclesiam
414 3384 592 3441 illuua'nctis.
631 3383 719 3439 Tunc
732 3386 843 3442 etenim
858 3386 887 3442 iu
904 3385 961 3444 Dei
975 3387 1121 3445 sacrificio
1135 3387 1229 3460 digne
1244 3391 1346 3448 vinum

244 3472 405 3543 suggeretis
418 3482 447 3530 et
457 3489 575 3542 aquam,
587 3471 611 3527 si
626 3489 677 3528 vos
692 3472 746 3543 ipsi
758 3473 825 3530 Deo
835 3473 1011 3531 sacrificium
1025 3492 1079 3546 per
1091 3484 1200 3532 castam
1215 3479 1311 3534 tu'taru
1321 3497 1345 3538 et

246 3557 323 3616 bona
336 3577 426 3630 opera
439 3559 531 3617 oblati
547 3558 658 3616 fueritis
670 3559 694 3616 ’'.

421 3701 489 3758 111.
512 3702 567 3759 De
589 3698 863 3758 subdiaconatu
884 3706 922 3759 et
943 3700 1167 3764 diaconatu.

288 3829 335 3909 36.
387 3838 416 3891 1⁰
433 3829 692 3892 Subdiacanatas
707 3837 757 3890 est
780 3830 862 3890 ordo
888 3849 980 3890 sacer
1003 3839 1208 3910 potestatem
1233 3834 1345 3895 conie-

247 3953 320 3993 rens
347 3935 519 3996 materiam
547 3933 695 3995 sacrificii
720 3933 938 4014 praeparandi,
960 3933 1097 3995 calicem
1126 3943 1161 3996 et
1184 3945 1344 4015 patenam

247 4034 389 4096 diacono
422 4035 590 4110 offerendi,
616 4035 786 4099 Sacerdoti
820 4057 914 4098 sacra
939 4036 1135 4100 solemniter
1161 4039 1344 4103 celebranti

248 4153 367 4214 aquam
381 4135 732 4217 tundendi,epistolam
746 4141 777 4199 in
793 4141 895 4202 Missa
909 4143 1043 4204 cantata
1056 4141 1241 4222 legendi,et
1255 4165 1346 4208 sacra

249 4233 440 4298 linteamina
472 4238 634 4303 abluendi.
679 4241 827 4304 Materia
861 4255 912 4306 est
944 4244 1079 4306 traditio
1106 4245 1221 4308 calicis
1249 4251 1342 4310 vacui
