2758 4652
316 172 372 222 on
391 173 604 224 ExtREMA
622 173 858 250 uncrronrn*
1065 167 1132 222 asa

78 359 141 439 (A)
160 357 274 439 script.
322 359 490 439 Expresse
507 359 594 421 enim
616 359 698 422 dicit
716 358 751 422 S.
772 357 940 430 Jacobus:
963 362 979 389 ‘⁶
993 357 1135 420 Inducat

37 461 251 542 presbyteros
267 461 426 524 Ecclesiae
437 462 461 524 ''.
508 461 614 542 Atqui
639 461 693 523 illa
709 482 778 524 vox
794 461 933 542 intelligi
950 461 1051 524 debet
1066 480 1133 522 non

36 565 76 626 de
88 563 277 634 senioribus.
290 574 327 627 ut
343 565 478 646 quidam
497 573 720 646 protestantes
737 566 861 640 dicunt,
874 565 932 628 sed
946 566 988 627 de
1000 563 1085 626 veris
1102 571 1136 624 et

36 667 170 749 proprie
186 665 284 730 dietis
300 667 528 730 sacerdotibus
542 693 549 748 3
573 689 650 731 narn
668 669 718 750 (a)
736 670 812 732 licet
828 689 896 732 vox
913 668 1085 752 presbyter
1101 667 1136 746 (a

36 769 159 832 Graeco
175 763 318 854 πρεσβυς)
333 769 556 852 etymologice
580 772 743 834 seniorem
767 769 940 853 significet,
957 781 1068 834 tamen
1093 769 1136 832 de

36 871 127 934 ladio
155 873 187 936 in
216 873 258 936 N.
286 874 505 937 Testamento
532 886 710 956 usurpatur
735 876 778 936 ad
806 875 1030 956 designandos
1062 873 1135 936 illos

35 979 92 1057 qui
104 978 303 1041 sacerdotali
314 976 502 1042 charailere
513 979 783 1060 insigniebantur‚
795 987 827 1041 et
840 978 983 1040 ecclesiis
997 977 1136 1058 particu-

36 1082 163 1144 laribus
178 1083 343 1165 praeibant
354 1095 374 1158 1,
391 1093 424 1146 et
442 1084 473 1145 in
491 1084 554 1147 hoc
570 1084 643 1147 loco
659 1083 750 1146 nulla
765 1082 984 1163 aequivocatio
996 1091 1045 1143 est
1062 1099 1135 1160 pro·

35 1195 111 1266 pter
127 1186 335 1248 additionem
349 1187 438 1248 vocis
450 1187 582 1249 ecclesie
597 1186 820 1267 “presbyteros
832 1183 961 1247 ccclesire
970 1184 995 1258 '¹,
1009 1184 1026 1246 i.
1040 1204 1066 1246 e.
1079 1182 1135 1264 qui

35 1307 152 1350 curam
181 1287 306 1351 habent
333 1287 419 1351 illius
446 1289 592 1352 ecclesiae
619 1288 672 1369 (cl.
699 1289 751 1350 Tr.
771 1288 810 1350 de
831 1287 964 1362 Ordine,
987 1307 1017 1348 n.
1045 1285 1136 1365 5-8);

35 1389 86 1470 (b)
98 1391 190 1452 idem
204 1401 342 1472 apparet
354 1411 398 1454 ex
412 1400 518 1464 textu,
530 1411 606 1454 nam
621 1391 803 1472 presbyteri
818 1391 863 1453 illi
874 1390 1033 1471 jubentur
1043 1409 1136 1452 orare

36 1514 138 1575 super
156 1494 333 1568 infirmum,
346 1484 470 1576 ungere
487 1495 580 1558 illum
597 1496 629 1558 in
648 1495 782 1557 nomine
796 1494 934 1557 Domini
951 1503 983 1556 et
1000 1513 1058 1576 per
1073 1493 1136 1554 hoc

36 1608 178 1676 peccata
195 1597 370 1674 remittere,
388 1599 415 1659 si
431 1618 507 1679 quae
523 1598 589 1660 sint
606 1620 613 1675 ;
640 1598 732 1679 atqui
755 1597 815 1660 soli
838 1597 1027 1660 sacerdotes
1044 1605 1136 1678 pote-

36 1709 161 1763 statem
185 1698 311 1762 habent
335 1700 525 1764 remittendi
550 1711 710 1782 peccata;
737 1721 839 1781 ergo;
866 1699 914 1781 (c)
934 1699 1067 1762 aliunde
1091 1700 1137 1760 sic

36 1822 172 1884 semper
182 1801 560 1885 intellexitantiquitas:
582 1803 658 1864 hinc
675 1803 705 1864 T
702 1803 815 1866 rident.
828 1801 977 1866 definivit
988 1801 1071 1882 (can.
1082 1802 1137 1882 4):

36 1906 101 1970 “Si
115 1907 193 1986 quis
205 1905 330 1969 dixerit
344 1907 555 1987 presbyteros
568 1905 725 1981 ecclesiae,
735 1925 818 1986 quos
830 1905 864 1966 B.
876 1905 1020 1987 Jacobus
1033 1903 1137 1966 addu-

35 2009 191 2071 cendos..
208 2008 366 2084 hortatur,
382 2028 448 2070 non
465 2029 538 2072 esse
559 2010 747 2072 sacerdotes
763 2009 806 2070 ab
823 2008 991 2090 Episcopo
1007 2007 1137 2069 ordina-

36 2121 99 2184 tos,
118 2113 178 2174 sed
196 2121 295 2174 aetate
312 2112 466 2188 seniores,
483 2113 524 2175 A.
539 2113 589 2176 S.''

81 2216 146 2296 (B)
162 2215 238 2278 Rat.
261 2216 292 2277 T
288 2217 362 2278 lceol.
409 2216 473 2279 Ex.
492 2213 618 2280 Unuio
635 2225 684 2276 est
702 2213 803 2276 veluti
820 2212 1064 2276 consummatio
1088 2232 1138 2274 sa-

38 2321 207 2382 cramenti
233 2321 452 2395 Poenitentiae,
476 2339 577 2401 quum
609 2319 763 2399 reliquias
790 2320 917 2401 peccati
946 2319 1139 2397 abstergat;

35 2425 134 2504 atqui
151 2422 212 2484 soli
230 2423 418 2486 sacerdotes
435 2435 511 2486 sunt
528 2423 673 2486 ministri
688 2423 919 2500 Poenitentiae3
942 2441 1028 2503 ergo

81 2545 135 2608 24.
182 2539 218 2588 2⁰
238 2527 299 2590 Ex.
327 2528 441 2590 Urrliio
463 2527 571 2590 valide
594 2527 784 2588 ministrari
796 2536 901 2607 potest
922 2536 991 2588 tum
1014 2525 1056 2588 ab
1078 2545 1140 2586 uno

37 2641 111 2692 tum
128 2650 150 2690 a
157 2630 310 2711 pluribus
323 2631 544 2692 sacerdotibus.

83 2733 146 2813 (A)
162 2733 216 2794 Ab
231 2754 300 2795 uno.
348 2733 436 2795 Nam
460 2733 590 2796 etiamsi
616 2733 648 2798 S.
664 2734 810 2815 Jacobus
833 2735 949 2794 dicat:
977 2731 1141 2793 “inducat

38 2834 284 2917 presbyteros’',
298 2835 353 2896 illa
365 2837 536 2917 expressio
548 2836 590 2897 de
603 2857 669 2897 uno
682 2837 853 2898 sacerdote
866 2835 1005 2914 intelligi
1021 2843 1141 2914 potest,

36 2950 77 3002 ut
95 2948 235 3019 apparet
251 2939 409 3021 exemplo
425 2939 546 3002 Christi
569 2941 717 3021 leprosos
738 2941 784 3002 sic
805 2939 1004 3018 alloquentis
1024 2959 1030 3000 :
1054 2943 1069 2969 “
1082 2938 1142 3012 Ite,

36 3042 208 3105 ostendite
225 3062 283 3104 vos
305 3042 531 3104 sacerdotibus
542 3045 601 3118 '’²;
629 3063 705 3105 narn
728 3065 771 3105 ex
795 3044 867 3125 lege
885 3043 1032 3104 Mosaich
1053 3040 1141 3103 suffi-

36 3148 154 3210 ciebat
171 3154 208 3208 ut
223 3145 278 3207 uni
297 3146 459 3208 sacerdoti
475 3166 547 3208 sese
562 3147 807 3208 ostenderents.
856 3146 908 3208 Ita
925 3146 956 3207 in
975 3165 1035 3208 usu
1052 3165 1141 3207 com·

37 3250 136 3314 muni
153 3251 274 3312 dicitur
292 3273 298 3311 :
322 3249 391 3310 “ad
409 3251 597 3314 sacerdotes
614 3250 768 3313 recurrite
783 3271 843 3332 pro
858 3250 1050 3312 remissione
1067 3269 1141 3330 pec·

38 3365 204 3429 catorum,
218 3354 259 3416 ad
278 3355 424 3416 medicos
441 3374 500 3434 pro
517 3353 639 3416 morbis
656 3355 810 3416 curandis
821 3355 845 3430 ’',
859 3355 876 3417 i.
890 3375 914 3416 e.
929 3353 1083 3415 recurrite
1099 3352 1141 3412 ad

37 3441 190 3538 aliquem
212 3477 230 3518 e
252 3456 478 3520 sacerdotibus
501 3467 558 3520 aut
583 3459 728 3521 medicis
774 3458 921 3520 Aliunde
945 3465 1075 3518 constat
1098 3475 1142 3516 ex

38 3562 142 3646 praxi
161 3561 319 3623 Ecclesiae
337 3562 434 3622 Rom.
451 3571 542 3624 etex
562 3562 695 3624 Rituali.

87 3667 149 3748 (B)
165 3666 195 3726 Α
207 3665 361 3746 pluribus
376 3665 483 3740 simul,
499 3666 683 3728 dummodo
704 3675 814 3727 tamen
833 3663 1067 3744 unusquisque,
1084 3662 1141 3723 ali-

37 3789 144 3854 quem
157 3789 291 3831 sensum
304 3769 470 3850 ungendo,
481 3768 633 3850 proferat,
644 3767 782 3830 lorrnam
795 3768 870 3829 huic
884 3765 993 3829 sensui
1007 3784 1140 3846 respon·

39 3879 189 3939 dentem.
236 3873 377 3936 Constat
389 3893 433 3935 ex
450 3873 547 3954 praxi
561 3871 719 3933 Ecclesiae
733 3871 866 3946 Graecae,
879 3890 954 3951 quae
967 3868 1142 3950 praelatum

41 3980 183 4042 modurn
201 3977 347 4051 adhibet,
363 3978 442 4057 quin
460 3996 607 4058 unquam
625 3975 722 4038 suerit
738 3974 939 4057 reprobatus.

78 4212 166 4266 1Αἶί.
183 4211 263 4279 XlV,
280 4227 331 4275 22;
351 4212 413 4276 XV,
428 4225 479 4274 213
499 4210 518 4262 I
531 4209 603 4261 Tim.
616 4209 651 4274 V,
668 4221 753 4278 17-19.

79 4301 171 4355 ²Luc.
188 4299 340 4366 xvll,14
356 4294 388 4337 -’-
401 4297 411 4327 ⁸
422 4297 513 4351 Levit.
528 4297 606 4361 XIV,
624 4313 662 4348 12.
