2752 4648
247 171 303 222 DE
321 172 609 224 SACRAMENTO
626 171 944 225 Encflnxrsn'ffl.
1076 169 1143 222 ⁴23

976 291 1075 299 ——-
1080 291 1145 298 ——-

54 375 153 437 neque
168 377 203 418 se
217 357 394 419 emendare
410 378 430 419 a
445 357 550 438 culpis
567 357 762 434 deliberatis,
780 357 856 421 licet
872 357 1060 433 venialibus,
1071 379 1098 420 v.
1112 377 1142 439 g.

52 479 71 519 a
87 460 293 524 sensualitate
309 461 340 523 in
358 461 496 535 edendo,
509 461 696 524 curiositate
714 461 904 524 invidendo
919 471 954 524 et
969 461 1143 537 audiendo,

52 564 190 625 vanitate
206 565 238 625 in
256 563 435 638 vestiendo,
453 565 699 646 restringendus
720 576 771 627 est
792 585 870 628 usus
890 565 1143 640 communionis,

52 676 86 728 ut
101 667 179 728 serio
194 667 236 728 de
252 671 311 728 sua
327 669 561 730 emendatione
577 667 732 748 cogitent.

95 767 158 854 (D)
177 771 240 831 Pro
255 769 446 851 quetidiand
461 771 685 835 corrrrnurrione.
731 773 936 854 Quotidiana
952 773 1142 836 communio

51 875 179 936 concedi
195 884 308 956 potest
320 873 383 936 illis
396 876 452 955 qui
465 875 515 955 (a)
528 886 605 939 sunt
619 877 782 939 immunes
795 876 837 939 ab
850 875 969 941 affeftu
983 879 1025 940 ad
1036 879 1140 958 quod·

50 977 96 1039 vis
110 979 255 1052 veniale;
281 975 337 1064 (b)
353 979 422 1059 jam
440 987 686 1060 superaverunt,
703 979 819 1059 majori
843 979 961 1042 saltem
978 1000 1022 1042 ex
1040 989 1141 1060 parte,

51 1101 159 1161 pravas
186 1082 417 1145 inclinationes
445 1102 541 1160 suas;
572 1083 620 1164 (c)
647 1082 797 1158 orationi,
825 1081 1079 1158 mortificationi,
1107 1094 1140 1146 et

50 1182 252 1264 perfeetionis
268 1185 380 1248 studio
397 1186 536 1248 multum
553 1185 758 1260 incumbunt,
777 1181 834 1270 (d)
860 1195 893 1248 et
917 1187 1052 1248 tandem
1071 1207 1139 1248 ma-

49 1308 144 1367 gnum
166 1289 292 1351 habent
315 1288 582 1351 communicandi
607 1287 814 1351 desiderium.
862 1289 1010 1370 Expedit
1026 1300 1137 1351 tamen

49 1401 82 1453 ut
97 1393 257 1454 ordinarie
275 1412 341 1454 una
356 1393 426 1454 dies
443 1393 475 1454 in
493 1391 639 1473 qualibet
658 1392 868 1454 hebdomade
891 1392 1085 1473 excipiatur,
1103 1402 1139 1455 ut

50 1495 156 1575 majori
180 1517 255 1559 cum
279 1497 456 1559 devotione
479 1517 513 1558 se
538 1506 730 1577 praeparent,
746 1505 779 1557 et
802 1495 982 1577 aliquando
1005 1505 1042 1558 ut
1064 1516 1137 1576 pro-

49 1597 137 1662 betur
157 1621 270 1662 eorum
294 1599 486 1663 obedientia
509 1609 542 1662 et
565 1599 743 1662 humilitas,
792 1599 875 1660 Haec
899 1598 1011 1679 regula
1035 1619 1078 1661 ex
1103 1619 1138 1662 se

48 1705 226 1767 sacerdotes
253 1701 391 1785 spectat,
419 1704 503 1779 licet,
523 1712 665 1784 propter
693 1702 842 1764 maxima
869 1701 965 1776 bona,
992 1722 1066 1782 quae
1093 1723 1136 1765 ex

48 1805 259 1869 celebratione
282 1807 395 1868 Missae
419 1826 479 1887 pro
502 1809 573 1868 toth
591 1805 740 1868 Ecclesia
757 1805 963 1886 proveniunt,
980 1806 1137 1868 toleretur

48 1910 234 1984 sacerdotes,
259 1910 314 1971 illa
337 1907 538 1990 perfectione
562 1919 720 1984 carentes,
743 1907 890 1990 quotidie
915 1908 1079 1971 celebrare
1104 1920 1137 1972 et

4 2039 5 2046 ¹
48 2013 206 2094 accipere:
231 2013 293 2094 ipsi
310 2013 443 2076 videant
460 2034 501 2076 ne
518 2025 587 2076 tam
605 2014 758 2094 frequens
771 2012 915 2092 receptio
931 2012 992 2074 sibi
1010 2024 1134 2076 noceat.

87 2125 148 2192 151.
194 2117 247 2180 De
261 2117 470 2198 applicatione
488 2118 682 2200 regularum.
724 2117 773 2198 (a)
798 2117 853 2180 Ad
878 2119 983 2180 solum
1009 2117 1135 2178 confes·

48 2219 157 2280 sarium
176 2219 319 2301 pertinet
335 2221 377 2282 de
394 2221 577 2302 frequentia
593 2222 837 2283 communionis
850 2222 1005 2302 judicare.
1047 2220 1135 2282 Hinc

4 2309 5 2314 ¹
47 2323 210 2410 superiores
232 2324 284 2386 vel
307 2324 525 2404 seperrbrissoe
545 2325 822 2388 communitatum
844 2346 909 2387 non
927 2325 1058 2401 debent,
1075 2343 1135 2405 pro

48 2423 131 2489 libitu
155 2447 225 2503 suo,
241 2427 449 2491 subditorum
473 2430 724 2491 communiones
746 2429 902 2506 definire;
926 2437 1064 2512 possunt
1086 2437 1133 2489 ta-

48 2548 113 2592 men
131 2531 303 2612 prohibere
319 2551 358 2594 ne
374 2533 643 2595 communionem
660 2533 821 2614 recipiant
833 2533 956 2596 subditi
973 2533 1029 2613 qui
1044 2552 1134 2593 scan-

47 2632 146 2696 dalum
163 2635 213 2696 vel
225 2655 363 2714 gravem
379 2647 542 2698 externam
559 2635 691 2716 culpam
708 2638 952 2712 commiserunt,
969 2639 1074 2699 donec
1091 2636 1133 2697 ad

48 2757 164 2822 sacrum
191 2739 335 2802 tribunal
363 2742 473 2803 denuo
504 2742 710 2803 accesserint.
766 2740 992 2804 Confessarius
1024 2750 1132 2802 tamen

47 2838 135 2903 debet
150 2851 183 2903 et
200 2841 270 2921 ipse
286 2841 478 2922 regulariter
493 2853 580 2904 stare
596 2843 717 2924 regulis
734 2864 752 2904 a
770 2843 971 2924 competenti
994 2839 1133 2903 audiori-

48 2950 106 3005 tate
127 2946 270 3020 statutis,
290 2955 331 3020 et,
355 2946 485 3007 nonnisi
509 2966 553 3008 ex
577 2947 710 3028 speciali
732 2947 866 3020 ratione,
883 2946 1011 3027 privare
1034 2943 1134 3006 debet

48 3049 213 3111 monialem
238 3069 258 3110 a
281 3049 515 3110 communione
538 3069 596 3129 per
624 3049 771 3129 regulam
800 3048 967 3128 permissa,
991 3055 1049 3108 aut
1072 3047 1132 3108 fre-

47 3154 241 3230 quentiorem
259 3154 440 3215 concedere
452 3165 471 3214 1.

75 3344 81 3366 ¹
96 3342 202 3411 “Quod
217 3359 282 3396 vero
296 3343 395 3396 attinet
409 3342 445 3395 ad
458 3341 673 3411 permissionem
687 3343 731 3396 vel
745 3343 958 3411 prohibitionem
973 3343 1009 3394 ad
1023 3359 1132 3395 sacram

47 3431 158 3492 synaxim
173 3430 337 3496 accedendi,
350 3430 451 3484 eadem
466 3429 608 3484 Santtitas
627 3448 678 3484 sua
694 3430 826 3496 decernit,
844 3427 1003 3498 hujusmodi
1017 3428 1132 3495 permis-

47 3511 126 3570 siones
147 3519 190 3571 vel
212 3517 415 3586 prohibitiones
437 3518 581 3571 dumtaxat
608 3519 645 3570 ad
671 3517 873 3571 confessarium
894 3516 1065 3569 ordinarium
1088 3516 1132 3568 vel

47 3603 282 3657 extraordinarium
296 3600 430 3672 mediare,
444 3604 510 3673 quin
525 3605 680 3672 superiores
694 3604 778 3656 ullam
792 3603 916 3656 habeant
935 3599 1130 3654 auctoritatem

47 3685 90 3742 hac
103 3691 128 3742 in
141 3709 170 3745 re
183 3709 245 3745 sese
265 3691 418 3760 ingerendi,
432 3704 549 3760 excepto
567 3709 634 3745 casu
653 3708 709 3761 quo
728 3690 828 3759 aliquis
844 3705 877 3741 ex
896 3703 992 3741 eorum
1010 3687 1130 3740 subditis

47 3787 98 3838 post
122 3779 248 3833 ultimam
274 3780 507 3833 sacramentalem
539 3779 744 3834 confessionem
776 3775 968 3829 communitati
995 3775 1130 3828 scandalo

46 3860 122 3931 fuerit,
136 3877 182 3920 aut
195 3883 310 3934 gravem
325 3877 468 3919 externam
485 3869 597 3936 culpam
616 3866 775 3935 patraverit,
789 3866 880 3918 donec
898 3863 934 3917 ad
953 3863 1130 3916 Poenitentiae

48 3962 237 4008 sacramentum
251 3953 345 4007 denuo
357 3955 514 4007 accesserit.

77 4039 220 4111 llonentur
235 4040 300 4093 hinc
316 4057 421 4107 omnes,
439 4051 469 4094 ut
486 4040 523 4093 ad
543 4055 652 4093 sacram
671 4037 804 4106 Synaxim
820 4047 917 4090 curent
933 4037 1082 4105 diligenter
1099 4052 1129 4090 se

48 4135 187 4194 praeparare
200 4139 228 4182 et
241 4128 375 4181 accedere
389 4128 487 4181 diebus
501 4127 529 4180 in
543 4125 660 4196 propriis
674 4125 775 4193 regulis
790 4124 916 4188 statutis;
929 4137 957 4179 et
970 4124 1078 4193 quoties
1093 4125 1129 4176 ob

47 4206 167 4267 fervorem
179 4226 207 4269 et
221 4215 393 4284 spiritualem
407 4213 523 4282 alicujus
536 4211 692 4282 profedlum
711 4213 896 4266 confessarius
915 4211 1046 4280 expedire
1055 4211 1128 4280 judi-

49 4299 137 4354 caverit
154 4313 184 4356 ut
201 4301 373 4372 frequentius
387 4301 511 4368 accedat,
526 4301 554 4354 id
567 4300 592 4356 ei
607 4300 643 4354 ab
656 4300 717 4370 ipso
730 4298 900 4355 confessario
915 4298 1038 4368 permitti
1051 4307 1128 4366 pote·
