2794 4662
248 202 318 254 654
617 197 674 249 DE
693 197 983 250 maminotum

247 388 458 465 quacumque
469 381 555 445 civili
569 382 642 464 lege
654 384 741 447 circa
753 382 921 446 vinculum
935 379 1036 457 lieret,
1046 390 1084 444 ut
1096 379 1254 443 nonnulli
1265 380 1340 442 cives

248 499 408 571 tanquam
434 489 615 553 invalidum
639 499 831 553 tenerentur
854 489 976 552 habere
992 487 1248 551 matrimonium
1263 489 1340 568 quod

248 595 431 658 secundum
455 613 549 657 suam
574 591 811 657 conscientiam
835 590 983 653 validum
1007 597 1066 662 est,
1083 587 1136 650 vel
1159 589 1234 651 vice
1252 608 1342 650 versa

250 698 365 763 Unum
384 697 484 779 igitur
500 705 658 770 remanet,
674 693 830 790 videlicet
845 702 882 756 ut
904 691 1020 758 Status
1043 691 1262 756 solummodo
1276 692 1343 754 ciri·

248 801 296 864 les
312 797 504 864 contraires
521 798 776 865 matrimonialis
788 795 926 861 effeetus
943 796 1103 880 respiciat.

291 905 340 984 38.
388 902 448 985 (B)
465 903 633 967 Posterius
648 901 836 966 declaratur
850 911 884 964 et
901 899 1068 982 probatur,
1084 898 1247 963 videlicet
1263 909 1345 982 pote-

249 1017 317 1071 stas
333 1007 438 1071 civilis
460 1016 572 1090 potest
596 1006 687 1088 leges
703 1014 850 1068 statuere
865 1004 953 1068 circa
967 1003 1096 1085 affalius
1111 1005 1306 1083 temporales
1318 1025 1348 1065 ac
1387 1079 1388 1082 Ἴ

247 1109 441 1190 separabiles
456 1109 669 1184 matrimonii,
681 1130 710 1171 v.
726 1129 757 1189 g.
771 1109 877 1181 dotes,
893 1105 1095 1170 hereditates
1111 1124 1152 1166 ac
1168 1108 1346 1186 generatim

249 1214 475 1296 possessiones
506 1214 669 1277 bonorum
702 1209 936 1294 temporalium
960 1228 1036 1291 quae
1059 1229 1077 1271 e
1101 1209 1252 1271 maritali
1280 1231 1347 1272 eon·

249 1313 356 1380 trailu
381 1327 572 1398 sequuntur.
618 1317 670 1397 (a)
694 1316 807 1378 Potest
831 1313 1016 1395 prohibere,
1039 1331 1105 1375 non
1129 1313 1274 1393 quidem
1297 1315 1349 1376 sub
1387 1303 1388 1376 l

250 1424 349 1501 paena
367 1418 538 1496 nullitatis,
549 1421 606 1483 sed
624 1419 687 1483 sub
700 1418 773 1481 aliis
790 1418 908 1499 poenis,
918 1437 946 1478 v.
958 1435 987 1498 g.
1002 1412 1134 1478 malitis
1148 1417 1351 1497 pecuniariis,
1387 1385 1388 1448 Ῐ

249 1523 428 1586 amissione
441 1522 563 1603 jurium
580 1522 736 1594 civilium,
747 1541 788 1584 ne
805 1520 1019 1584 matrimonia
1034 1517 1116 1582 fiant
1133 1520 1200 1582 nisi
1219 1522 1351 1584 servatis
1387 1563 1388 1608 ,

251 1627 500 1690 conditionibus
513 1647 595 1708 quas
612 1626 737 1688 bonum
755 1623 925 1707 publicum
940 1623 1057 1704 exigit,
1067 1643 1095 1684 v.
1107 1641 1138 1702 g.
1151 1641 1196 1684 ne
1215 1625 1352 1687 minores
1387 1621 1388 1690 l

251 1730 448 1793 contrahant
472 1729 597 1811 absque
621 1736 797 1811 parentum
822 1745 997 1800 consensu,
1013 1745 1055 1787 ne
1072 1725 1199 1788 milites
1216 1748 1351 1791 uxoren
1387 1713 1388 1746 ¹

250 1836 376 1897 ducant
400 1833 462 1895 nisi
486 1835 528 1896 de
552 1832 647 1896 venia
671 1828 878 1894 auctoritatis
902 1829 1054 1893 militaris
1079 1835 1140 1891 etc.
1188 1830 1244 1913 (b)
1262 1831 1351 1894 Valet

251 1937 352 1999 etiam
365 1935 540 1998 connubiis
553 1954 572 1996 a
585 1954 620 1996 se
633 1935 744 1997 vetitis
756 1935 922 2015 denegare
937 1931 1203 2014 recognitionem
1217 1935 1353 1997 nonnul·

253 2039 358 2102 lorum
383 2035 560 2102 effectuum
585 2037 741 2109 civilium,
762 2056 790 2098 v.
814 2056 843 2117 g.
868 2034 1130 2117 recognitionem
1154 2036 1259 2114 dotis,
1279 2037 1354 2118 jun's

253 2141 452 2205 succedendi
470 2141 501 2203 in
521 2139 699 2222 privilegiis
717 2138 828 2220 patris,
845 2137 901 2200 ubl
920 2137 999 2200 talia
1014 2149 1248 2219 agnoscuntur
1264 2141 1353 2222 priri-

255 2242 338 2324 legia
363 2251 422 2304 etc.
480 2239 528 2321 (c)
555 2241 615 2322 Jus
640 2243 761 2324 pariter
785 2241 886 2304 habet
913 2241 1116 2322 registrandi
1143 2244 1354 2322 matrimonia

254 2355 355 2426 atque
366 2343 597 2407 considerandi
612 2344 696 2406 hanc
711 2344 975 2426 registrationern
987 2352 1024 2406 ut
1035 2342 1177 2425 legalem
1191 2346 1353 2426 probatio

254 2467 330 2511 nem
347 2447 537 2509 existentiae
554 2445 734 2529 supradidii
752 2446 964 2522 matrimonii,
975 2447 1127 2528 quamvis
1140 2466 1187 2509 ex
1201 2450 1354 2530 aequitate

255 2559 425 2631 receptum
443 2550 485 2612 sit
503 2549 587 2612 hanc
604 2551 836 2632 probationem
854 2570 912 2630 per
925 2549 1199 2630 aequipollentem
1214 2551 1352 2634 suppleri

257 2673 365 2736 posse,
383 2654 409 2714 si
428 2653 542 2734 legalis
559 2653 700 2716 deficiat.
749 2654 849 2715 Ratio
866 2673 922 2716 cur
940 2652 1056 2718 Status
1072 2652 1145 2716 haec
1162 2655 1281 2717 omnia
1297 2665 1354 2718 sta·

255 2767 348 2818 tuere
358 2755 472 2836 possit,
482 2765 532 2818 est
545 2756 623 2836 quia
635 2777 679 2819 ex
692 2761 757 2819 una
772 2765 864 2838 parte
875 2755 946 2818 haec
959 2775 1025 2818 non
1038 2754 1190 2819 afficiunt
1208 2759 1354 2822 substan·

255 2860 337 2923 tiam
350 2855 614 2934 contraiius,scd
628 2868 705 2922 sunt
718 2859 780 2940 ipsi
794 2859 1025 2934 accessoria,et
1037 2879 1081 2922 ex
1093 2859 1200 2922 altera
1214 2871 1354 2942 potestas

256 2961 360 3024 civilis
376 2961 598 3023 determinare
614 2971 726 3043 potest
742 2963 828 3024 circa
844 2981 894 3024 res
911 2960 1103 3042 hujusmodi
1119 2963 1289 3045 quidquid
1306 2965 1355 3026 bo

256 3085 335 3127 num
354 3063 521 3146 publicum
536 3065 670 3146 requirit
685 3087 691 3142 ;
716 3066 853 3127 minime
869 3066 957 3127 enim
975 3067 1087 3146 negari
1105 3075 1220 3148 potest
1236 3089 1278 3130 ea
1294 3088 1354 3130 orn·
1386 3089 1387 3100 ¹

257 3169 312 3230 nia
329 3187 403 3246 quae
420 3169 687 3230 enumeravimus
703 3170 747 3231 ad
764 3169 889 3232 bonum
903 3169 1073 3232 societatis
1086 3189 1186 3250 posse
1204 3172 1355 3234 conferre.

302 3269 501 3350 Disputatur
519 3279 630 3333 tamen
649 3271 734 3334 inter
750 3271 926 3354 theologos
939 3281 1048 3334 utrum
1064 3271 1181 3336 Status
1194 3265 1355 3356 denegare
1386 3249 1387 3320 ἶ

258 3373 362 3456 possit
376 3370 450 3433 filiis
462 3373 584 3453 genitis
596 3392 640 3435 ex
655 3375 875 3437 matrimoniis
888 3376 920 3436 in
931 3394 967 3438 se
977 3375 1104 3450 validis,
1114 3377 1174 3440 sed
1188 3377 1266 3459 lege
1278 3379 1354 3442 civili

258 3474 441 3558 prohibitis,
458 3474 589 3538 civilem
608 3476 855 3558 legitimitatem
881 3488 914 3541 et
935 3478 989 3559 jus
1015 3479 1238 3544 successionis
1257 3483 1290 3546 in
1307 3503 1355 3563 pa·

259 3588 386 3640 ternam
412 3579 629 3642 hereditatem
655 3581 857 3644 intestatam.
904 3581 1005 3643 Ratio
1021 3583 1199 3648 dubitandi
1217 3597 1272 3649 est
1287 3585 1354 3665 quia

261 3682 331 3744 haec
355 3682 422 3743 duo
443 3681 517 3760 jura
540 3691 617 3745 sunt
641 3684 761 3763 partim
786 3702 805 3744 a
830 3688 957 3759 natura,
981 3685 1101 3766 partim
1126 3705 1146 3748 a
1168 3686 1243 3766 jure
1268 3687 1353 3753 civili.

149 3863 152 3870 y
261 3785 388 3848 Omnes
406 3793 517 3845 tamen
532 3796 717 3865 agnoscunt
733 3786 989 3868 denegationem
1006 3787 1124 3852 horum
1139 3789 1268 3870 jurium
1287 3789 1353 3853 insi-

260 3887 407 3965 pientem
421 3896 453 3948 et
470 3887 636 3949 crudelem
654 3907 734 3964 esse,
747 3909 850 3969 quum
867 3891 933 3953 sint
950 3892 1024 3954 aliae
1041 3911 1152 3974 poenae
1170 3897 1281 3976 magis
1296 3893 1353 3956 elfi-

261 4007 354 4048 caces
376 3989 416 4050 ad
440 4008 479 4050 ea
498 3989 653 4070 conjugia
678 3991 900 4073 impedienda,
917 4013 978 4056 nec
1001 3994 1162 4076 expediat
1187 4000 1306 4079 punire
1327 3999 1352 4059 in

262 4087 336 4149 tiliis
352 4086 474 4151 delicia
491 4102 665 4169 parentum
678 4106 698 4156 ¹.
1385 4097 1386 4100 ¹

549 4235 672 4242 --—....

300 4323 306 4346 ¹
322 4316 363 4370 Cl.
377 4317 409 4369 dr
423 4318 549 4388 Angelis,
566 4337 611 4390 op.
626 4323 671 4378 cit.
690 4341 715 4392 p.
731 4339 766 4395 43
779 4343 835 4396 sq.;
857 4327 1003 4396 Palmim',
1016 4330 1055 4385 th.
1069 4342 1110 4397 31.
