2776 4644
245 101 290 150 ⁴2
709 108 849 159 CAPUT
867 109 890 156 1.

289 279 347 360 (C)
362 280 440 343 Καὶ.
452 281 483 342 T
479 281 555 345 lieul.
592 284 646 345 Ex
660 281 757 348 ditiis
774 287 829 347 ubi
841 285 883 347 de
895 294 1033 366 peccato
1048 285 1209 364 originali,
1219 295 1337 345 natura

246 380 391 444 humana
414 405 479 446 non
505 385 566 448 fuit
590 407 648 467 per
672 387 795 450 Adami
823 398 998 468 peccatum
1021 389 1152 468 penitus
1176 395 1336 466 corrupta,

160 509 164 520 ·
246 483 295 544 vel
314 485 489 548 intrinsece
506 490 643 564 minuta,
653 491 709 552 sed
725 501 874 553 remanet
885 490 987 552 libero
1003 491 1139 555 arbitrio
1149 491 1292 572 praedita
1307 500 1336 549 et

247 605 374 649 morum
389 609 514 670 capax;
538 592 629 671 atqui
642 592 744 654 homo
760 613 826 654 non
842 603 930 656 esset
942 614 1017 655 vere
1031 614 1160 656 morum
1178 615 1297 675 capax,
1312 588 1334 653 si

247 709 311 750 nou
329 701 449 771 posset,
457 694 529 768 siue
544 691 665 757 actuali
682 696 797 775 gratia,
808 696 932 777 aliquid
944 697 1021 758 boni
1038 697 1166 760 facere:
1190 707 1335 778 potestas

245 793 333 853 enim
349 793 471 857 bonum
489 796 629 858 faciendi
647 809 714 860 tam
732 802 917 862 necessaria
940 802 1049 862 estad
1066 802 1170 864 vitam
1193 801 1333 862 hominis

246 895 403 958 moralem
421 917 520 977 quam
545 899 684 962 facultas
700 903 898 965 comedendi
915 903 956 964 ad
974 902 1044 982 ejus
1060 905 1164 967 vitam
1187 923 1334 984 corpora-

246 995 310 1058 lem
327 1002 596 1081 sustentandam;
627 1003 770 1078 aliunde,
786 1025 862 1067 cum
879 1015 998 1086 agatur
1018 1007 1061 1068 de
1083 1007 1173 1068 bono
1196 1007 1332 1068 naturali

246 1119 310 1160 non
337 1103 450 1176 ardu0‚
477 1123 542 1164 non
571 1105 702 1168 videtur
731 1127 789 1168 cur
823 1109 976 1190 specialis
1003 1112 1109 1190 gratia
1137 1111 1333 1190 requiratur;
1370 1173 1371 1188 ,

244 1221 330 1283 crgo

359 1319 408 1376 11.
427 1321 482 1380 De
498 1322 734 1382 Necessitate
757 1327 893 1394 grauae
916 1325 965 1384 ad
988 1324 1221 1384 tentationes

669 1405 917 1475 superandas·

285 1513 334 1586 38.
381 1513 601 1577 Prcenolnnda
618 1539 629 1578 :
667 1517 697 1579 T
694 1517 814 1578 eutatio
831 1519 862 1579 in
880 1539 1000 1599 genere
1019 1528 1070 1581 est
1087 1518 1278 1580 sollicitatio
1294 1515 1329 1576 ad
1370 1545 1371 1560 π

243 1625 425 1694 peccatum.
472 1618 608 1699 Duplex
624 1629 684 1695 est,
699 1619 819 1699 gravis
833 1620 883 1681 vel
900 1621 983 1683 levis
998 1647 1008 1681 .·
1037 1623 1126 1702 prior
1141 1631 1192 1682 est
1208 1640 1247 1681 ea
1264 1637 1330 1699 qua

243 1717 443 1780 vehententer
450 1721 492 1781 ad
510 1731 683 1801 peccatum
702 1723 818 1785 incitat
834 1732 868 1785 et
887 1724 1021 1804 quidem
1036 1743 1093 1804 per
1103 1723 1240 1784 nutabile
1256 1733 1328 1784 tem·

242 1840 321 1901 pus;
353 1823 515 1902 posterior
530 1845 569 1885 ea
585 1834 635 1886 est
650 1845 725 1905 quae
742 1825 872 1887 reun'sse
893 1826 1030 1888 inclinat
1054 1825 1096 1887 ad
1121 1827 1330 1908 peccandum,

242 1923 302 1998 vel,
320 1924 394 1987 licet
411 1925 550 2001 intensa,
566 1927 753 1990 brere'ssimo
768 1930 867 1990 durat
882 1938 1042 2009 tempore.

294 2026 436 2089 Villoria
448 2027 490 2090 de
504 2029 744 2091 tentationibus
760 2039 872 2111 potest
888 2050 959 2092 esse
976 2031 1120 2112 triplex:
1147 2032 1198 2112 (a)
1213 2030 1327 2092 saluta-

242 2129 289 2191 ris
304 2140 337 2192 et
354 2131 531 2206 meritoria,
545 2133 681 2211 quando
694 2132 729 2195 fit
740 2154 783 2194 ex
795 2133 921 2196 motivo
932 2135 1190 2214 supernaturali;
1215 2133 1327 2214 (mper-

240 2233 411 2308 caminosa,
428 2233 564 2314 quando
591 2236 664 2315 quis
688 2237 865 2298 tentationi
893 2237 1016 2298 resistit
1037 2238 1278 2300 consentiendo
1301 2235 1326 2294 iu

240 2336 350 2410 aliam,
374 2357 402 2398 v.
429 2357 459 2416 g.
484 2337 511 2397 si
545 2338 619 2416 quis
646 2339 818 2400 avaritiam
856 2348 991 2418 superat
1026 2359 1071 2400 ex
1105 2343 1191 2402 vana
1214 2338 1326 2421 gloria,

241 2439 289 2518 (c)
305 2439 503 2500 naturaliter
516 2438 605 2514 bona,
622 2442 757 2521 quando
774 2441 847 2522 quis
871 2442 1001 2517 resistit,
1019 2451 1154 2523 propter
1171 2443 1322 2504 motivum

240 2541 433 2602 naturaliter
443 2541 630 2616 honestum,
641 2564 669 2604 v.
682 2563 712 2622 g.
724 2544 896 2606 avaritiam
908 2545 1012 2606 vincit
1023 2554 1158 2625 propter
1170 2544 1321 2608 motivum

240 2645 501 2726 philanthropia:
553 2647 628 2726 Jam
646 2667 725 2708 vero
741 2647 793 2708 hic
815 2667 881 2708 non
905 2657 956 2710 est
980 2649 1120 2729 quaestio
1136 2648 1178 2710 de
1201 2644 1323 2710 vittoni

238 2748 389 2821 salutari,
403 2767 477 2828 quae
494 2758 584 2809 certo
594 2750 754 2829 reportari
773 2751 887 2830 nequit
905 2749 976 2812 sine
992 2751 1098 2830 gratia
1108 2771 1116 2827 ;
1140 2771 1200 2812 nec
1216 2750 1324 2832 pariter

239 2851 281 2912 de
297 2847 433 2912 vitioria
445 2851 674 2930 peccaminosa,
690 2853 741 2914 cui
763 2854 871 2933 gratia
894 2873 1090 2915 concurrere
1115 2855 1247 2934 nequit;
1276 2847 1321 2911 sed

239 2953 345 3014 solum
357 2955 398 3016 de
409 2951 545 3016 victoria
557 2955 858 3030 naturaliterbonci,·
875 2958 1016 3038 quaestio
1026 2967 1077 3020 est
1088 2958 1213 3021 scilicet
1225 2967 1321 3020 utrum
1371 2973 1372 2976 ¹

238 3056 340 3118 homo
356 3059 460 3138 possit
477 3057 602 3138 absque
626 3062 734 3140 gratia
757 3063 961 3123 tentationes
977 3079 1132 3142 superare
1148 3079 1192 3122 ex
1210 3059 1321 3123 motivo

238 3159 387 3234 honesto,
398 3179 454 3220 seu
473 3161 544 3222 sine
561 3175 706 3241 peccate.

276 3312 325 3375 39.
373 3299 469 3356 Tleesr's
483 3318 493 3352 .·
525 3298 645 3362 Homo
668 3298 793 3377 lapsus
816 3317 887 3363 non
909 3304 1030 3376 potest
1049 3297 1240 3376 moraliter,
1257 3295 1320 3360 sine

236 3394 397 3472 gratuito
418 3394 564 3473 auxilio,
585 3411 712 3459 omnes
734 3412 866 3475 graves
886 3395 1110 3460 tentationes
1134 3408 1298 3474 superare
1306 3379 1319 3449 ¹.

237 3591 308 3643 natis
329 3590 373 3642 hic
393 3591 612 3660 subjungimus:
641 3590 801 3642 “Liberum
820 3590 974 3657 arbitrium,
992 3591 1052 3643 sine
1061 3593 1166 3658 gratio
1182 3592 1236 3645 Dei
1249 3586 1318 3655 adju·
1371 3627 1372 3630 ,

237 3677 315 3740 torio,
328 3678 437 3730 nonnisi
452 3677 488 3729 ad
500 3677 675 3745 peccandum
689 3679 796 3730 valet...
837 3679 909 3730 Cum
919 3678 1033 3745 Pelagio
1046 3678 1140 3743 sentit,
1149 3678 1197 3746 qui
1207 3675 1269 3732 boni
1280 3669 1318 3724 ali·

237 3761 303 3828 quid
318 3763 459 3824 naturalis,
472 3763 526 3816 hoc
540 3775 590 3830 est,
605 3763 680 3832 quod
691 3781 724 3816 ex
733 3775 841 3818 naturae
855 3766 922 3818 solis
933 3765 1038 3818 viribus
1048 3775 1140 3818 ortum
1153 3765 1238 3832 ducit,
1247 3774 1317 3829 agust

237 3849 322 3900 scit„
361 3849 505 3917 Voluntas,
522 3869 607 3920 quarn
626 3852 717 3918 gratia
732 3869 786 3905 non
802 3855 946 3921 praevenit,
964 3854 1032 3906 nihil
1053 3854 1139 3908 habet
1152 3853 1262 3907 luminis
1273 3843 1315 3900 nisi
1371 3877 1372 3882 =

237 3933 271 3984 au
287 3936 480 4002 alienandum,
536 3949 577 3990 est
592 3955 680 4005 capax
694 3939 786 3992 omnis
798 3941 863 3993 mali
878 3951 905 3993 et
919 3941 1039 4009 incapax
1052 3940 1088 3993 ad
1102 3957 1188 3996 omne
1200 3931 1313 3994 bonum”·

273 4005 329 4054 uti.
345 4009 374 4058 S.
397 4007 412 4058 i
418 4007 443 4058 71.
457 4021 477 4058 t.
494 4021 516 4060 2.
533 4025 557 4076 q.
577 4022 634 4072 109,
650 4025 675 4061 a.
689 4010 717 4072 83
738 4011 854 4074 Silures,
868 4012 883 4063 l.
903 4025 925 4072 r,
942 4029 965 4063 c.
976 4024 1067 4076 23-24;
1088 4011 1241 4075 Salmant,
1252 4007 1311 4068 disi·

240 4089 275 4143 ll.
288 4091 351 4142 cleb,
366 4095 392 4152 ’ἀς
412 4093 610 4156 ltrllurrm'mts,
622 4113 665 4162 op.
677 4096 721 4149 cit.
733 4097 749 4148 l.
760 4117 786 4158 v,
798 4115 820 4150 c.
833 4099 889 4162 7-8;
906 4099 1051 4164 Pulmr'eri,
1067 4099 1105 4152 th.
1121 4115 1165 4163 203
1180 4089 1312 4152 irlandia

239 4193 263 4228 n.
286 4179 332 4242 ψ]
346 4195 375 4244 η
391 4195 398 4244 ;
419 4179 549 4248 ,llumm
561 4183 632 4248 disp.
653 4183 741 4246 1V,n.
759 4199 793 4250 30
806 4201 860 4254 sq.;
881 4185 976 4250 Perrh,
990 4201 1016 4236 n.
1034 4187 1082 4254 156
1096 4201 1137 4253 sq.
