2752 4648
253 189 320 241 ³44
712 193 850 246 CAPUT
868 195 892 242 l.

253 307 384 316 -——

255 371 343 430 undae
356 371 511 431 luminosae
524 391 559 430 ac
571 390 687 432 sonorae
701 376 730 432 in
744 375 793 432 illa
805 376 962 449 superficie
974 375 1082 434 eodem
1097 377 1190 434 modo
1199 373 1332 432 modifica·
1356 388 1357 424 l

255 457 366 516 buntur
383 476 418 515 ac
438 459 517 531 prius
536 459 565 516 in
585 461 741 533 superficie
762 462 863 535 panis;
881 463 986 532 taetus,
998 463 1086 530 visus,
1103 462 1223 520 auditus
1239 460 1333 530 aliique

255 562 357 602 sensus
376 545 406 602 in
426 546 461 605 eal
479 545 652 604 extensione
670 548 818 619 reperient
836 549 941 608 eadem
960 567 1028 622 quae
1045 559 1134 607 antea
1156 545 1333 620 reperiebant.

255 649 353 702 neque
371 631 448 688 hanc
467 631 639 690 substantiae
657 635 860 706 apparentiam
880 655 897 693 a
916 636 984 694 vera
1000 635 1166 693 substantia
1185 631 1332 692 intelledlus

255 717 425 776 naturaliter
436 718 593 788 discernet.
635 720 702 777 Imo
722 739 781 778 non
801 720 897 779 solum
916 721 1037 780 humani
1056 739 1170 792 sensus,
1185 721 1237 778 sed
1249 719 1332 780 ather,

254 815 284 863 et
296 823 346 862 aer
358 805 546 876 corporaque
555 816 654 863 cetera
666 807 772 865 eodem
787 808 879 867 modo
891 808 930 866 ab
943 808 989 867 his
1000 805 1179 881 apparentiis
1197 803 1332 864 modifica·
1357 811 1358 820 ¹

254 891 365 950 buntur
377 908 412 948 ac
426 891 505 962 prius
518 891 556 948 ab
571 892 634 964 ipsa
647 891 811 950 substantia
825 895 919 966 panis.
951 895 1039 968 Juxta
1049 895 1127 951 hanc
1137 894 1225 965 igitur
1232 901 1332 949 senten·

254 981 336 1044 tiam,
359 979 525 1038 accidentia
546 979 631 1052 panis
651 991 680 1038 et
700 981 759 1038 vini
782 993 904 1040 manent
927 1000 987 1040 non
1009 981 1175 1040 secundum
1197 979 1332 1038 entitatem

254 1085 344 1140 quam
367 1066 446 1138 prius
467 1066 496 1124 in
519 1067 683 1124 substantia
705 1067 863 1138 habebant,
886 1069 938 1128 sed
956 1069 1106 1127 semndum
1124 1067 1267 1124 entitatem
1284 1063 1333 1134 effe·

252 1156 358 1226 ituram,
372 1163 501 1225 suntque
514 1151 643 1210 identica
655 1153 869 1225 accidentibus,
882 1173 949 1228 quse
962 1155 1042 1228 prius
1052 1166 1134 1214 erant
1148 1155 1177 1210 in
1192 1170 1272 1226 pane,
1284 1167 1333 1206 non
1358 1167 1359 1184 ¹

253 1241 408 1304 identitate
421 1240 572 1298 numerica
585 1251 614 1298 et
626 1240 770 1312 absoluta,
783 1242 836 1300 sed
851 1242 1004 1302 identitate
1016 1243 1138 1300 relatirat
1152 1249 1180 1298 et
1189 1237 1307 1297 sensibili
1312 1245 1325 1291 ¹.

296 1377 346 1446 4²·
388 1360 454 1448 (B)
466 1363 572 1444 Juxta
589 1363 620 1424 Τ
616 1361 773 1426 lwmt'stas
783 1375 816 1428 et
829 1366 1003 1448 plerosque
1015 1366 1188 1447 theologos
1200 1363 1333 1426 omnium

253 1466 440 1532 scholarum
451 1479 473 1541 2,
489 1467 616 1547 species
630 1467 855 1531 eucharisticae
878 1468 1075 1550 objeetivam
1093 1467 1273 1534 realitatem
1288 1465 1334 1525 ha·

254 1572 344 1646 bent,
359 1578 436 1632 sunt
456 1568 620 1650 siquidem
644 1569 818 1632 aca'dmtia
839 1571 993 1648 absoluta,
1006 1572 1076 1635 sine
1094 1571 1228 1655 subjecto
1246 1567 1334 1632 sulsi-
1359 1546 1360 1574 ¹

253 1675 379 1738 atentia.
424 1674 556 1736 Tenent
582 1675 746 1755 siquidem
775 1675 895 1738 realem
910 1697 994 1739 esse
1019 1674 1238 1740 differentiam
1263 1672 1335 1732 inter

252 1776 470 1840 substantiam
493 1784 527 1836 et
549 1775 750 1840 accidentia:
775 1777 962 1842 substantia
983 1788 1033 1841 est
1059 1779 1091 1840 id
1115 1775 1168 1840 cui
1190 1771 1333 1855 competit

253 1901 327 1943 esse
343 1881 375 1941 in
392 1899 447 1955 se;
471 1879 625 1942 accidens
647 1890 760 1944 autem
780 1891 830 1944 est
850 1882 881 1944 id
901 1881 953 1943 cui
973 1881 1134 1963 competit
1149 1899 1220 1942 esse
1235 1877 1266 1939 in
1282 1877 1334 1937 alio
1360 1932 1361 1964 ,

254 1994 414 2065 tanquam
439 1981 656 2063 insubjedlo.
701 1984 857 2065 Jamvero
880 1985 966 2048 inter
987 1983 1180 2055 accidentia,
1194 1982 1257 2044 alia
1270 1987 1334 2040 sunt
1360 1969 1361 2038 l

252 2090 407 2163 absoluta,
421 2108 496 2170 quae
512 2107 554 2150 sc.
572 2089 764 2151 immediate
780 2090 999 2153 substantiam
1017 2089 1166 2152 afficiunt
1186 2098 1218 2150 et
1239 2087 1267 2147 ei
1288 2102 1334 2144 no

253 2215 328 2256 vam
352 2193 527 2256 entitatem
546 2191 785 2272 superaddunt,
802 2202 838 2254 ut
858 2195 1027 2274 quantitas
1048 2201 1082 2254 ot
1100 2190 1263 2273 qualitas,
1283 2187 1335 2249 alia

176 2309 183 2322 ·
254 2297 404 2374 modalia,
421 2317 496 2378 quae
513 2315 633 2357 novam
651 2295 825 2357 entitatem
847 2294 1042 2358 substantiae
1063 2315 1128 2356 non
1149 2293 1273 2357 addunt
1287 2287 1334 2351 sed
1361 2318 1362 2378 q

253 2401 359 2465 solum
385 2400 456 2482 ejus
477 2399 614 2462 modum
639 2417 674 2459 se
697 2397 842 2460 habendi
857 2399 1086 2474 determinant,
1101 2407 1138 2460 ut
1156 2393 1335 2478 magnitudo

253 2503 459 2585 quantitatis,
484 2501 660 2564 intensitas
686 2501 866 2582 qualitatis,
890 2502 1028 2564 tarditas
1050 2511 1084 2564 et
1108 2501 1256 2563 celeritas
1277 2514 1334 2558 mo·

252 2611 306 2669 tus
331 2617 391 2668 etc.
451 2606 552 2668 Porro
579 2604 765 2666 accidentia
792 2605 938 2667 modalia
960 2625 1026 2668 non
1052 2613 1193 2685 possunt
1216 2601 1333 2682 quidem

252 2711 396 2772 existere
409 2709 535 2789 absque
551 2703 702 2787 subjeeto
717 2708 769 2769 cui
786 2708 979 2784 inhaereant,
989 2708 1046 2770 sed
1059 2706 1243 2770 accidentia
1254 2703 1334 2766 abso·

197 2795 200 2804 λ
253 2813 322 2876 luta
343 2812 469 2874 habent
490 2811 664 2873 entitatem
690 2810 819 2873 realiter
840 2808 1031 2874 distind‘tam
1055 2831 1075 2872 a
1097 2810 1280 2872 substantia
1292 2802 1334 2866 cui

253 2919 375 2991 insunt,
395 2928 428 2979 et
448 2925 598 2997 possunt,
619 2934 678 2995 per
699 2915 892 2977 miraculum
918 2915 1039 2976 divinae
1061 2915 1231 2994 potentiae,
1249 2911 1287 2973 ab
1305 2909 1334 2966 el

253 3021 396 3102 separari
414 3044 420 3098 ;
447 3020 494 3082 sic
521 3019 616 3100 panis
639 3018 759 3079 etvini
781 3018 949 3098 quantitas
971 3037 991 3080 a
1012 3018 1200 3082 substantia
1223 3013 1336 3078 realiter

224 3201 227 3219 Ι
253 3123 468 3203 distinguitur
494 3143 554 3184 nec
582 3121 767 3184 necessario
795 3119 1005 3195 annihilatur,
1034 3120 1170 3202 quando
1197 3119 1335 3182 substan-

253 3226 300 3288 tia
316 3225 348 3286 in
365 3245 484 3306 corpus
501 3224 623 3288 Christi
639 3223 849 3286 convertitur.
895 3222 1008 3304 Quum
1024 3243 1103 3285 vero
1122 3223 1178 3285 illa
1201 3221 1337 3285 acciden-

253 3328 299 3390 tia
327 3327 520 3391 naturaliter
550 3347 615 3389 non
648 3327 778 3408 possint
804 3327 875 3386 sine
902 3324 1052 3406 subjedto
1077 3326 1263 3396 subsistere,
1287 3338 1336 3382 nec

252 3431 386 3493 aliunde
402 3431 598 3492 substantiae
615 3428 760 3510 corporis
777 3428 899 3492 Christi
916 3431 1022 3491 inesse
1040 3429 1127 3492 sicut
1141 3430 1175 3491 in
1191 3422 1335 3508 subjetto

252 3536 330 3615 quia
346 3535 532 3596 substantia
548 3533 684 3595 humani
702 3532 848 3614 corporis
862 3553 927 3596 non
940 3543 1050 3614 potest
1063 3532 1113 3594 his
1126 3529 1336 3596 accidentibus

252 3640 373 3714 vestiri,
390 3639 483 3701 Deus
498 3640 569 3720 ipse
586 3637 641 3700 illa
657 3638 843 3700 accidentia
863 3637 898 3698 in
918 3635 1030 3716 see'psr's
1044 3645 1230 3699 sustentat:
1251 3631 1335 3714 siqui·

251 3740 338 3814 dem,
365 3750 444 3804 ante
470 3741 764 3817 consecrationem,
787 3739 857 3822 jam
884 3759 924 3801 ea
950 3738 1159 3803 sustentabat
1186 3737 1335 3802 mediante

286 3955 294 3985 ¹
311 3958 354 4010 lta
372 3957 398 4010 T
394 3959 534 4027 ongr‘orgr'‚
548 3959 669 4014 lnstitut
684 3959 854 4028 philosoph,
869 3957 1014 4024 bruxellis,
1025 3957 1102 4023 1869,
1117 3958 1172 4010 vol.
1188 3959 1226 4022 ll,
1237 3957 1334 4011 eosne-

251 4042 317 4109 103.
334 4059 360 4096 n·
376 4058 501 4113 237·239·

286 4127 338 4180 ²5.
359 4127 485 4192 Thomas,
505 4141 521 4194 3
541 4147 568 4199 p.
590 4147 616 4200 q.
633 4145 674 4200 77,
693 4151 718 4186 a.
741 4147 796 4197 ως
815 4133 934 4197 Suam,
952 4131 1023 4203 disp.
1040 4133 1086 4200 ;6;
1106 4133 1195 4204 Lago,
1212 4131 1278 4200 disp.
1294 4143 1332 4180 ¹0³

411 4211 470 4266 tiss.
486 4213 507 4279 1,
521 4231 545 4268 a.
560 4217 586 4277 6,
604 4215 617 4284 5
632 4231 667 4284 ²3
686 4219 851 4284 Franrelr'm
864 4221 903 4274 th.
922 4221 963 4286 ¹⁶3
982 4221 1016 4274 de
1026 4221 1210 4289 Augustr'm's,
1218 4237 1243 4290 p.
1253 4217 1332 4284 1,a.o;

446 4297 482 4351 de
496 4299 547 4352 SS.
564 4302 652 4355 Euch.
668 4317 854 4369 sacramento,
873 4308 949 4372 1882,
964 4324 990 4376 p.
1007 4321 1036 4375 51
1052 4324 1110 4377 sqt
1130 4308 1228 4371 Bt'lloh
1242 4323 1267 4375 q·
1280 4301 1313 4368 7⁶·
