2780 4646
209 143 272 196 u
684 143 870 197 canori.

201 317 374 410 gratuito
387 317 585 400 beneplacito,
599 325 725 405 gratias
748 324 896 390 ac'tuales
920 327 1075 390 concedit
1098 327 1222 407 quibus
1246 324 1331 388 fides

210 421 370 491 obtineri
393 431 510 502 potest
556 425 669 506 Opera
691 429 781 489 bona
803 449 894 491 mere
912 429 1079 492 naturalia
1100 449 1170 492 non
1189 439 1332 511 possunt

212 525 383 609 equidem
399 525 541 603 gratiam
554 528 681 601 mereri,
690 527 749 589 sed
762 527 947 609 disponunt
957 529 1108 608 negative
1118 530 1162 590 ad
1178 528 1332 609 gratiam,

214 626 432 696 removendo
445 627 585 704 obicem,
600 628 727 691 scilicet
742 642 918 710 peccatum
926 643 947 693 ¹.
991 632 1043 710 (b)—
1067 631 1218 693 facienti
1240 631 1330 710 quod

216 737 255 797 in
274 747 314 792 se
328 739 380 792 est
404 729 468 792 sub
491 730 619 813 influxu
628 731 753 812 gratie
764 733 914 808 ac‘inalt's,
936 733 1030 796 Deus
1045 744 1140 796 oerto
1163 733 1331 795 uberiores

216 833 356 921 gratior
368 832 510 894 annales
524 835 696 908 concedet,
711 843 749 895 ut
771 835 879 914 possit
901 837 944 898 ad
964 834 1243 916 justificationem
1259 854 1331 896 sese

219 953 420 1022 preparare;
461 936 517 1015 qui
551 937 640 998 enim
674 936 721 997 sic
744 937 815 1014 agit
836 937 877 998 dc
904 959 1044 1019 congruo
1067 957 1172 1000 novas
1203 937 1330 1018 gratias

220 1039 376 1107 ac'luales
392 1051 543 1113 meretur,
559 1052 596 1105 ut
611 1040 695 1103 inira
710 1041 847 1101 dioetur.
892 1039 940 1118 (c)
959 1039 1109 1102 Facienti
1125 1040 1217 1120 quod
1235 1039 1267 1101 in
1294 1058 1329 1100 se

222 1156 277 1211 est
289 1143 488 1223 cumgratia
502 1145 633 1218 anuali,
644 1155 679 1206 et
694 1143 847 1204 ultinmm
862 1140 1103 1222 dispositionem
1114 1142 1158 1203 ad
1169 1139 1331 1222 justifica-

222 1251 353 1315 tionem
371 1246 562 1325 requisitam
585 1246 733 1328 ponenti,
749 1245 843 1306 Deus
863 1245 923 1306 dat
933 1244 1332 1325 grattomjustificorrtem

223 1371 284 1415 seu
302 1348 517 1422 habitualem,
539 1369 639 1430 quam
656 1368 760 1430 agens
776 1348 809 1408 in
826 1347 890 1408 hoc
905 1366 984 1409 casu
1000 1347 1040 1408 dc
1053 1367 1193 1428 congruo
1208 1347 1333 1429 pariter
1377 1366 1378 1411 l

225 1462 381 1524 meretur,
391 1471 436 1512 ex
451 1451 602 1514 dicendis
618 1451 674 1513 ubi
690 1451 734 1513 de
750 1451 876 1512 merito

561 1591 624 1646 lv.
640 1587 774 1659 Quoad
796 1587 995 1658 parvulos.

269 1723 324 1786 90.
373 1718 405 1765 ιΟ
419 1703 518 1780 Deus,
532 1715 691 1786 quantum
715 1704 750 1763 in
771 1723 806 1764 se
826 1712 881 1778 cst,
891 1701 1030 1783 paravit
1049 1703 1150 1764 etiam
1165 1703 1333 1784 parvulis,
1382 1755 1383 1788 ,

226 1809 338 1892 quiin
357 1809 433 1868 sinu
454 1819 600 1871 materno
622 1807 808 1869 irretiuntur
825 1817 1001 1885 antequam
1022 1804 1334 1886 baptism-ipossr'nt,
1383 1833 1384 1852 ι

228 1912 337 1975 nrcdia
359 1933 399 1973 ιτ
417 1933 451 1973 se
471 1912 663 1993 srffcientio
686 1909 734 1969 ad
757 1909 830 1969 illos
855 1909 1039 1970 solz-andos.
1097 1908 1151 1970 Ita
1182 1927 1333 1970 commu·
1384 1912 1385 1940 l

228 2017 322 2078 niter.

274 2115 330 2176 Ex
345 2109 444 2176 dietis
460 2113 548 2174 enim
566 2113 598 2173 in
617 2112 671 2173 Tr.
685 2111 725 2173 dc
749 2113 761 2174 l
768 2113 847 2174 'erbo
869 2112 986 2186 lucar,
1004 2113 1157 2175 Christus
1182 2121 1333 2174 mortuus
1387 2146 1388 2200 ι

228 2227 279 2278 est
303 2237 370 2278 non
394 2215 502 2276 solum
523 2236 584 2296 pro
607 2214 730 2276 adultis
753 2215 811 2275 sed
833 2215 934 2276 etiam
957 2235 1019 2295 pro
1041 2215 1204 2294 parvulis;
1239 2214 1333 2295 atqui
1387 2201 1389 2282 l

231 2319 350 2380 frustra
367 2327 518 2379 mortuus
533 2327 620 2379 esset
637 2337 697 2396 pro
713 2317 785 2392 illis,
807 2317 867 2378 nisi
886 2318 997 2378 media
1013 2317 1198 2397 paravisset
1214 2317 1333 2398 quibus

231 2419 355 2482 lruftus
373 2421 474 2499 ipsius
491 2420 654 2500 passionis
670 2421 793 2482 eisdem
812 2420 970 2500 applicari
988 2431 1142 2500 possent;
1166 2440 1255 2500 ergo

272 2537 323 2600 91.
371 2535 406 2582 20
422 2521 565 2583 Difficile
581 2533 631 2583 est
648 2533 760 2584 autem
777 2523 945 2603 explicare
961 2523 1117 2602 qrromodo
1141 2523 1198 2584 illa
1222 2523 1334 2584 media

231 2625 463 2706 praebeantur:
486 2625 542 2704 (A)
559 2625 695 2688 Certum
712 2634 762 2686 est
777 2626 887 2687 Deum
902 2635 1018 2685 reniale
1038 2625 1159 2687 saltem
1176 2625 1333 2686 omnibus

232 2727 295 2788 illis
311 2726 456 2808 parvulis
473 2729 583 2789 media
599 2727 715 2788 salutis
733 2727 909 2806 paravisse,
922 2728 1003 2787 dum
1020 2727 1166 2788 instituit
1184 2727 1333 2788 medium

231 2831 272 2890 ad
298 2829 458 2906 originale
481 2839 654 2909 peccatum
687 2831 877 2904 delendum,
900 2829 1057 2891 videlicet
1084 2839 1332 2892 sacramentum

232 2929 388 3011 baptismi
403 2932 464 2991 sub
482 2932 521 2992 N.
534 2931 663 3010 Lege2:
686 2931 752 2992 tale
765 2932 853 2992 enim
872 2932 1019 2993 medium
1036 2953 1076 2992 rx
1088 2953 1122 2992 sc
1139 2941 1333 3012 potestom-

234 3034 329 3094 nibus
353 3033 519 3111 applicari,
539 3044 572 3095 ct
596 3035 622 3093 si
646 3034 689 3094 de
713 3032 801 3095 latito
824 3035 1024 3113 quibusdam
1047 3054 1113 3095 non
1138 3035 1333 3116 applicetur.

233 3135 313 3195 illud
337 3135 489 3214 provenit
510 3155 552 3195 cx
578 3136 685 3196 causis
708 3137 922 3207 naturalibus
937 3157 1077 3217 quarum
1097 3137 1200 3212 DeuS,
1216 3147 1334 3219 utpote

233 3241 381 3320 provisor
397 3239 600 3303 universalis.
616 3239 683 3299 vim
706 3249 739 3300 et
763 3237 917 3301 elicitum
935 3260 993 3320 per
1014 3239 1212 3302 miraculum
1230 3241 1332 3322 impe-

232 3343 302 3402 dire
320 3359 385 3401 non
406 3349 545 3402 tenetur.
590 3341 757 3421 Jamver0,
778 3343 820 3402 ad
838 3341 909 3420 ejus
925 3342 1132 3404 voluntatem
1150 3342 1332 3406 salvificam

232 3441 467 3514 exhibendam,
478 3443 597 3504 sufficit
613 3453 650 3504 ut
665 3443 775 3503 media
788 3443 967 3505 instituerit
983 3443 1026 3504 ab
1039 3445 1112 3506 aliis
1129 3447 1333 3527 applicanda

268 3612 398 3664 ’,ΙΙοΙίηα
417 3611 569 3665 (Concord.
584 3610 630 3661 lib.
647 3610 726 3661 arbit
742 3627 768 3678 q.
789 3627 828 3676 ¹4·
842 3627 867 3662 a.
889 3623 927 3675 13,
942 3611 1014 3678 disp.
1031 3613 1074 3676 ιο)
1089 3629 1148 3666 rem
1170 3615 1228 3666 alio
1249 3615 1333 3666 modo

232 3699 354 3765 exponit,
365 3699 443 3765 quasi
458 3698 587 3750 videlicet
603 3695 716 3764 paetum
730 3697 830 3747 initum
844 3697 940 3749 luisset
950 3699 1023 3751 inter
1036 3701 1129 3753 Deum
1141 3711 1170 3754 et
1180 3702 1332 3766 Christum,

233 3795 261 3836 ut
276 3785 388 3836 facienti
403 3784 477 3850 quod
489 3785 515 3834 in
527 3795 608 3836 seest
618 3783 722 3833 viribus
732 3793 839 3833 naturae
851 3783 1033 3837 infallibiliter
1046 3785 1138 3852 gratia
1149 3787 1333 3840 conferretur:

233 3871 281 3921 sed
296 3871 360 3921 talis
373 3869 511 3937 expositio
530 3887 546 3920 a
566 3867 662 3920 multis
682 3868 804 3935 rejicitur
824 3879 852 3919 ut
872 3869 964 3922 solido
977 3887 1078 3923 carens
1098 3872 1294 3940 fundamento,
1307 3887 1333 3927 et

232 3957 329 4022 gratiae
343 3957 485 4020 gratuitati
502 3955 608 4007 nociva.

267 4035 275 4056 ²
289 4043 345 4094 Cbt
358 4059 423 4094 vero
435 4042 619 4107 Evangelium
635 4039 749 4092 nonfuit
766 4040 936 4094 sufficienter
946 4046 1166 4112 promulgatum,
1177 4049 1263 4102 valde
1274 4065 1334 4117 pro·

232 4128 325 4179 babile
339 4128 504 4194 estantiqua
519 4128 616 4178 salutis
630 4127 733 4186 media,
745 4139 810 4178 ante
822 4128 963 4179 Christum
978 4132 1114 4199 adhibita,
1124 4136 1220 4190 adhuc
1233 4137 1335 4204 vigere.

233 4225 260 4264 ut
285 4213 302 4228 “’
416 4213 441 4236 ’·
462 4214 508 4264 Tr.
525 4215 757 4278 delloptismon.
776 4227 814 4276 39.
