<?xml version="1.0" encoding="UTF-8"?>
<!DOCTYPE html PUBLIC "-//W3C//DTD XHTML 1.0 Transitional//EN"
    "http://www.w3.org/TR/xhtml1/DTD/xhtml1-transitional.dtd">
<html xmlns="http://www.w3.org/1999/xhtml" xml:lang="en" lang="en">
 <head>
  <title>
</title>
<meta http-equiv="Content-Type" content="text/html;charset=utf-8" />
  <meta name='ocr-system' content='tesseract 3.04.00' />
  <meta name='ocr-capabilities' content='ocr_page ocr_carea ocr_par ocr_line ocrx_word'/>
</head>
<body>
  <div class='ocr_page' id='page_1' title='image "./synopsistheolog01tanqgoog_0607.png"; bbox 0 0 2758 4652; ppageno 0'>
   <div class='ocr_carea' id='block_1_1' title="bbox 471 175 1134 227">
    <p class='ocr_par' dir='ltr' id='par_1_1' title="bbox 471 175 1134 227">
     <span class='ocr_line' id='line_1_1' title="bbox 471 175 1134 227; baseline -0.006 -1"><span class='ocrx_word' id='word_1_1' title='bbox 471 176 527 226; x_wconf 85' lang='lat' dir='ltr'>DE</span> <span class='ocrx_word' id='word_1_2' title='bbox 543 177 715 226; x_wconf 76' lang='lat' dir='ltr'>ORDINE.</span> <span class='ocrx_word' id='word_1_3' title='bbox 1075 175 1134 227; x_wconf 77' lang='lat'>591</span> 
     </span>
    </p>
   </div>
   <div class='ocr_carea' id='block_1_2' title="bbox 37 355 1136 517">
    <p class='ocr_par' dir='ltr' id='par_1_2' title="bbox 37 355 1136 517">
     <span class='ocr_line' id='line_1_2' title="bbox 37 355 1136 429; baseline 0.002 -19"><span class='ocrx_word' id='word_1_4' title='bbox 37 365 73 412; x_wconf 88' lang='lat' dir='ltr'>ter</span> <span class='ocrx_word' id='word_1_5' title='bbox 87 356 132 413; x_wconf 94' lang='lat' dir='ltr'>de</span> <span class='ocrx_word' id='word_1_6' title='bbox 146 356 223 422; x_wconf 87' lang='lat' dir='ltr'>aliis,</span> <span class='ocrx_word' id='word_1_7' title='bbox 240 375 292 428; x_wconf 92' lang='lat' dir='ltr'>per</span> <span class='ocrx_word' id='word_1_8' title='bbox 303 374 399 414; x_wconf 87' lang='lat' dir='ltr'>rerum</span> <span class='ocrx_word' id='word_1_9' title='bbox 419 357 458 415; x_wconf 84' lang='lat' dir='ltr'>ad</span> <span class='ocrx_word' id='word_1_10' title='bbox 478 358 639 415; x_wconf 90' lang='lat' dir='ltr'>ministeria</span> <span class='ocrx_word' id='word_1_11' title='bbox 658 377 711 414; x_wconf 87' lang='lat' dir='ltr'>sua</span> <span class='ocrx_word' id='word_1_12' title='bbox 730 357 941 429; x_wconf 88' lang='lat' dir='ltr'>pertinentium</span> <span class='ocrx_word' id='word_1_13' title='bbox 957 355 1136 427; x_wconf 81' lang='lat' dir='ltr'>assignatio·</span> 
     </span>
     <span class='ocr_line' id='line_1_3' title="bbox 37 443 1136 517; baseline 0.001 -20"><span class='ocrx_word' id='word_1_14' title='bbox 37 461 114 498; x_wconf 90' lang='lat' dir='ltr'>nem.</span> <span class='ocrx_word' id='word_1_15' title='bbox 159 443 267 502; x_wconf 88' lang='lat' dir='ltr'>Forma</span> <span class='ocrx_word' id='word_1_16' title='bbox 280 444 437 502; x_wconf 88' lang='lat' dir='ltr'>sacerdotii</span> <span class='ocrx_word' id='word_1_17' title='bbox 451 445 517 502; x_wconf 87' lang='lat' dir='ltr'>talis</span> <span class='ocrx_word' id='word_1_18' title='bbox 530 454 574 503; x_wconf 89' lang='lat' dir='ltr'>est</span> <span class='ocrx_word' id='word_1_19' title='bbox 591 467 597 503; x_wconf 76' lang='lat' dir='ltr'>z</span> <span class='ocrx_word' id='word_1_20' title='bbox 617 445 731 516; x_wconf 84' lang='lat' dir='ltr'><strong>Accipe</strong></span> <span class='ocrx_word' id='word_1_21' title='bbox 745 455 922 517; x_wconf 88' lang='lat' dir='ltr'>potestatem</span> <span class='ocrx_word' id='word_1_22' title='bbox 937 443 1080 502; x_wconf 90' lang='lat' dir='ltr'>offerendi</span> <span class='ocrx_word' id='word_1_23' title='bbox 1093 461 1136 498; x_wconf 87' lang='lat' dir='ltr'>sa·</span> 
     </span>
    </p>
   </div>
   <div class='ocr_carea' id='block_1_3' title="bbox 35 529 1223 603">
    <p class='ocr_par' dir='ltr' id='par_1_3' title="bbox 35 529 1223 603">
     <span class='ocr_line' id='line_1_4' title="bbox 35 529 1223 603; baseline 0.001 -18"><span class='ocrx_word' id='word_1_24' title='bbox 35 529 185 587; x_wconf 86' lang='lat' dir='ltr'>crificium</span> <span class='ocrx_word' id='word_1_25' title='bbox 197 531 226 586; x_wconf 95' lang='lat' dir='ltr'>in</span> <span class='ocrx_word' id='word_1_26' title='bbox 238 530 371 588; x_wconf 86' lang='lat' dir='ltr'><strong>Ecclesia</strong></span> <span class='ocrx_word' id='word_1_27' title='bbox 381 549 435 603; x_wconf 92' lang='lat' dir='ltr'>pro</span> <span class='ocrx_word' id='word_1_28' title='bbox 446 531 518 590; x_wconf 85' lang='lat' dir='ltr'>rivis</span> <span class='ocrx_word' id='word_1_29' title='bbox 528 543 557 590; x_wconf 90' lang='lat' dir='ltr'>et</span> <span class='ocrx_word' id='word_1_30' title='bbox 571 533 702 601; x_wconf 88' lang='lat' dir='ltr'>mortuis,</span> <span class='ocrx_word' id='word_1_31' title='bbox 720 533 749 589; x_wconf 93' lang='lat' dir='ltr'>in</span> <span class='ocrx_word' id='word_1_32' title='bbox 763 533 885 590; x_wconf 87' lang='lat' dir='ltr'>nomine</span> <span class='ocrx_word' id='word_1_33' title='bbox 900 532 1000 601; x_wconf 88' lang='lat' dir='ltr'>Patris,</span> <span class='ocrx_word' id='word_1_34' title='bbox 1017 541 1047 589; x_wconf 90' lang='lat' dir='ltr'>et</span> <span class='ocrx_word' id='word_1_35' title='bbox 1058 530 1133 601; x_wconf 84' lang='lat' dir='ltr'>Filii,</span> <span class='ocrx_word' id='word_1_36' title='bbox 1220 559 1223 568; x_wconf 55' lang='lat'><em>2</em></span> 
     </span>
    </p>
   </div>
   <div class='ocr_carea' id='block_1_4' title="bbox 32 617 1135 936">
    <p class='ocr_par' dir='ltr' id='par_1_4' title="bbox 32 617 1135 936">
     <span class='ocr_line' id='line_1_5' title="bbox 34 617 1135 690; baseline 0.002 -18"><span class='ocrx_word' id='word_1_37' title='bbox 34 629 57 672; x_wconf 88' lang='lat' dir='ltr'>et</span> <span class='ocrx_word' id='word_1_38' title='bbox 67 617 204 688; x_wconf 87' lang='lat' dir='ltr'>Spiritus</span> <span class='ocrx_word' id='word_1_39' title='bbox 218 617 320 674; x_wconf 72' lang='lat' dir='ltr'>sancii.</span> <span class='ocrx_word' id='word_1_40' title='bbox 356 619 394 675; x_wconf 91' lang='lat' dir='ltr'>Et</span> <span class='ocrx_word' id='word_1_41' title='bbox 407 619 449 676; x_wconf 89' lang='lat' dir='ltr'>sic</span> <span class='ocrx_word' id='word_1_42' title='bbox 463 619 501 677; x_wconf 89' lang='lat' dir='ltr'>de</span> <span class='ocrx_word' id='word_1_43' title='bbox 508 619 632 676; x_wconf 89' lang='lat' dir='ltr'>aliorum</span> <span class='ocrx_word' id='word_1_44' title='bbox 644 619 782 677; x_wconf 89' lang='lat' dir='ltr'>ordinum</span> <span class='ocrx_word' id='word_1_45' title='bbox 794 620 904 688; x_wconf 91' lang='lat' dir='ltr'>formis,</span> <span class='ocrx_word' id='word_1_46' title='bbox 917 629 1004 690; x_wconf 92' lang='lat' dir='ltr'>prout</span> <span class='ocrx_word' id='word_1_47' title='bbox 1018 619 1047 675; x_wconf 93' lang='lat' dir='ltr'>in</span> <span class='ocrx_word' id='word_1_48' title='bbox 1060 618 1135 676; x_wconf 93' lang='lat' dir='ltr'>Pon-</span> 
     </span>
     <span class='ocr_line' id='line_1_6' title="bbox 34 704 1135 775; baseline 0.002 -15"><span class='ocrx_word' id='word_1_49' title='bbox 34 704 137 761; x_wconf 84' lang='lat' dir='ltr'>tificali</span> <span class='ocrx_word' id='word_1_50' title='bbox 153 705 293 762; x_wconf 89' lang='lat' dir='ltr'>Romano</span> <span class='ocrx_word' id='word_1_51' title='bbox 306 705 365 763; x_wconf 86' lang='lat' dir='ltr'>late</span> <span class='ocrx_word' id='word_1_52' title='bbox 378 707 554 764; x_wconf 87' lang='lat' dir='ltr'>continetur.</span> <span class='ocrx_word' id='word_1_53' title='bbox 595 705 768 765; x_wconf 88' lang='lat' dir='ltr'>Ordinarius</span> <span class='ocrx_word' id='word_1_54' title='bbox 782 706 915 764; x_wconf 88' lang='lat' dir='ltr'>minister</span> <span class='ocrx_word' id='word_1_55' title='bbox 935 706 1023 775; x_wconf 87' lang='lat' dir='ltr'>hujus</span> <span class='ocrx_word' id='word_1_56' title='bbox 1042 723 1135 763; x_wconf 86' lang='lat' dir='ltr'>sacra·</span> 
     </span>
     <span class='ocr_line' id='line_1_7' title="bbox 33 791 1135 866; baseline 0.003 -20"><span class='ocrx_word' id='word_1_57' title='bbox 33 793 127 848; x_wconf 86' lang='lat' dir='ltr'>menti</span> <span class='ocrx_word' id='word_1_58' title='bbox 143 801 190 849; x_wconf 88' lang='lat' dir='ltr'>est</span> <span class='ocrx_word' id='word_1_59' title='bbox 201 791 377 864; x_wconf 87' lang='lat' dir='ltr'>Episcopus.</span> <span class='ocrx_word' id='word_1_60' title='bbox 418 793 558 862; x_wconf 73' lang='lat' dir='ltr'>Effectus,</span> <span class='ocrx_word' id='word_1_61' title='bbox 569 805 763 866; x_wconf 83' lang='lat' dir='ltr'>augmentum</span> <span class='ocrx_word' id='word_1_62' title='bbox 776 794 887 864; x_wconf 78' lang='lat' dir='ltr'>gratiae,</span> <span class='ocrx_word' id='word_1_63' title='bbox 900 805 932 852; x_wconf 91' lang='lat' dir='ltr'>ut</span> <span class='ocrx_word' id='word_1_64' title='bbox 943 795 1010 866; x_wconf 88' lang='lat' dir='ltr'>quis</span> <span class='ocrx_word' id='word_1_65' title='bbox 1023 793 1059 851; x_wconf 91' lang='lat' dir='ltr'>sit</span> <span class='ocrx_word' id='word_1_66' title='bbox 1073 792 1135 851; x_wconf 91' lang='lat' dir='ltr'>ido-</span> 
     </span>
     <span class='ocr_line' id='line_1_8' title="bbox 32 889 266 936; baseline 0.004 -2"><span class='ocrx_word' id='word_1_67' title='bbox 32 897 108 935; x_wconf 80' lang='lat' dir='ltr'>neus</span> <span class='ocrx_word' id='word_1_68' title='bbox 122 889 266 936; x_wconf 78' lang='lat' dir='ltr'>minister.</span> 
     </span>
    </p>
   </div>
   <div class='ocr_carea' id='block_1_5' title="bbox 59 1052 1106 1270">
    <p class='ocr_par' dir='ltr' id='par_1_5' title="bbox 59 1052 1106 1270">
     <span class='ocr_line' id='line_1_9' title="bbox 164 1052 1015 1134; baseline -0.002 -2"><span class='ocrx_word' id='word_1_69' title='bbox 164 1052 449 1132; x_wconf 86' lang='lat' dir='ltr'>Tridentini</span> <span class='ocrx_word' id='word_1_70' title='bbox 473 1055 686 1133; x_wconf 85' lang='lat' dir='ltr'>Decreta</span> <span class='ocrx_word' id='word_1_71' title='bbox 716 1057 767 1133; x_wconf 89' lang='lat' dir='ltr'>et</span> <span class='ocrx_word' id='word_1_72' title='bbox 786 1052 1015 1134; x_wconf 88' lang='lat' dir='ltr'>Canones</span> 
     </span>
     <span class='ocr_line' id='line_1_10' title="bbox 59 1169 1106 1270; baseline -0.005 -20"><span class='ocrx_word' id='word_1_73' title='bbox 59 1169 133 1251; x_wconf 90' lang='lat' dir='ltr'>de</span> <span class='ocrx_word' id='word_1_74' title='bbox 166 1176 492 1252; x_wconf 86' lang='lat' dir='ltr'>sacramento</span> <span class='ocrx_word' id='word_1_75' title='bbox 522 1171 741 1252; x_wconf 88' lang='lat' dir='ltr'>Ordinis.</span> <span class='ocrx_word' id='word_1_76' title='bbox 771 1173 886 1268; x_wconf 76' lang='lat' dir='ltr'>(sess.</span> <span class='ocrx_word' id='word_1_77' title='bbox 907 1171 1106 1270; x_wconf 37' lang='lat' dir='ltr'>Xrllllp.</span> 
     </span>
    </p>
   </div>
   <div class='ocr_carea' id='block_1_6' title="bbox 82 1347 1083 1419">
    <p class='ocr_par' dir='ltr' id='par_1_6' title="bbox 82 1347 1083 1419">
     <span class='ocr_line' id='line_1_11' title="bbox 82 1347 1083 1419; baseline -0.003 -11"><span class='ocrx_word' id='word_1_78' title='bbox 82 1347 195 1408; x_wconf 82' lang='lat' dir='ltr'>CAP.</span> <span class='ocrx_word' id='word_1_79' title='bbox 213 1347 240 1405; x_wconf 92' lang='lat' dir='ltr'>l.</span> <span class='ocrx_word' id='word_1_80' title='bbox 259 1347 314 1407; x_wconf 90' lang='lat' dir='ltr'>De</span> <span class='ocrx_word' id='word_1_81' title='bbox 340 1347 586 1406; x_wconf 86' lang='lat' dir='ltr'>institutione</span> <span class='ocrx_word' id='word_1_82' title='bbox 604 1349 815 1407; x_wconf 85' lang='lat' dir='ltr'>sacerdotii</span> <span class='ocrx_word' id='word_1_83' title='bbox 842 1361 951 1408; x_wconf 87' lang='lat' dir='ltr'>novae</span> <span class='ocrx_word' id='word_1_84' title='bbox 978 1349 1083 1419; x_wconf 79' lang='lat' dir='ltr'>legis.</span> 
     </span>
    </p>
   </div>
   <div class='ocr_carea' id='block_1_7' title="bbox 24 1471 1133 2327">
    <p class='ocr_par' dir='ltr' id='par_1_7' title="bbox 24 1471 1133 2327">
     <span class='ocr_line' id='line_1_12' title="bbox 61 1471 1133 1544; baseline 0 -14"><span class='ocrx_word' id='word_1_85' title='bbox 61 1471 254 1530; x_wconf 80' lang='lat' dir='ltr'>Sacrificium</span> <span class='ocrx_word' id='word_1_86' title='bbox 267 1483 296 1530; x_wconf 90' lang='lat' dir='ltr'>et</span> <span class='ocrx_word' id='word_1_87' title='bbox 310 1471 515 1530; x_wconf 86' lang='lat' dir='ltr'>Sacerdotium</span> <span class='ocrx_word' id='word_1_88' title='bbox 529 1472 569 1530; x_wconf 86' lang='lat' dir='ltr'>ita</span> <span class='ocrx_word' id='word_1_89' title='bbox 580 1472 636 1530; x_wconf 90' lang='lat' dir='ltr'>Dei</span> <span class='ocrx_word' id='word_1_90' title='bbox 645 1472 1002 1544; x_wconf 75' lang='lat' dir='ltr'>ordinationeconjunfta</span> <span class='ocrx_word' id='word_1_91' title='bbox 1016 1483 1092 1542; x_wconf 91' lang='lat' dir='ltr'>sunt,</span> <span class='ocrx_word' id='word_1_92' title='bbox 1101 1485 1133 1530; x_wconf 91' lang='lat' dir='ltr'>ut</span> 
     </span>
     <span class='ocr_line' id='line_1_13' title="bbox 27 1555 1133 1630; baseline 0.005 -18"><span class='ocrx_word' id='word_1_93' title='bbox 27 1571 195 1626; x_wconf 88' lang='lat' dir='ltr'>utrumque</span> <span class='ocrx_word' id='word_1_94' title='bbox 208 1555 330 1613; x_wconf 88' lang='lat' dir='ltr'>inomni</span> <span class='ocrx_word' id='word_1_95' title='bbox 344 1556 410 1626; x_wconf 85' lang='lat' dir='ltr'>lege</span> <span class='ocrx_word' id='word_1_96' title='bbox 423 1555 571 1614; x_wconf 90' lang='lat' dir='ltr'>exstiterit.</span> <span class='ocrx_word' id='word_1_97' title='bbox 613 1558 691 1616; x_wconf 88' lang='lat' dir='ltr'>Cum</span> <span class='ocrx_word' id='word_1_98' title='bbox 707 1559 794 1630; x_wconf 81' lang='lat' dir='ltr'>igitur</span> <span class='ocrx_word' id='word_1_99' title='bbox 806 1559 926 1616; x_wconf 91' lang='lat' dir='ltr'>innovo</span> <span class='ocrx_word' id='word_1_100' title='bbox 939 1559 1133 1617; x_wconf 87' lang='lat' dir='ltr'>Testamento</span> 
     </span>
     <span class='ocr_line' id='line_1_14' title="bbox 26 1643 1131 1706; baseline 0.005 -8"><span class='ocrx_word' id='word_1_101' title='bbox 26 1644 171 1702; x_wconf 64' lang='lat' dir='ltr'>sanetum</span> <span class='ocrx_word' id='word_1_102' title='bbox 185 1644 379 1702; x_wconf 75' lang='lat' dir='ltr'>Eucharistiae</span> <span class='ocrx_word' id='word_1_103' title='bbox 392 1643 569 1702; x_wconf 85' lang='lat' dir='ltr'>sacrificium</span> <span class='ocrx_word' id='word_1_104' title='bbox 582 1645 698 1704; x_wconf 88' lang='lat' dir='ltr'>visibile</span> <span class='ocrx_word' id='word_1_105' title='bbox 711 1663 746 1703; x_wconf 84' lang='lat' dir='ltr'>ex</span> <span class='ocrx_word' id='word_1_106' title='bbox 761 1645 818 1704; x_wconf 87' lang='lat' dir='ltr'>Dei</span> <span class='ocrx_word' id='word_1_107' title='bbox 832 1647 1018 1705; x_wconf 89' lang='lat' dir='ltr'>institutione</span> <span class='ocrx_word' id='word_1_108' title='bbox 1031 1646 1131 1706; x_wconf 86' lang='lat' dir='ltr'>catho-</span> 
     </span>
     <span class='ocr_line' id='line_1_15' title="bbox 26 1732 1131 1803; baseline 0.001 -14"><span class='ocrx_word' id='word_1_109' title='bbox 26 1733 84 1790; x_wconf 87' lang='lat' dir='ltr'>lica</span> <span class='ocrx_word' id='word_1_110' title='bbox 102 1732 239 1789; x_wconf 84' lang='lat' dir='ltr'>Ecclesia</span> <span class='ocrx_word' id='word_1_111' title='bbox 251 1732 415 1803; x_wconf 81' lang='lat' dir='ltr'>acceperit3</span> <span class='ocrx_word' id='word_1_112' title='bbox 435 1732 517 1790; x_wconf 86' lang='lat' dir='ltr'>fateri</span> <span class='ocrx_word' id='word_1_113' title='bbox 528 1732 617 1789; x_wconf 88' lang='lat' dir='ltr'>etiam</span> <span class='ocrx_word' id='word_1_114' title='bbox 632 1743 759 1803; x_wconf 88' lang='lat' dir='ltr'>oportet,</span> <span class='ocrx_word' id='word_1_115' title='bbox 775 1733 804 1790; x_wconf 91' lang='lat' dir='ltr'>in</span> <span class='ocrx_word' id='word_1_116' title='bbox 815 1736 850 1791; x_wconf 69' lang='lat' dir='ltr'>ea</span> <span class='ocrx_word' id='word_1_117' title='bbox 863 1751 974 1791; x_wconf 84' lang='lat' dir='ltr'>novum</span> <span class='ocrx_word' id='word_1_118' title='bbox 989 1752 1054 1793; x_wconf 88' lang='lat' dir='ltr'>esse</span> <span class='ocrx_word' id='word_1_119' title='bbox 1064 1735 1131 1791; x_wconf 87' lang='lat' dir='ltr'>visi-</span> 
     </span>
     <span class='ocr_line' id='line_1_16' title="bbox 26 1817 1133 1888; baseline 0 -12"><span class='ocrx_word' id='word_1_120' title='bbox 26 1819 89 1879; x_wconf 84' lang='lat' dir='ltr'>bile</span> <span class='ocrx_word' id='word_1_121' title='bbox 104 1828 134 1876; x_wconf 91' lang='lat' dir='ltr'>et</span> <span class='ocrx_word' id='word_1_122' title='bbox 149 1827 301 1876; x_wconf 88' lang='lat' dir='ltr'>externum</span> <span class='ocrx_word' id='word_1_123' title='bbox 317 1818 530 1886; x_wconf 81' lang='lat' dir='ltr'>Sacerdotium,</span> <span class='ocrx_word' id='word_1_124' title='bbox 544 1817 573 1872; x_wconf 90' lang='lat' dir='ltr'>in</span> <span class='ocrx_word' id='word_1_125' title='bbox 587 1818 670 1888; x_wconf 89' lang='lat' dir='ltr'>quod</span> <span class='ocrx_word' id='word_1_126' title='bbox 683 1828 767 1875; x_wconf 89' lang='lat' dir='ltr'>vetus</span> <span class='ocrx_word' id='word_1_127' title='bbox 781 1820 955 1877; x_wconf 85' lang='lat' dir='ltr'>translatum</span> <span class='ocrx_word' id='word_1_128' title='bbox 968 1831 1021 1878; x_wconf 92' lang='lat' dir='ltr'>est.</span> <span class='ocrx_word' id='word_1_129' title='bbox 1062 1821 1133 1877; x_wconf 91' lang='lat' dir='ltr'>Hoc</span> 
     </span>
     <span class='ocr_line' id='line_1_17' title="bbox 25 1905 1130 1978; baseline -0.001 -14"><span class='ocrx_word' id='word_1_130' title='bbox 25 1918 131 1964; x_wconf 89' lang='lat' dir='ltr'>autem</span> <span class='ocrx_word' id='word_1_131' title='bbox 151 1905 191 1963; x_wconf 88' lang='lat' dir='ltr'>ab</span> <span class='ocrx_word' id='word_1_132' title='bbox 209 1905 317 1964; x_wconf 90' lang='lat' dir='ltr'>eodem</span> <span class='ocrx_word' id='word_1_133' title='bbox 335 1906 467 1963; x_wconf 89' lang='lat' dir='ltr'>Domino</span> <span class='ocrx_word' id='word_1_134' title='bbox 480 1905 630 1964; x_wconf 85' lang='lat' dir='ltr'>Salvatore</span> <span class='ocrx_word' id='word_1_135' title='bbox 644 1917 745 1964; x_wconf 90' lang='lat' dir='ltr'>nostro</span> <span class='ocrx_word' id='word_1_136' title='bbox 760 1906 926 1964; x_wconf 90' lang='lat' dir='ltr'>institutum</span> <span class='ocrx_word' id='word_1_137' title='bbox 946 1925 1019 1974; x_wconf 85' lang='lat' dir='ltr'>esse,</span> <span class='ocrx_word' id='word_1_138' title='bbox 1039 1918 1130 1978; x_wconf 88' lang='lat' dir='ltr'>atque</span> 
     </span>
     <span class='ocr_line' id='line_1_18' title="bbox 25 1992 1131 2066; baseline -0.001 -16"><span class='ocrx_word' id='word_1_139' title='bbox 25 1993 194 2066; x_wconf 77' lang='lat' dir='ltr'>Apostolis,</span> <span class='ocrx_word' id='word_1_140' title='bbox 209 2009 374 2064; x_wconf 87' lang='lat' dir='ltr'>eorumque</span> <span class='ocrx_word' id='word_1_141' title='bbox 387 1992 608 2051; x_wconf 87' lang='lat' dir='ltr'>successoribus</span> <span class='ocrx_word' id='word_1_142' title='bbox 622 1992 652 2049; x_wconf 92' lang='lat' dir='ltr'>in</span> <span class='ocrx_word' id='word_1_143' title='bbox 661 1993 843 2062; x_wconf 89' lang='lat' dir='ltr'>Sacerdoti0‚</span> <span class='ocrx_word' id='word_1_144' title='bbox 852 2004 1031 2066; x_wconf 83' lang='lat' dir='ltr'>potestatem</span> <span class='ocrx_word' id='word_1_145' title='bbox 1045 1993 1131 2051; x_wconf 87' lang='lat' dir='ltr'>tradi·</span> 
     </span>
     <span class='ocr_line' id='line_1_19' title="bbox 24 2079 1128 2153; baseline -0.003 -13"><span class='ocrx_word' id='word_1_146' title='bbox 24 2094 89 2140; x_wconf 87' lang='lat' dir='ltr'>tarn</span> <span class='ocrx_word' id='word_1_147' title='bbox 98 2081 304 2152; x_wconf 86' lang='lat' dir='ltr'>consecrandi,</span> <span class='ocrx_word' id='word_1_148' title='bbox 318 2080 469 2150; x_wconf 84' lang='lat' dir='ltr'>offerendi,</span> <span class='ocrx_word' id='word_1_149' title='bbox 478 2091 507 2140; x_wconf 90' lang='lat' dir='ltr'>et</span> <span class='ocrx_word' id='word_1_150' title='bbox 517 2079 701 2138; x_wconf 87' lang='lat' dir='ltr'>ministrandi</span> <span class='ocrx_word' id='word_1_151' title='bbox 711 2096 820 2152; x_wconf 92' lang='lat' dir='ltr'>corpus</span> <span class='ocrx_word' id='word_1_152' title='bbox 830 2093 859 2140; x_wconf 88' lang='lat' dir='ltr'>et</span> <span class='ocrx_word' id='word_1_153' title='bbox 869 2081 1044 2153; x_wconf 79' lang='lat' dir='ltr'>sanguinem</span> <span class='ocrx_word' id='word_1_154' title='bbox 1056 2082 1128 2152; x_wconf 87' lang='lat' dir='ltr'>ejus,</span> 
     </span>
     <span class='ocr_line' id='line_1_20' title="bbox 25 2165 1131 2239; baseline 0.002 -15"><span class='ocrx_word' id='word_1_155' title='bbox 25 2187 82 2226; x_wconf 91' lang='lat' dir='ltr'>nec</span> <span class='ocrx_word' id='word_1_156' title='bbox 99 2185 162 2225; x_wconf 91' lang='lat' dir='ltr'>non</span> <span class='ocrx_word' id='word_1_157' title='bbox 175 2175 205 2226; x_wconf 88' lang='lat' dir='ltr'>et</span> <span class='ocrx_word' id='word_1_158' title='bbox 218 2177 341 2239; x_wconf 82' lang='lat' dir='ltr'>peccata</span> <span class='ocrx_word' id='word_1_159' title='bbox 354 2165 523 2226; x_wconf 89' lang='lat' dir='ltr'>dimittendi</span> <span class='ocrx_word' id='word_1_160' title='bbox 533 2177 563 2226; x_wconf 91' lang='lat' dir='ltr'>et</span> <span class='ocrx_word' id='word_1_161' title='bbox 573 2168 729 2234; x_wconf 88' lang='lat' dir='ltr'>retinendi,</span> <span class='ocrx_word' id='word_1_162' title='bbox 742 2185 831 2227; x_wconf 73' lang='lat' dir='ltr'>sacrae</span> <span class='ocrx_word' id='word_1_163' title='bbox 845 2169 948 2228; x_wconf 81' lang='lat' dir='ltr'>litterae</span> <span class='ocrx_word' id='word_1_164' title='bbox 958 2169 1131 2237; x_wconf 87' lang='lat' dir='ltr'>ostendunt,</span> 
     </span>
     <span class='ocr_line' id='line_1_21' title="bbox 24 2254 787 2327; baseline -0.003 -13"><span class='ocrx_word' id='word_1_165' title='bbox 24 2267 50 2314; x_wconf 90' lang='lat' dir='ltr'>et</span> <span class='ocrx_word' id='word_1_166' title='bbox 68 2254 241 2314; x_wconf 79' lang='lat' dir='ltr'>Catholicae</span> <span class='ocrx_word' id='word_1_167' title='bbox 254 2255 397 2313; x_wconf 82' lang='lat' dir='ltr'>Ecclesiae</span> <span class='ocrx_word' id='word_1_168' title='bbox 412 2254 531 2313; x_wconf 84' lang='lat' dir='ltr'>traditio</span> <span class='ocrx_word' id='word_1_169' title='bbox 545 2272 663 2327; x_wconf 89' lang='lat' dir='ltr'>semper</span> <span class='ocrx_word' id='word_1_170' title='bbox 675 2254 787 2314; x_wconf 91' lang='lat' dir='ltr'>docuit.</span> 
     </span>
    </p>
   </div>
   <div class='ocr_carea' id='block_1_8' title="bbox 254 2401 911 2474">
    <p class='ocr_par' dir='ltr' id='par_1_8' title="bbox 254 2401 911 2474">
     <span class='ocr_line' id='line_1_22' title="bbox 254 2401 911 2474; baseline -0.002 -11"><span class='ocrx_word' id='word_1_171' title='bbox 254 2401 359 2463; x_wconf 81' lang='lat' dir='ltr'>CAP.</span> <span class='ocrx_word' id='word_1_172' title='bbox 379 2403 415 2461; x_wconf 89' lang='lat'>2.</span> <span class='ocrx_word' id='word_1_173' title='bbox 433 2403 488 2462; x_wconf 88' lang='lat' dir='ltr'>De</span> <span class='ocrx_word' id='word_1_174' title='bbox 515 2409 663 2474; x_wconf 85' lang='lat' dir='ltr'>septem</span> <span class='ocrx_word' id='word_1_175' title='bbox 686 2403 911 2464; x_wconf 91' lang='lat' dir='ltr'>Ordinibus.</span> 
     </span>
    </p>
   </div>
   <div class='ocr_carea' id='block_1_9' title="bbox 16 2527 1129 3387">
    <p class='ocr_par' dir='ltr' id='par_1_9' title="bbox 16 2527 1129 3387">
     <span class='ocr_line' id='line_1_23' title="bbox 59 2527 1129 2602; baseline 0 -14"><span class='ocrx_word' id='word_1_176' title='bbox 59 2529 143 2588; x_wconf 91' lang='lat' dir='ltr'>Cum</span> <span class='ocrx_word' id='word_1_177' title='bbox 157 2537 257 2586; x_wconf 89' lang='lat' dir='ltr'>autern</span> <span class='ocrx_word' id='word_1_178' title='bbox 271 2527 372 2586; x_wconf 85' lang='lat' dir='ltr'>divina</span> <span class='ocrx_word' id='word_1_179' title='bbox 384 2545 430 2585; x_wconf 91' lang='lat' dir='ltr'>res</span> <span class='ocrx_word' id='word_1_180' title='bbox 443 2529 480 2585; x_wconf 92' lang='lat' dir='ltr'>sit</span> <span class='ocrx_word' id='word_1_181' title='bbox 491 2538 550 2585; x_wconf 85' lang='lat' dir='ltr'>tarn</span> <span class='ocrx_word' id='word_1_182' title='bbox 561 2528 655 2586; x_wconf 72' lang='lat' dir='ltr'>sancti</span> <span class='ocrx_word' id='word_1_183' title='bbox 667 2528 830 2587; x_wconf 86' lang='lat' dir='ltr'>Sacerdotii</span> <span class='ocrx_word' id='word_1_184' title='bbox 844 2529 1049 2602; x_wconf 90' lang='lat' dir='ltr'>ministerium,</span> <span class='ocrx_word' id='word_1_185' title='bbox 1059 2550 1129 2590; x_wconf 94' lang='lat' dir='ltr'>con·</span> 
     </span>
     <span class='ocr_line' id='line_1_24' title="bbox 21 2611 1129 2687; baseline -0.002 -11"><span class='ocrx_word' id='word_1_186' title='bbox 21 2611 207 2676; x_wconf 80' lang='lat' dir='ltr'>sentaireum</span> <span class='ocrx_word' id='word_1_187' title='bbox 227 2615 290 2684; x_wconf 84' lang='lat' dir='ltr'>fuit,</span> <span class='ocrx_word' id='word_1_188' title='bbox 309 2633 372 2687; x_wconf 88' lang='lat' dir='ltr'>quo</span> <span class='ocrx_word' id='word_1_189' title='bbox 391 2615 518 2687; x_wconf 81' lang='lat' dir='ltr'>dignius,</span> <span class='ocrx_word' id='word_1_190' title='bbox 533 2625 562 2673; x_wconf 92' lang='lat' dir='ltr'>et</span> <span class='ocrx_word' id='word_1_191' title='bbox 581 2617 685 2687; x_wconf 75' lang='lat' dir='ltr'>maiori</span> <span class='ocrx_word' id='word_1_192' title='bbox 705 2635 774 2673; x_wconf 93' lang='lat' dir='ltr'>cum</span> <span class='ocrx_word' id='word_1_193' title='bbox 794 2617 984 2677; x_wconf 88' lang='lat' dir='ltr'>veneratione</span> <span class='ocrx_word' id='word_1_194' title='bbox 1003 2619 1129 2678; x_wconf 89' lang='lat' dir='ltr'>exerceri</span> 
     </span>
     <span class='ocr_line' id='line_1_25' title="bbox 21 2702 1128 2778; baseline -0.002 -15"><span class='ocrx_word' id='word_1_195' title='bbox 21 2715 140 2778; x_wconf 87' lang='lat' dir='ltr'>posset,</span> <span class='ocrx_word' id='word_1_196' title='bbox 153 2713 186 2760; x_wconf 90' lang='lat' dir='ltr'>ut</span> <span class='ocrx_word' id='word_1_197' title='bbox 206 2703 235 2760; x_wconf 92' lang='lat' dir='ltr'>in</span> <span class='ocrx_word' id='word_1_198' title='bbox 250 2703 385 2760; x_wconf 73' lang='lat' dir='ltr'>Ecclesia</span> <span class='ocrx_word' id='word_1_199' title='bbox 404 2702 624 2760; x_wconf 69' lang='lat' dir='ltr'>ordinatissimi</span> <span class='ocrx_word' id='word_1_200' title='bbox 643 2703 840 2775; x_wconf 90' lang='lat' dir='ltr'>dispositione</span> <span class='ocrx_word' id='word_1_201' title='bbox 859 2705 966 2776; x_wconf 89' lang='lat' dir='ltr'>plures,</span> <span class='ocrx_word' id='word_1_202' title='bbox 980 2715 1009 2763; x_wconf 89' lang='lat' dir='ltr'>et</span> <span class='ocrx_word' id='word_1_203' title='bbox 1023 2707 1128 2764; x_wconf 91' lang='lat' dir='ltr'>diversi</span> 
     </span>
     <span class='ocr_line' id='line_1_26' title="bbox 19 2789 1128 2861; baseline -0.001 -11"><span class='ocrx_word' id='word_1_204' title='bbox 19 2800 128 2850; x_wconf 88' lang='lat' dir='ltr'>essent</span> <span class='ocrx_word' id='word_1_205' title='bbox 141 2789 343 2848; x_wconf 90' lang='lat' dir='ltr'>ministrorum</span> <span class='ocrx_word' id='word_1_206' title='bbox 358 2789 496 2859; x_wconf 88' lang='lat' dir='ltr'>Ordines,</span> <span class='ocrx_word' id='word_1_207' title='bbox 519 2790 569 2861; x_wconf 90' lang='lat' dir='ltr'>qui</span> <span class='ocrx_word' id='word_1_208' title='bbox 584 2789 757 2848; x_wconf 90' lang='lat' dir='ltr'>Sacerdotio</span> <span class='ocrx_word' id='word_1_209' title='bbox 770 2808 805 2849; x_wconf 87' lang='lat' dir='ltr'>ex</span> <span class='ocrx_word' id='word_1_210' title='bbox 819 2791 918 2848; x_wconf 87' lang='lat' dir='ltr'>officio</span> <span class='ocrx_word' id='word_1_211' title='bbox 937 2790 1128 2860; x_wconf 88' lang='lat' dir='ltr'>deservirent,</span> 
     </span>
     <span class='ocr_line' id='line_1_27' title="bbox 19 2875 1128 2948; baseline -0.005 -10"><span class='ocrx_word' id='word_1_212' title='bbox 19 2883 62 2938; x_wconf 87' lang='lat' dir='ltr'>ita</span> <span class='ocrx_word' id='word_1_213' title='bbox 84 2876 244 2946; x_wconf 89' lang='lat' dir='ltr'>distributi,</span> <span class='ocrx_word' id='word_1_214' title='bbox 262 2887 302 2946; x_wconf 87' lang='lat' dir='ltr'>ut,</span> <span class='ocrx_word' id='word_1_215' title='bbox 316 2877 366 2948; x_wconf 89' lang='lat' dir='ltr'>qui</span> <span class='ocrx_word' id='word_1_216' title='bbox 379 2878 440 2946; x_wconf 87' lang='lat' dir='ltr'>jam</span> <span class='ocrx_word' id='word_1_217' title='bbox 454 2875 580 2933; x_wconf 84' lang='lat' dir='ltr'>clericali</span> <span class='ocrx_word' id='word_1_218' title='bbox 595 2878 716 2934; x_wconf 74' lang='lat' dir='ltr'>tonsura</span> <span class='ocrx_word' id='word_1_219' title='bbox 730 2876 860 2947; x_wconf 83' lang='lat' dir='ltr'>insigniti</span> <span class='ocrx_word' id='word_1_220' title='bbox 881 2887 989 2942; x_wconf 89' lang='lat' dir='ltr'>essent,</span> <span class='ocrx_word' id='word_1_221' title='bbox 1005 2894 1058 2948; x_wconf 93' lang='lat' dir='ltr'>per</span> <span class='ocrx_word' id='word_1_222' title='bbox 1076 2879 1128 2934; x_wconf 91' lang='lat' dir='ltr'>mi·</span> 
     </span>
     <span class='ocr_line' id='line_1_28' title="bbox 18 2963 1127 3035; baseline -0.004 -9"><span class='ocrx_word' id='word_1_223' title='bbox 18 2983 113 3026; x_wconf 89' lang='lat' dir='ltr'>nores</span> <span class='ocrx_word' id='word_1_224' title='bbox 127 2965 165 3023; x_wconf 89' lang='lat' dir='ltr'>ad</span> <span class='ocrx_word' id='word_1_225' title='bbox 180 2965 306 3035; x_wconf 78' lang='lat' dir='ltr'>maiores</span> <span class='ocrx_word' id='word_1_226' title='bbox 320 2964 524 3021; x_wconf 87' lang='lat' dir='ltr'>ascenderent.</span> <span class='ocrx_word' id='word_1_227' title='bbox 563 2963 641 3020; x_wconf 87' lang='lat' dir='ltr'>Nam</span> <span class='ocrx_word' id='word_1_228' title='bbox 662 2981 723 3020; x_wconf 92' lang='lat' dir='ltr'>non</span> <span class='ocrx_word' id='word_1_229' title='bbox 743 2965 838 3021; x_wconf 89' lang='lat' dir='ltr'>solum</span> <span class='ocrx_word' id='word_1_230' title='bbox 853 2963 892 3021; x_wconf 90' lang='lat' dir='ltr'>de</span> <span class='ocrx_word' id='word_1_231' title='bbox 906 2963 1127 3032; x_wconf 83' lang='lat' dir='ltr'>Sacerdotibus,</span> 
     </span>
     <span class='ocr_line' id='line_1_29' title="bbox 17 3049 1128 3132; baseline -0.003 -19"><span class='ocrx_word' id='word_1_232' title='bbox 17 3054 77 3113; x_wconf 87' lang='lat' dir='ltr'>sed</span> <span class='ocrx_word' id='word_1_233' title='bbox 92 3051 171 3111; x_wconf 88' lang='lat' dir='ltr'>etde</span> <span class='ocrx_word' id='word_1_234' title='bbox 181 3051 422 3108; x_wconf 82' lang='lat' dir='ltr'>Diaconissacrae</span> <span class='ocrx_word' id='word_1_235' title='bbox 436 3049 539 3108; x_wconf 84' lang='lat' dir='ltr'>litterae</span> <span class='ocrx_word' id='word_1_236' title='bbox 548 3060 680 3121; x_wconf 81' lang='lat' dir='ltr'>apertam</span> <span class='ocrx_word' id='word_1_237' title='bbox 691 3051 875 3132; x_wconf 80' lang='lat' dir='ltr'>mentionem</span> <span class='ocrx_word' id='word_1_238' title='bbox 889 3051 1128 3123; x_wconf 69' lang='lat' dir='ltr'>nolenterque</span> 
     </span>
     <span class='ocr_line' id='line_1_30' title="bbox 17 3138 1128 3210; baseline -0.002 -11"><span class='ocrx_word' id='word_1_239' title='bbox 17 3142 154 3200; x_wconf 81' lang='lat' dir='ltr'>maxime</span> <span class='ocrx_word' id='word_1_240' title='bbox 168 3139 198 3196; x_wconf 93' lang='lat' dir='ltr'>in</span> <span class='ocrx_word' id='word_1_241' title='bbox 218 3139 336 3196; x_wconf 88' lang='lat' dir='ltr'>illorum</span> <span class='ocrx_word' id='word_1_242' title='bbox 350 3138 539 3196; x_wconf 88' lang='lat' dir='ltr'>ordinatione</span> <span class='ocrx_word' id='word_1_243' title='bbox 552 3138 736 3196; x_wconf 82' lang='lat' dir='ltr'>attendenda</span> <span class='ocrx_word' id='word_1_244' title='bbox 749 3148 827 3202; x_wconf 91' lang='lat' dir='ltr'>sunt,</span> <span class='ocrx_word' id='word_1_245' title='bbox 843 3139 1020 3210; x_wconf 81' lang='lat' dir='ltr'>gravissimis</span> <span class='ocrx_word' id='word_1_246' title='bbox 1033 3139 1128 3198; x_wconf 86' lang='lat' dir='ltr'>verbis</span> 
     </span>
     <span class='ocr_line' id='line_1_31' title="bbox 17 3223 1125 3297; baseline -0.003 -11"><span class='ocrx_word' id='word_1_247' title='bbox 17 3231 137 3290; x_wconf 89' lang='lat' dir='ltr'>docent</span> <span class='ocrx_word' id='word_1_248' title='bbox 146 3246 154 3297; x_wconf 92' lang='lat'>;</span> <span class='ocrx_word' id='word_1_249' title='bbox 175 3223 212 3284; x_wconf 69' lang='lat' dir='ltr'>vet</span> <span class='ocrx_word' id='word_1_250' title='bbox 232 3225 352 3297; x_wconf 89' lang='lat' dir='ltr'>abipso</span> <span class='ocrx_word' id='word_1_251' title='bbox 367 3225 510 3282; x_wconf 88' lang='lat' dir='ltr'>Ecclesiae</span> <span class='ocrx_word' id='word_1_252' title='bbox 525 3224 608 3281; x_wconf 91' lang='lat' dir='ltr'>initio</span> <span class='ocrx_word' id='word_1_253' title='bbox 622 3225 811 3296; x_wconf 89' lang='lat' dir='ltr'>sequentium</span> <span class='ocrx_word' id='word_1_254' title='bbox 826 3224 974 3284; x_wconf 90' lang='lat' dir='ltr'>Ordinum</span> <span class='ocrx_word' id='word_1_255' title='bbox 995 3226 1125 3290; x_wconf 86' lang='lat' dir='ltr'>nomina,</span> 
     </span>
     <span class='ocr_line' id='line_1_32' title="bbox 16 3312 1127 3387; baseline -0.005 -12"><span class='ocrx_word' id='word_1_256' title='bbox 16 3329 116 3387; x_wconf 77' lang='lat' dir='ltr'>atque</span> <span class='ocrx_word' id='word_1_257' title='bbox 130 3313 366 3386; x_wconf 88' lang='lat' dir='ltr'>uniuscujusque</span> <span class='ocrx_word' id='word_1_258' title='bbox 379 3331 482 3371; x_wconf 91' lang='lat' dir='ltr'>eorum</span> <span class='ocrx_word' id='word_1_259' title='bbox 496 3313 615 3385; x_wconf 91' lang='lat' dir='ltr'>propria</span> <span class='ocrx_word' id='word_1_260' title='bbox 628 3312 799 3382; x_wconf 88' lang='lat' dir='ltr'>ministeria,</span> <span class='ocrx_word' id='word_1_261' title='bbox 811 3312 992 3371; x_wconf 87' lang='lat' dir='ltr'>Subdlaconi</span> <span class='ocrx_word' id='word_1_262' title='bbox 1007 3313 1127 3382; x_wconf 87' lang='lat' dir='ltr'>scilicet,</span> 
     </span>
    </p>
   </div>
   <div class='ocr_carea' id='block_1_10' title="bbox 15 3399 1126 3736">
    <p class='ocr_par' dir='ltr' id='par_1_10' title="bbox 15 3399 1126 3736">
     <span class='ocr_line' id='line_1_33' title="bbox 16 3399 1126 3476; baseline -0.005 -14"><span class='ocrx_word' id='word_1_263' title='bbox 16 3403 174 3476; x_wconf 69' lang='lat' dir='ltr'>ricolythi,</span> <span class='ocrx_word' id='word_1_264' title='bbox 188 3402 357 3472; x_wconf 83' lang='lat' dir='ltr'>Exorcistae,</span> <span class='ocrx_word' id='word_1_265' title='bbox 371 3401 521 3468; x_wconf 75' lang='lat' dir='ltr'>Lectores,</span> <span class='ocrx_word' id='word_1_266' title='bbox 537 3412 565 3458; x_wconf 88' lang='lat' dir='ltr'>et</span> <span class='ocrx_word' id='word_1_267' title='bbox 580 3399 709 3466; x_wconf 91' lang='lat' dir='ltr'>Ostiarii,</span> <span class='ocrx_word' id='word_1_268' title='bbox 727 3401 755 3457; x_wconf 94' lang='lat' dir='ltr'>in</span> <span class='ocrx_word' id='word_1_269' title='bbox 771 3419 824 3458; x_wconf 92' lang='lat' dir='ltr'>usu</span> <span class='ocrx_word' id='word_1_270' title='bbox 840 3401 929 3459; x_wconf 88' lang='lat' dir='ltr'>fuisse</span> <span class='ocrx_word' id='word_1_271' title='bbox 943 3418 1126 3472; x_wconf 80' lang='lat' dir='ltr'>cognoscun-</span> 
     </span>
     <span class='ocr_line' id='line_1_34' title="bbox 15 3487 1126 3561; baseline -0.007 -10"><span class='ocrx_word' id='word_1_272' title='bbox 15 3505 78 3558; x_wconf 92' lang='lat' dir='ltr'>tur,</span> <span class='ocrx_word' id='word_1_273' title='bbox 92 3490 230 3561; x_wconf 81' lang='lat' dir='ltr'>quamvls</span> <span class='ocrx_word' id='word_1_274' title='bbox 239 3507 299 3547; x_wconf 92' lang='lat' dir='ltr'>non</span> <span class='ocrx_word' id='word_1_275' title='bbox 310 3489 371 3561; x_wconf 82' lang='lat' dir='ltr'>pari</span> <span class='ocrx_word' id='word_1_276' title='bbox 383 3489 485 3560; x_wconf 85' lang='lat' dir='ltr'>gradu.</span> <span class='ocrx_word' id='word_1_277' title='bbox 515 3487 593 3544; x_wconf 87' lang='lat' dir='ltr'>Nam</span> <span class='ocrx_word' id='word_1_278' title='bbox 603 3487 843 3545; x_wconf 85' lang='lat' dir='ltr'>Subdiaconatus</span> <span class='ocrx_word' id='word_1_279' title='bbox 854 3488 893 3545; x_wconf 89' lang='lat' dir='ltr'>ad</span> <span class='ocrx_word' id='word_1_280' title='bbox 904 3489 1031 3558; x_wconf 89' lang='lat' dir='ltr'>majores</span> <span class='ocrx_word' id='word_1_281' title='bbox 1041 3488 1126 3547; x_wconf 91' lang='lat' dir='ltr'>Ordi-</span> 
     </span>
     <span class='ocr_line' id='line_1_35' title="bbox 16 3575 1123 3647; baseline -0.006 -9"><span class='ocrx_word' id='word_1_282' title='bbox 16 3599 75 3638; x_wconf 88' lang='lat' dir='ltr'>nes</span> <span class='ocrx_word' id='word_1_283' title='bbox 89 3597 108 3635; x_wconf 89' lang='lat' dir='ltr'>a</span> <span class='ocrx_word' id='word_1_284' title='bbox 123 3577 258 3635; x_wconf 90' lang='lat' dir='ltr'>Patribus</span> <span class='ocrx_word' id='word_1_285' title='bbox 272 3588 300 3635; x_wconf 92' lang='lat' dir='ltr'>et</span> <span class='ocrx_word' id='word_1_286' title='bbox 314 3577 403 3634; x_wconf 86' lang='lat' dir='ltr'>sacris</span> <span class='ocrx_word' id='word_1_287' title='bbox 414 3577 557 3635; x_wconf 89' lang='lat' dir='ltr'>Conciliis</span> <span class='ocrx_word' id='word_1_288' title='bbox 570 3576 700 3645; x_wconf 86' lang='lat' dir='ltr'>refertur,</span> <span class='ocrx_word' id='word_1_289' title='bbox 714 3575 744 3631; x_wconf 90' lang='lat' dir='ltr'>in</span> <span class='ocrx_word' id='word_1_290' title='bbox 758 3575 867 3647; x_wconf 89' lang='lat' dir='ltr'>quibus</span> <span class='ocrx_word' id='word_1_291' title='bbox 880 3587 910 3634; x_wconf 91' lang='lat' dir='ltr'>et</span> <span class='ocrx_word' id='word_1_292' title='bbox 923 3575 961 3633; x_wconf 91' lang='lat' dir='ltr'>de</span> <span class='ocrx_word' id='word_1_293' title='bbox 974 3576 1038 3632; x_wconf 87' lang='lat' dir='ltr'>aliis</span> <span class='ocrx_word' id='word_1_294' title='bbox 1053 3575 1123 3632; x_wconf 87' lang='lat' dir='ltr'>inie-</span> 
     </span>
     <span class='ocr_line' id='line_1_36' title="bbox 16 3663 547 3736; baseline -0.011 -12"><span class='ocrx_word' id='word_1_295' title='bbox 16 3665 150 3724; x_wconf 90' lang='lat' dir='ltr'>rioribus</span> <span class='ocrx_word' id='word_1_296' title='bbox 164 3663 400 3736; x_wconf 83' lang='lat' dir='ltr'>frequentissime</span> <span class='ocrx_word' id='word_1_297' title='bbox 414 3663 547 3734; x_wconf 71' lang='lat' dir='ltr'>legimus.</span> 
     </span>
    </p>
   </div>
   <div class='ocr_carea' id='block_1_11' title="bbox 120 3800 1026 3862">
    <p class='ocr_par' dir='ltr' id='par_1_11' title="bbox 120 3800 1026 3862">
     <span class='ocr_line' id='line_1_37' title="bbox 120 3800 1026 3862; baseline -0.004 -1"><span class='ocrx_word' id='word_1_298' title='bbox 120 3800 227 3861; x_wconf 83' lang='lat' dir='ltr'>CAP.</span> <span class='ocrx_word' id='word_1_299' title='bbox 245 3801 280 3862; x_wconf 83' lang='lat'>3.</span> <span class='ocrx_word' id='word_1_300' title='bbox 296 3800 477 3860; x_wconf 86' lang='lat' dir='ltr'>Ordinem</span> <span class='ocrx_word' id='word_1_301' title='bbox 501 3813 591 3858; x_wconf 87' lang='lat' dir='ltr'>vere</span> <span class='ocrx_word' id='word_1_302' title='bbox 616 3813 700 3858; x_wconf 87' lang='lat' dir='ltr'>esse</span> <span class='ocrx_word' id='word_1_303' title='bbox 727 3805 1026 3858; x_wconf 89' lang='lat' dir='ltr'>sacramentum.</span> 
     </span>
    </p>
   </div>
   <div class='ocr_carea' id='block_1_12' title="bbox 16 3921 1122 4080">
    <p class='ocr_par' dir='ltr' id='par_1_12' title="bbox 16 3921 1122 4080">
     <span class='ocr_line' id='line_1_38' title="bbox 56 3921 1122 3994; baseline -0.002 -12"><span class='ocrx_word' id='word_1_304' title='bbox 56 3923 137 3982; x_wconf 91' lang='lat' dir='ltr'>Cum</span> <span class='ocrx_word' id='word_1_305' title='bbox 153 3921 311 3994; x_wconf 87' lang='lat' dir='ltr'>Scripturae</span> <span class='ocrx_word' id='word_1_306' title='bbox 325 3922 504 3990; x_wconf 88' lang='lat' dir='ltr'>testimonio,</span> <span class='ocrx_word' id='word_1_307' title='bbox 515 3922 690 3994; x_wconf 70' lang='lat' dir='ltr'>Apostolica</span> <span class='ocrx_word' id='word_1_308' title='bbox 700 3921 866 3991; x_wconf 87' lang='lat' dir='ltr'>traditione,</span> <span class='ocrx_word' id='word_1_309' title='bbox 879 3931 908 3979; x_wconf 93' lang='lat' dir='ltr'>et</span> <span class='ocrx_word' id='word_1_310' title='bbox 920 3921 1037 3980; x_wconf 88' lang='lat' dir='ltr'>Patrum</span> <span class='ocrx_word' id='word_1_311' title='bbox 1053 3941 1122 3980; x_wconf 86' lang='lat' dir='ltr'>una-</span> 
     </span>
     <span class='ocr_line' id='line_1_39' title="bbox 16 4007 1122 4080; baseline -0.004 -12"><span class='ocrx_word' id='word_1_312' title='bbox 16 4009 95 4068; x_wconf 90' lang='lat' dir='ltr'>nimi</span> <span class='ocrx_word' id='word_1_313' title='bbox 109 4025 257 4067; x_wconf 90' lang='lat' dir='ltr'>consensu</span> <span class='ocrx_word' id='word_1_314' title='bbox 272 4009 462 4080; x_wconf 91' lang='lat' dir='ltr'>perspicuum</span> <span class='ocrx_word' id='word_1_315' title='bbox 478 4009 522 4076; x_wconf 91' lang='lat' dir='ltr'>sit,</span> <span class='ocrx_word' id='word_1_316' title='bbox 537 4026 589 4080; x_wconf 91' lang='lat' dir='ltr'>per</span> <span class='ocrx_word' id='word_1_317' title='bbox 602 4025 715 4066; x_wconf 88' lang='lat' dir='ltr'>sacram</span> <span class='ocrx_word' id='word_1_318' title='bbox 729 4007 957 4078; x_wconf 83' lang='lat' dir='ltr'>ordinationem,</span> <span class='ocrx_word' id='word_1_319' title='bbox 975 4027 1043 4080; x_wconf 85' lang='lat' dir='ltr'>quae</span> <span class='ocrx_word' id='word_1_320' title='bbox 1061 4027 1122 4067; x_wconf 88' lang='lat' dir='ltr'>ver·</span> 
     </span>
    </p>
   </div>
   <div class='ocr_carea' id='block_1_13' title="bbox 16 4194 1120 4349">
    <p class='ocr_par' dir='ltr' id='par_1_13' title="bbox 16 4194 1120 4349">
     <span class='ocr_line' id='line_1_40' title="bbox 56 4194 1120 4250; baseline -0.001 -2"><span class='ocrx_word' id='word_1_321' title='bbox 56 4207 63 4237; x_wconf 86' lang='lat'>1</span> <span class='ocrx_word' id='word_1_322' title='bbox 75 4197 191 4250; x_wconf 85' lang='lat' dir='ltr'>Parrum</span> <span class='ocrx_word' id='word_1_323' title='bbox 201 4194 397 4250; x_wconf 87' lang='lat' dir='ltr'>Tridentinum</span> <span class='ocrx_word' id='word_1_324' title='bbox 411 4195 446 4248; x_wconf 89' lang='lat' dir='ltr'>de</span> <span class='ocrx_word' id='word_1_325' title='bbox 461 4195 503 4248; x_wconf 91' lang='lat' dir='ltr'>his</span> <span class='ocrx_word' id='word_1_326' title='bbox 517 4195 672 4249; x_wconf 87' lang='lat' dir='ltr'>canonibus</span> <span class='ocrx_word' id='word_1_327' title='bbox 683 4195 874 4250; x_wconf 88' lang='lat' dir='ltr'>discussiones</span> <span class='ocrx_word' id='word_1_328' title='bbox 888 4196 971 4250; x_wconf 89' lang='lat' dir='ltr'>refert</span> <span class='ocrx_word' id='word_1_329' title='bbox 985 4197 1022 4249; x_wconf 89' lang='grc' dir='ltr'>Α.</span> <span class='ocrx_word' id='word_1_330' title='bbox 1039 4196 1064 4247; x_wconf 93' lang='lat' dir='ltr'><em>T</em></span> <span class='ocrx_word' id='word_1_331' title='bbox 1061 4194 1120 4248; x_wconf 80' lang='lat' dir='ltr'>liei·</span> 
     </span>
     <span class='ocr_line' id='line_1_41' title="bbox 16 4279 455 4349; baseline -0.002 -16"><span class='ocrx_word' id='word_1_332' title='bbox 16 4297 78 4345; x_wconf 84' lang='lat' dir='ltr'>ner‚</span> <span class='ocrx_word' id='word_1_333' title='bbox 93 4296 138 4348; x_wconf 89' lang='lat' dir='ltr'>op.</span> <span class='ocrx_word' id='word_1_334' title='bbox 152 4279 208 4345; x_wconf 80' lang='lat' dir='ltr'>cit,</span> <span class='ocrx_word' id='word_1_335' title='bbox 220 4289 238 4333; x_wconf 89' lang='lat' dir='ltr'>t.</span> <span class='ocrx_word' id='word_1_336' title='bbox 257 4280 296 4346; x_wconf 94' lang='lat'>11,</span> <span class='ocrx_word' id='word_1_337' title='bbox 308 4297 334 4349; x_wconf 89' lang='lat' dir='ltr'>p.</span> <span class='ocrx_word' id='word_1_338' title='bbox 351 4289 399 4348; x_wconf 85' lang='lat'>153</span> <span class='ocrx_word' id='word_1_339' title='bbox 413 4295 455 4347; x_wconf 90' lang='lat' dir='ltr'>sq.</span> 
     </span>
    </p>
   </div>
   <div class='ocr_carea' id='block_1_14' title="bbox 0 0 1384 4652">
    <p class='ocr_par' dir='ltr' id='par_1_14' title="bbox 0 0 1384 4652">
     <span class='ocr_line' id='line_1_42' title="bbox 0 0 1384 4652; baseline 0 7"><span class='ocrx_word' id='word_1_340' title='bbox 0 0 1384 4652; x_wconf 95' lang='lat' dir='ltr'> </span> 
     </span>
    </p>
   </div>
  </div>
 </body>
</html>
