2752 4648
256 189 326 240 406
556 153 565 159 ’
706 185 846 237 canor
863 185 904 234 11.

336 440 352 524 ξ
372 441 415 503 ΙΙ.
434 440 491 503 ΒΕ
509 453 749 504 ExTENSIONE
767 455 955 504 indecem
972 451 1270 504 corruuurours1.

301 589 444 650 Probata
468 588 667 650 necessitate
692 587 919 662 Eucharistiae,
939 587 1118 649 dicendum
1142 597 1283 667 superest
1301 585 1333 644 de

256 692 455 754 extensione
478 693 635 772 praecepti
657 701 728 754 tum
748 691 864 764 divim,
880 701 951 753 tum
973 689 1174 752 ecclesiastici
1192 689 1284 752 relate
1301 689 1331 749 ad

256 795 533 868 communionem,
549 813 679 855 necnon
696 794 737 855 de
754 794 793 855 iis
808 794 863 874 qui
881 793 1026 874 recipere
1041 791 1261 873 prohibentur.

560 957 588 1012 1.
614 955 669 1014 De
692 958 889 1026 praecepto
910 953 1055 1014 divino.

300 1093 367 1158 129.
415 1078 621 1160 Praeceptum
638 1079 788 1141 divinum
804 1079 1023 1142 Eucharistiae
1039 1080 1256 1162 suscipiendae
1269 1077 1334 1140 obli-

256 1191 314 1262 gat
329 1201 438 1262 perse
454 1194 512 1245 aut
529 1201 587 1261 per
602 1182 757 1243 accidens
775 1203 782 1242 :

304 1297 335 1344 10
351 1283 471 1346 Perse.
526 1280 591 1367 (A)
612 1282 699 1346 Illud
717 1291 922 1364 praeceptum
939 1303 998 1365 per
1013 1303 1049 1345 se
1064 1283 1194 1366 obligat
1217 1285 1250 1345 in
1264 1283 1335 1363 prri-

255 1386 326 1448 culo
339 1386 452 1448 mortis
465 1384 622 1467 proximu,
638 1395 672 1448 et
688 1383 825 1465 quidem
842 1385 904 1447 sub
919 1385 1021 1465 gravi,
1034 1384 1135 1466 juxta
1155 1385 1335 1469 probabilio-

257 1509 324 1550 rem
342 1489 542 1550 sententiam
555 1498 575 1547 ².

257 1591 307 1672 (a)
322 1591 397 1652 Hoc
412 1607 598 1671 supponere
611 1589 742 1650 videtur
755 1589 790 1652 C.
802 1589 972 1652 Nicoenmn
988 1590 1073 1669 (can.
1091 1592 1152 1671 13),
1166 1592 1198 1653 in
1211 1612 1274 1672 quo
1284 1599 1336 1651 sta-

257 1695 360 1755 tuitur
376 1701 412 1754 ut
427 1693 564 1772 antiqua
579 1691 631 1752 lex
641 1701 797 1767 servetur,
811 1712 932 1773 nempe
948 1703 985 1756 ut
1001 1694 1027 1754 si
1044 1693 1118 1774 quis
1134 1695 1294 1775 egreditur
1304 1693 1336 1752 de

257 1813 402 1875 corpore,
419 1792 593 1855 necessario
608 1792 730 1854 viatico
746 1813 812 1856 nor.
830 1795 977 1875 privetur
995 1817 1001 1856 :
1026 1794 1098 1858 haec
1113 1798 1203 1859 euim
1220 1797 1337 1875 antiqua

258 1898 313 1968 lex
328 1897 542 1958 videturesse
559 1906 762 1979 praeceptum
778 1898 923 1960 Domini.
974 1899 1073 1961 Ratio
1090 1910 1141 1963 est
1157 1901 1234 1981 quia
1249 1903 1273 1961 si
1287 1899 1337 1960 hoe

257 2009 502 2062 sacramentum
527 2001 589 2062 sub
612 2011 781 2081 praecepto
805 2002 913 2076 cadat,
928 2022 969 2064 eo
992 2001 1112 2064 saltem
1137 2013 1282 2086 tempore
1302 2021 1338 2062 re·

257 2104 321 2186 cipi
345 2104 446 2165 debet
466 2123 534 2184 quo
553 2103 659 2184 magis
676 2115 726 2165 est
750 2103 993 2179 necessarium
1020 2106 1113 2185 atqui
1138 2105 1228 2168 nulla
1251 2105 1339 2184 major

257 2214 307 2268 est
331 2204 510 2267 necessitas
527 2224 628 2285 quarn
653 2205 684 2266 in
709 2205 848 2267 articulo
873 2206 997 2284 mortis
1013 2227 1033 2268 a
1048 2228 1116 2289 quo
1139 2218 1212 2272 tota
1235 2206 1339 2290 pendet
1369 2207 1370 2301 i

258 2309 447 2383 aeternitas;
473 2327 561 2388 ergo

257 2412 308 2492 (b)
348 2410 447 2483 Hinc,
491 2410 626 2489 quando
671 2409 860 2490 periculum
900 2431 961 2472 non
1006 2420 1056 2472 est
1090 2412 1274 2492 proximum
1313 2420 1340 2470 et

258 2523 377 2575 certum
407 2511 465 2573 sed
497 2512 604 2574 solum
637 2511 819 2592 probabile,
842 2533 870 2574 v.
894 2532 923 2592 g.
947 2522 1026 2575 ante
1057 2514 1273 2595 puerperium.
1294 2521 1340 2572 aut
1368 2537 1369 2570 1

259 2618 392 2695 longam
419 2615 675 2694 navigationem,
698 2624 755 2677 aut
779 2614 943 2696 proelium,
966 2623 1076 2696 potest
1099 2615 1234 2722 quidem
1256 2614 1339 2694 recipi
1368 2595 1369 2658 l

259 2716 457 2790 communio,
484 2715 542 2778 sed
569 2715 731 2797 obligatio
757 2717 813 2779 illa
841 2736 906 2780 uon
935 2727 985 2779 est
1012 2726 1102 2779 certa
1130 2738 1192 2780 uec
1219 2717 1339 2800 proinde

259 2820 414 2901 urgenda

260 2924 308 3005 (c)
325 2923 363 2984 ln
381 2923 498 2984 eadem
520 2919 712 2982 infirmitate
729 2941 794 2982 non
811 2922 910 2983 datur
926 2918 1087 3000 obligatio
1109 2921 1160 2984 bis
1182 2919 1341 3002 recipiendi
1367 2973 1368 2980 ξ

260 3025 566 3098 viaticum,etiamsi
584 3025 741 3086 diuturna
756 3024 807 3085 sit.
853 3021 920 3105 Qui
939 3041 1045 3097 mane,
1061 3022 1112 3084 vel
1130 3025 1244 3103 paucis
1259 3031 1341 3084 antea
1367 2982 1368 3032 l

261 3130 386 3204 diebuS,
397 3149 439 3190 ex
453 3128 630 3190 devotione
643 3125 912 3199 communicavit,
922 3123 1139 3204 probabiliter
1151 3146 1216 3188 non
1229 3134 1341 3189 tenetur

261 3313 445 3368 eucharistici
457 3311 512 3365 vini
524 3312 715 3366 abhorrebant
727 3333 733 3376 ;
753 3311 896 3364 decretum
912 3309 995 3380 igitur
1006 3322 1065 3365 erat
1079 3311 1265 3383 disciplinate,
1273 3309 1340 3380 quod,
1366 3376 1367 3401 Χ

261 3399 376 3456 mutatis
389 3397 615 3462 circumstantiis,
629 3399 734 3452 aboleri
748 3410 824 3452 certo
838 3407 955 3467 poterat.

297 3489 436 3550 ¹Suares,
459 3487 530 3555 disp.
552 3489 655 3552 69·70;
679 3486 772 3558 Lego,
787 3486 858 3556 disp.
882 3487 950 3538 XVl
965 3502 974 3553 ς
996 3485 1118 3555 Drom'n,
1138 3505 1165 3558 q.
1182 3489 1264 3546 Vlll.
1278 3503 1299 3538 c.
1316 3501 1341 3539 r:

263 3575 400 3638 Belum-t,
413 3573 480 3626 diss.
497 3573 547 3638 Vl,
561 3590 584 3625 a.
601 3587 622 3636 r,
637 3571 651 3641 ᾖ
664 3588 678 3624 2
690 3591 743 3643 sq.;
764 3575 794 3627 S.
804 3573 978 3642 Alphonsus,
988 3573 1004 3626 l.
1016 3573 1067 3638 Vl,
1081 3588 1133 3643 290
1147 3592 1201 3645 sq.;
1221 3576 1251 3628 K
1248 3575 1338 3640 onings,

266 3678 331 3733 1304
345 3679 398 3732 sq.;
419 3661 513 3714 Resrlr.
528 3677 554 3715 n.
572 3662 623 3728 807
637 3677 678 3731 sq.

297 3749 385 3815 ²Qud
399 3749 433 3801 de
452 3765 480 3800 re
497 3747 593 3801 scribit
608 3751 716 3800 suarez
730 3748 814 3818 (disp.
831 3749 875 3813 69,
892 3747 959 3801 seii.
976 3763 1001 3815 3,
1018 3763 1045 3799 n.
1062 3744 1090 3813 2)
1107 3765 1113 3801 :
1133 3747 1150 3774 “
1162 3745 1300 3800 Probabile
1310 3749 1340 3796 cst

260 3838 322 3905 jure
335 3836 431 3888 divino
444 3835 562 3903 obligari
577 3834 721 3889 hominem
735 3835 771 3888 ad
786 3833 1015 3888 communionem
1029 3833 1057 3886 in
1071 3831 1190 3884 articulo
1204 3829 1307 3884 mortis.
1318 3863 1337 3876 ,-

265 3925 338 3975 Haec
351 3922 491 3975 sententia
505 3939 561 3975 non
575 3931 616 3974 est
631 3922 785 3974 admodum
800 3931 921 3988 recepta,
934 3929 962 3974 et
982 3919 1046 3974 ideo
1060 3917 1151 3972 solum
1165 3917 1241 3971 illam
1252 3914 1339 3968 affinio

265 4019 294 4061 ut
307 4007 484 4074 probabilem
494 4019 522 4060 et
535 4007 610 4074 piam
619 4008 639 4061 ³¹.
680 4008 760 4062 Ratio
771 4006 918 4060 dubitandi
932 4023 965 4059 ex
978 4023 1012 4059 eo
1025 4005 1182 4074 praesertim
1193 4003 1273 4056 oritur
1281 3993 1338 4068 quod

173 4167 175 4172 Ι
266 4095 332 4147 olim
346 4093 515 4161 quibusdam
529 4092 724 4160 peccatoribus
737 4091 870 4144 viaticum
885 4089 1097 4158 denegabatur3
1116 4089 1177 4141 haec
1191 4097 1277 4142 tamen
1294 4095 1338 4150 pra·

266 4180 308 4232 xis
323 4179 500 4230 solummodo
514 4179 615 4245 probat
628 4189 797 4246 praeceptum
812 4177 938 4231 divinum
951 4175 1089 4245 quasdam
1108 4174 1167 4243 pati
1186 4169 1338 4240 exceptiones

323 4265 449 4316 Ecclesid
463 4263 700 4326 determinandas,
716 4275 854 4332 quatenus
867 4275 910 4317 est
921 4263 990 4333 juris
1004 4260 1090 4314 divini
1104 4261 1248 4329 interpres.
