2794 4662
649 163 704 211 DE
724 160 1016 211 MATRIMONIO.

273 337 321 399 'de
345 339 430 403 ultra
454 340 602 420 pluribus
626 343 750 422 nuptiis
773 343 881 405 solent
901 341 1055 404 homines
1079 358 1216 402 movere
1232 339 1342 418 quaesti

279 458 364 503 nem.
416 441 516 506 Unde
546 454 579 506 et
611 445 751 507 breviter
782 445 1010 526 respondeam,
1042 463 1102 504 nec
1135 440 1222 502 ullas
1252 441 1335 518 nupt'

278 545 386 607 audeo
402 546 587 610 damnare...
632 548 716 630 Quis
732 550 820 610 enim
838 567 921 623 sum,
937 547 993 628 qui
1014 554 1129 628 putem
1147 542 1339 606 definiendu.

278 649 366 729 quod
385 669 445 712 nec
461 651 664 732 Apostolum
681 654 780 714 video
798 651 1007 715 definivisse?
1053 651 1113 712 Ait
1129 649 1245 710 enim:
1271 647 1336 706 mu'„

277 747 412 828 alligata
430 758 488 824 est,
503 752 663 831 quamdiu
680 752 814 831 vir'ejus
831 752 919 813 vivit.
967 749 1043 810 Non
1068 748 1157 810 dixit
1167 746 1336 827 primm-,a

275 851 440 926 secundus,
457 861 514 915 aut
538 855 654 915 tertius
676 864 733 915 aut
756 865 915 934 quartus;
938 853 1005 929 sed,
1030 854 1156 927 mulier,
1182 853 1300 932 inquit.
1314 851 1355 909 alu

276 965 354 1035 gata
378 963 437 1028 est,
454 957 612 1034 quamdiu
637 957 686 1018 vir
701 957 773 1037 ejus
797 957 898 1019 vivit:
922 958 949 1019 si
974 967 1085 1018 autem
1110 966 1267 1018 mortuus
1290 953 1355 1014 luni

274 1058 324 1119 vir
346 1056 427 1137 ejus,
451 1057 588 1120 liberata
605 1068 676 1124 est:
703 1061 754 1122 cui
779 1061 849 1122 vult
874 1060 987 1133 nubat,
1007 1069 1139 1122 tantum
1165 1059 1199 1120 in
1227 1057 1355 1118 Dominn

277 1161 410 1222 Beatior
425 1170 536 1222 autem
554 1163 623 1238 erit,
640 1164 666 1225 si
683 1164 730 1225 sic
747 1165 964 1244 permanserit
976 1176 994 1225 ¹.
1042 1162 1132 1244 Quid
1156 1162 1237 1222 huic
1255 1169 1355 1220 senten

204 1268 210 1278 ’
275 1260 339 1334 tiae,
356 1270 518 1340 quantum
543 1261 584 1322 ad
609 1261 695 1324 hanc
719 1283 786 1325 rem
811 1265 938 1337 attinet,
955 1263 1032 1324 addi
1050 1261 1100 1323 vel
1118 1260 1253 1324 detrahi
1272 1259 1343 1338 pou

248 1371 253 1386 “
275 1361 391 1442 ignoro
404 1363 429 1426 ''.
476 1363 633 1426 Fatemur
657 1367 812 1446 equidem
839 1366 1017 1452 nonnullos
1044 1367 1169 1438 Patres,
1197 1362 1343 1444 praeseni.

274 1463 420 1540 Graecos,
448 1467 560 1529 tertias
588 1468 639 1529 vel
668 1468 839 1531 ulteriores
867 1469 1001 1549 nuptias
1032 1466 1303 1548 improbavisse:
1330 1463 1346 1520 >i

273 1579 385 1630 autem
403 1571 543 1649 agendo,
556 1591 622 1632 non
641 1573 729 1652 ipsas
746 1574 904 1652 repetitas
921 1572 1055 1652 nuptias
1068 1573 1100 1632 in
1114 1591 1150 1632 se
1163 1569 1341 1632 damnabat

182 1747 184 1751 Ι
273 1671 330 1732 sed
357 1673 468 1754 potius
493 1672 649 1746 aflectum
677 1675 818 1750 illorum,
841 1675 897 1756 qui
923 1695 988 1737 non
1012 1675 1162 1737 contenti
1190 1673 1333 1754 primist

273 1776 427 1837 secundis
444 1777 578 1857 nuptiis,
595 1798 661 1840 non
679 1799 722 1840 ex
740 1778 925 1840 intentione
949 1778 1074 1859 prolem
1092 1776 1305 1858 suscipiendi,
1319 1771 1356 1832 sel

272 1879 451 1958 explendae
476 1880 622 1943 libidinis
650 1887 758 1956 causa,
782 1883 915 1946 tertium
942 1892 1000 1944 aut
1027 1891 1182 1962 quartum
1212 1881 1356 1942 matrim

272 1982 364 2044 nium
383 1984 464 2045 inire
480 1985 637 2048 volebant
650 1999 672 2048 ².

271 2085 322 2164 (b)
337 2084 532 2150 Doctrinam
546 2087 705 2150 Ecclesiae
717 2089 779 2152 hac
792 2089 834 2152 de
847 2110 881 2151 re
896 2090 941 2152 sic
959 2089 1113 2151 enuntiat
1122 2087 1157 2150 E
1158 2087 1322 2170 agemus!
1326 2084 1335 2145 l

271 2191 287 2217 “
307 2187 524 2252 Declaramus
548 2211 613 2252 non
638 2192 746 2254 solum
773 2192 945 2266 secundas,
964 2192 1022 2254 sed
1046 2191 1162 2253 tertias
1186 2201 1223 2252 et
1247 2199 1352 2271 quarta-

270 2300 371 2372 atqne
387 2293 569 2368 ulteriores
582 2295 608 2356 si
625 2295 760 2376 aliquod
778 2297 1054 2377 impedimentum
1073 2315 1139 2357 non
1157 2294 1350 2368 obstat,licitt

270 2397 419 2458 contrahi
437 2417 544 2478 posse.
583 2399 893 2463 Commendatiores
910 2410 1021 2462 tamen
1036 2400 1187 2472 dicimus,
1201 2401 1230 2461 si
1245 2398 1357 2461 ulterius

270 2517 288 2558 a
305 2497 471 2578 conjugiis
487 2501 703 2576 abstinentes,
720 2503 752 2564 in
770 2505 925 2566 castitate
941 2503 1183 2584 permanserint
1199 2504 1225 2564 ’'.

314 2596 378 2684 (C)
396 2601 472 2664 Rat.
491 2602 579 2666 theol.
628 2603 782 2685 Insped'td
806 2605 913 2668 solum
933 2609 1050 2668 natura
1067 2625 1185 2678 rernm,
1205 2605 1251 2666 nil
1268 2601 1348 2685 prohi-

268 2701 324 2764 bet
340 2703 418 2783 quin
437 2705 563 2767 iteratae
576 2709 702 2788 nuptiae
715 2707 836 2771 liceant
850 2729 857 2786 ;
880 2728 957 2770 nam
974 2728 1018 2770 ex
1035 2712 1100 2770 una
1117 2717 1215 2789 parte
1232 2708 1344 2790 primur

267 2806 446 2883 vinculum,
474 2819 606 2872 mortuo
633 2811 738 2872 altero
765 2811 956 2892 conjugum,
983 2812 1130 2874 solutum
1160 2811 1247 2888 suit;
1271 2821 1299 2871 et
1320 2827 1345 2867 n·

266 2909 369 2972 altera
389 2932 494 2974 novus
517 2933 698 2976 consensus
723 2915 976 2977 matrirnonialis
999 2915 1085 2976 inter
1104 2923 1219 2995 partes
1242 2913 1343 2975 aliunde

265 3011 392 3075 habiles
416 3017 564 3095 praestari
587 3027 721 3098 potest;
746 3019 813 3081 imo
837 3020 1037 3100 quandoque
1061 3019 1132 3100 ipsa
1157 3029 1275 3082 natura
1295 3035 1342 3076 sua·

265 3115 323 3177 det
339 3127 374 3178 ut
391 3117 460 3179 sive
476 3120 518 3180 ad
536 3122 801 3200 procreationem
822 3122 932 3203 prolis,
949 3123 1016 3184 sive
1034 3124 1074 3184 ad
1093 3123 1341 3185 incontinentiam

264 3217 447 3294 vitandam,
464 3239 587 3282 novum
606 3223 735 3285 ineatur
751 3223 866 3287 foedus.

1339 2083 1352 2104 'U

1336 2107 1351 2120 Ἰ

398 3373 413 3462 ξ
443 3378 486 3440 ll.
511 3379 568 3440 DE
593 3393 828 3442 ltATRIMONII
853 3393 1241 3444 1uu1ssocunnnrarn.

306 3541 355 3606 49.
411 3527 615 3588 Matrimonii
648 3527 931 3590 indissolubilitati
968 3529 1149 3610 opponitur
1181 3529 1338 3591 divortinn

262 3627 350 3707 qnod
370 3628 492 3709 triplex
510 3629 668 3709 distingui
686 3629 789 3691 solet:
806 3631 986 3693 divortium
1003 3631 1113 3711 quoad
1124 3633 1335 3694 vinculantur

255 3730 397 3810 plenum,
410 3750 477 3811 quo
490 3732 744 3794 matrimonialis
761 3734 840 3794 unio
857 3733 901 3794 ita
918 3734 1057 3796 solvitur
1072 3743 1109 3795 ut
1127 3755 1224 3797 novae
1240 3731 1335 3816 possint

262 3832 333 3893 iniri
359 3835 505 3915 nuptiae;
528 3835 706 3898 divortium
733 3835 838 3915 quood
857 3847 973 3912 lorrnn,
989 3857 1045 3900 seu
1066 3841 1234 3918 separatio
1248 3859 1265 3898 a
1279 3845 1334 3896 toro.

278 3952 398 3960 -·——
526 3957 952 3966 --—--.-—-...—.....-——
970 3959 1278 3967 —-..—b.--

296 4002 303 4032 ¹
320 3998 381 4050 Cor.
397 4000 465 4062 Vll,
480 4015 570 4068 39-40.

295 4081 418 4152 ²Qnoad
443 4085 600 4155 praecipuos
622 4098 713 4143 textus
735 4091 857 4152 Patrum,
877 4091 923 4160 qui
943 4091 1076 4159 repetitas
1096 4091 1210 4160 nuptias
1229 4091 1332 4143 damian

260 4171 398 4236 videntur,
412 4172 446 4226 cl'.
465 4174 578 4226 Dronin
592 4187 619 4228 et
634 4177 764 4244 Perronc,
778 4179 795 4230 l.
810 4177 856 4232 cit:

294 4251 304 4281 ³
319 4259 430 4312 Decret.
445 4275 495 4327 pro
508 4260 651 4328 Jacobitis.
