2776 4644
248 115 293 165 33
716 116 856 166 CAPUT
874 117 897 165 1.

249 291 302 370 (h)
327 291 447 353 Paulus
471 292 620 356 Gentiles
644 293 863 373 reprehendit.
888 295 995 374 “quia
1018 314 1094 355 cum
1119 295 1344 375 cognovissent

251 391 373 464 Deum,
389 410 455 452 non
472 393 557 455 sicut
575 393 685 455 Deum
702 393 970 474 glorificaverunt
982 395 1020 436 ”1
1036 416 1043 470 ;
1067 396 1160 475 atqui
1178 397 1204 457 si
1222 396 1344 475 incapa-

250 513 305 554 ces
331 491 469 556 luissent
494 494 618 575 aliquid
647 495 724 557 boni
753 517 919 578 peragere,
943 515 1009 557 non
1034 498 1223 577 potuissent
1246 516 1344 576 repre·

251 594 352 657 hendi
369 597 457 674 quod
481 596 560 659 illud
582 598 813 678 neglexerint;
836 620 925 681 ergo.
973 599 1114 680 Insuper
1130 601 1174 661 de
1191 599 1345 662 Gentibus
1377 597 1378 614 ¹

252 699 285 760 in
302 716 432 777 genere,
444 719 482 760 ac
495 701 633 779 proinde
650 701 691 761 de
708 701 755 761 eis
772 721 846 782 quae
863 711 957 762 erant
973 701 1075 762 etiam
1092 699 1161 763 fide
1175 702 1345 762 destituta,

252 801 322 863 ait:
346 804 362 830 “
373 799 457 863 Cum
474 805 562 866 enim
581 804 714 878 Gentes,
731 825 805 886 quae
823 803 930 885 legem
955 823 1021 865 non
1046 805 1183 878 habent,
1199 805 1344 866 naturali·

253 913 303 965 ter
319 921 365 976 ea,
382 922 456 983 quae
474 905 555 987 legis
571 917 658 982 sunt,
674 907 808 980 faciunt,
825 906 989 986 ejusmodi
1010 906 1117 986 legem
1141 926 1209 968 non
1231 907 1344 968 haben·

254 1015 312 1080 teS,
336 1005 398 1085 ipsi
422 1009 482 1069 sibi
508 1019 585 1072 sunt
609 1010 663 1071 lex
676 1009 738 1084 ’'²;
770 1010 862 1089 atqui
888 1010 931 1070 ibi
957 1008 1133 1072 manifeste
1157 1012 1346 1091 supponitur

254 1107 403 1170 Gentiles
414 1110 539 1191 aliquot
552 1132 653 1193 opera
664 1112 744 1192 legis
759 1111 928 1184 naturalis,
938 1131 976 1172 ac
987 1112 1127 1192 proinde
1141 1113 1265 1193 aliquid
1278 1112 1344 1172 boni

254 1208 409 1292 perficere
425 1226 546 1294 posses
563 1237 569 1291 3
593 1235 679 1296 ergo,
1379 1279 1380 1282 ,

297 1311 357 1393 (Β)
386 1315 416 1375 T
414 1319 483 1379 rad.
531 1319 585 1380 Ex
614 1317 830 1380 damnatione
857 1316 1028 1397 sequentis
1053 1316 1135 1396 ani
1157 1318 1344 1397 propositio

254 1415 327 1476 nis:
350 1420 492 1481 “omnia
516 1419 696 1482 infidelium
721 1439 822 1501 opera
843 1429 920 1480 sunt
937 1428 1075 1498 peccata
1091 1427 1125 1480 et
1142 1419 1345 1500 philosopho

254 1538 326 1580 rum
354 1520 491 1584 virtutes
519 1533 596 1584 sunt
619 1524 750 1598 vitia’';
778 1533 867 1583 certa
891 1523 1064 1601 igiturest
1088 1519 1345 1589 contradictoria,

254 1619 379 1683 scilicet
402 1624 528 1705 aliquot
551 1626 667 1688 saltem
693 1623 874 1686 infidelium
899 1643 1000 1705 opera
1022 1643 1087 1685 non
1109 1633 1187 1685 sunt
1211 1633 1345 1704 peccata.

255 1723 428 1807 (Dertaing.
445 1729 531 1808 905).

299 1825 356 1906 (C)
373 1829 449 1890 Rat.
469 1830 498 1892 T
495 1831 569 1892 lecol.
610 1831 657 1894 Ut
673 1828 761 1891 aetio
777 1830 819 1891 sit
836 1828 1006 1891 moraliter
1022 1828 1119 1903 bona,
1130 1827 1253 1891 sufficit
1268 1839 1301 1890 ut
1313 1829 1346 1888 sit

256 1929 395 1992 honesta
418 1953 462 1994 ex
486 1943 580 2015 parte
603 1932 721 2014 objecti,
733 1931 819 2012 finis
841 1942 875 1993 et
898 1931 1238 2004 circumstantiarum;
1265 1932 1345 2011 atqui

255 2033 326 2094 haec
350 2035 411 2097 tria
436 2037 571 2098 inveniri
598 2043 737 2116 possunt
760 2037 792 2096 in
818 2032 966 2109 infideli;
989 2031 1040 2112 (a)
1057 2043 1168 2112 potest
1192 2034 1344 2113 siquidem

256 2134 410 2218 perficere
426 2160 527 2220 opera
543 2136 705 2218 objective
722 2146 755 2198 et
772 2135 986 2198 materialiter
1002 2135 1099 2210 bona,
1116 2144 1152 2197 ut
1173 2135 1344 2215 eleemosy-

257 2259 343 2313 nam,
367 2243 536 2304 caritatem
560 2262 638 2322 erga
663 2250 816 2322 parentes
840 2247 912 2316 etc.;
940 2237 992 2318 (b)
1016 2239 1151 2319 insuper
1175 2237 1274 2301 finem
1298 2239 1344 2298 ho·

257 2354 388 2405 nestum
406 2347 590 2408 naturalem
607 2345 669 2406 sibi
686 2340 852 2424 praeficere
865 2349 984 2420 potest,
998 2361 1025 2402 v.
1036 2359 1066 2420 g.
1079 2339 1160 2400 dum
1178 2339 1258 2402 sa'cit
1274 2341 1343 2401 elee-

257 2467 442 2528 mosynam,
458 2449 720 2510 sublevationem
745 2445 900 2524 pauperis
925 2442 1096 2503 intendere
1120 2451 1241 2521 potest.
1287 2443 1344 2504 Nec

255 2551 383 2610 dicatur
399 2550 564 2612 infidelem
590 2549 775 2612 necessario
799 2547 917 2608 referre
938 2543 1049 2607 actum
1072 2564 1169 2606 suum
1193 2548 1234 2608 ad
1261 2546 1344 2614 idola,
1383 2529 1384 2562 ³

256 2673 331 2736 qna·
355 2654 456 2730 colit;
488 2673 564 2715 nam
589 2653 750 2734 imprimis
775 2653 860 2712 inter
884 2648 1041 2711 Infideles
1065 2649 1279 2710 inveniuntur
1300 2647 1343 2727 qui

258 2775 358 2820 unum
384 2776 496 2818 verum
523 2757 631 2818 Deum
656 2763 848 2836 agnoscant,
872 2763 908 2815 ut
933 2751 1188 2826 Mahumetani;
1217 2753 1344 2831 insuper,
1382 2743 1384 2838 l

257 2859 385 2920 etiamsi
403 2860 475 2940 quis
493 2860 580 2921 idola
597 2859 695 2932 colat,
709 2877 774 2917 non
788 2855 974 2917 necessario
987 2853 1115 2935 perficit
1128 2855 1242 2916 omnia
1258 2871 1343 2935 opera
1383 2843 1384 2898 ἶ

258 2983 315 3024 sna
333 2963 373 3024 ad
391 2961 481 3024 salsis
498 2962 687 3024 numinibus
704 2960 920 3042 placendum;
941 2977 1002 3019 nos
1018 2957 1106 3017 enim
1124 2975 1189 3017 non
1208 2957 1343 3019 elicimus

256 3085 369 3128 oritura
389 3083 490 3144 opera
512 3075 625 3126 nostra
649 3073 784 3145 propter
801 3061 921 3134 Deum,
938 3061 995 3122 sed
1020 3059 1202 3139 aliquando
1226 3068 1344 3141 propter

257 3169 356 3234 alliun
376 3167 490 3244 fincm3
515 3171 560 3230 ita
578 3169 699 3247 pariter
715 3167 757 3228 de
773 3162 912 3238 infideli;
930 3182 995 3223 non
1013 3182 1143 3242 semper
1154 3172 1192 3224 'et
1209 3179 1342 3224 necessa·

256 3363 340 3416 strati,
362 3351 428 3420 quia
449 3367 503 3402 non
526 3362 635 3404 constat
656 3350 813 3419 hujusmodi
838 3348 1003 3402 obstetrices
1025 3347 1110 3399 luisse
1134 3346 1267 3401 infideles.
1308 3343 1341 3396 Ci.

259 3443 389 3506 tilliano,
410 3438 429 3490 l.
444 3437 489 3490 cit.
507 3455 532 3488 n.
548 3451 588 3501 27.

293 3528 298 3552 ⁶
316 3527 393 3580 sr'mlt.
413 3524 433 3588 l,
448 3537 489 3576 21.
507 3553 538 3560 --
552 3519 561 3544 ²
575 3525 652 3576 lt'tlm.
672 3525 708 3590 ll,
725 3539 763 3588 ld.

296 3613 388 3668 'llwc
407 3621 448 3664 est
469 3611 543 3662 enirn
563 3611 719 3663 communis
740 3607 939 3678 interpretatio,
953 3623 1016 3674 quae
1036 3623 1104 3659 sane
1124 3615 1184 3659 tuta
1203 3617 1255 3668 est,
1271 3617 1342 3673 quum
1383 3653 1384 3676 ,

258 3707 392 3757 rlmmnna
404 3695 484 3748 inerit
495 3695 555 3748 lta-c
567 3697 624 3748 llaii
638 3695 806 3765 propositio:
824 3695 919 3746 “Cum
933 3692 1047 3759 Pelagio
1059 3691 1183 3744 sentiunt
1193 3692 1240 3761 qni
1251 3701 1342 3744 textum

260 3783 385 3864 aptandi
401 3781 435 3832 ad
454 3783 533 3836 ltorn.
553 3783 591 3845 ll,
610 3781 625 3808 “
638 3785 743 3836 (lentes
756 3799 818 3850 qnae
833 3780 923 3847 legem
943 3795 999 3832 non
1017 3779 1133 3844 habent,
1146 3778 1342 3830 naturaliterea

259 3897 310 3954 utto
335 3873 351 3924 le
361 3887 403 3932 pn
418 3879 478 3919 sunt
494 3869 598 3921 iaciunt
610 3865 631 3934 '’‚
646 3869 803 3935 intelligunt
823 3869 857 3920 de
872 3868 1011 3922 Gentibus
1025 3867 1089 3920 fidei
1103 3864 1224 3934 gratiam
1239 3880 1291 3917 non
1304 3863 1341 3912 lta·

260 3962 388 4026 tornulo
406 3956 410 3976 ¹
432 3957 438 3995 t
445 3955 579 4022 ltenn'ng.
595 3959 666 4020 τρὶ).
709 3957 783 4008 Sane
798 3956 913 4016 Gentes,
929 3971 992 4022 quae
1005 3955 1098 4020 legem
1111 3969 1167 4004 non
1181 3952 1294 4011 habent,
1305 3947 1341 3998 rle·
1383 3915 1384 4010 l

261 4051 368 4123 natust*
398 4037 505 4060 ‘'⁸⁸¹²''
552 4057 605 4092 non
632 4055 792 4104 conversos,
818 4055 904 4107 quum
931 4040 958 4107 ii,
984 4041 1032 4109 qui
1064 4038 1246 4092 christianam
1270 4035 1340 4088 fidem

262 4157 290 4204 ,p
545 4125 651 4178 'ariana
674 4125 726 4190 legi
750 4127 904 4180 subdantur
928 4144 979 4180 nec
1003 4127 1058 4180 dici
1083 4125 1192 4195 possint
1215 4125 1274 4178 sine
1290 4121 1340 4184 lege
