2770 4646
712 188 851 239 CAPUT
867 189 904 237 ΙΙ.

258 369 310 450 ((1)
328 369 383 431 Ad
403 369 557 434 Ordinem
573 367 747 450 requiritur
762 369 879 431 saltem
893 370 1033 432 intentio
1045 369 1224 433 habitualis
1235 382 1332 451 expres·
1372 403 1373 448 l

257 493 303 548 sa,
319 473 397 553 quia
413 472 521 535 nullus
537 472 670 534 adultus
685 482 804 554 potest,
819 472 890 534 sine
906 473 1064 554 explicita
1080 474 1259 549 voluntate,
1272 494 1331 535 con·

258 575 386 638 trahere
402 595 518 656 graves
534 575 708 638 sacerdotii
723 575 951 656 obligationes.
1372 639 1373 652 ,

301 680 360 760 (C)
373 677 573 742 Nullomodo
585 687 696 742 autem
710 679 884 760 requiritur
895 679 1027 741 attentio
1039 680 1081 742 ad
1093 679 1237 742 validam
1249 699 1333 740 susce-
1372 739 1373 744 ,

258 782 407 862 ptionem
424 783 717 865 sacramenti,quia
732 804 776 846 ex
792 779 899 858 diuis,
911 783 952 845 ad
966 781 1077 846 actum
1088 803 1164 846 vere
1174 785 1332 846 humanum

258 883 378 946 sufficit
394 879 535 947 intentio
551 905 611 948 nec
627 887 800 967 requiritur
814 887 964 949 attentio.
1008 885 1107 949 Unde
1123 887 1231 950 valide
1246 885 1333 948 absol·

258 998 378 1050 vuntur
400 989 456 1069 qui
480 987 711 1053 distractiones
735 990 906 1071 patiuntur
932 990 1005 1071 ipso
1027 991 1164 1054 instanti
1188 1011 1253 1072 quo
1273 989 1334 1070 ipsis

259 1091 425 1155 absolutio
440 1093 542 1154 datur.
1372 1145 1373 1156 ,

303 1211 369 1259 111.
418 1207 453 1256 20
474 1194 536 1256 Ad
553 1195 730 1257 liceitatem.
775 1195 835 1275 (A)
863 1193 918 1258 Ad
946 1195 1069 1258 licitam
1096 1205 1130 1259 et
1154 1193 1333 1259 fructuosam

259 1297 481 1379 receptionem
512 1299 708 1360 sacramenti
738 1307 937 1360 mortuorum
964 1299 1139 1379 requiritur
1169 1299 1202 1360 in
1233 1296 1334 1360 adultis

258 1398 376 1460 saltem
398 1399 523 1461 attritio
539 1400 804 1480 supernaturalis,
819 1420 894 1481 quae
918 1401 989 1482 ipsa
1012 1401 1240 1482 praesupponit
1260 1397 1335 1462 ailus

249 1502 342 1584 fidei,
357 1503 433 1582 spei,
448 1512 481 1565 et
489 1503 692 1583 penitentiae.
739 1503 873 1566 Etenim
898 1503 953 1565 illa
976 1513 1185 1567 sacramenta
1203 1504 1243 1566 ad
1257 1502 1335 1583 justi·

257 1603 445 1667 ficationem
459 1597 707 1687 producendam
720 1607 922 1668 ordinantur.
958 1605 1065 1686 Atqui
1072 1605 1265 1686 justificatio
1276 1624 1335 1684 sup·

252 1709 353 1789 vponit
376 1707 469 1772 adius
492 1707 576 1784 fidei,
596 1709 666 1790 spei
690 1718 723 1770 et
746 1709 961 1790 poenitentiae,
984 1717 1022 1770 ut
1045 1709 1077 1769 in
1103 1707 1156 1770 Tr.
1178 1708 1216 1770 de
1237 1706 1335 1770 Grani

258 1811 435 1892 probatum
451 1821 510 1875 est,
556 1811 656 1891 Ergo.

302 1914 361 1994 (B)
387 1913 442 1976 Ad
465 1914 588 1976 licitam
611 1922 644 1976 et
668 1910 868 1991 fructuosam
889 1913 1112 1994 receptionem
1134 1922 1336 1976 sacramento·

260 2037 331 2078 rum
348 2017 507 2091 vivorum,
523 2017 698 2097 requiritur
718 2035 761 2078 ex
783 2037 818 2078 se
837 2025 943 2078 status
955 2017 1091 2096 gratim
1115 2019 1200 2079 ratio
1215 2027 1263 2079 est
1276 2017 1336 2096 quia

258 2120 330 2182 haec
346 2121 542 2184 ordinantur
557 2121 599 2182 ad
616 2121 804 2202 augendam
821 2120 961 2201 gratiam
977 2140 991 2195 ;Ι
1006 2139 1085 2201 ergo
1104 2119 1195 2182 illam
1212 2138 1336 2200 praesup·

258 2233 395 2304 ponunt.
442 2224 561 2305 Inepte
577 2222 677 2303 igitur
692 2243 753 2284 nos
767 2221 1010 2284 calumniantur
1027 2222 1259 2296 Protestantes,
1272 2222 1335 2283 dun

259 2326 374 2388 dicunt
399 2345 474 2389 cum
502 2326 638 2408 Hodgc¹
664 2325 764 2406 juxta
793 2323 990 2387 catholicam
1018 2321 1204 2387 doitrinam
1232 2323 1335 2386 nullan

259 2429 377 2509 requiri
396 2427 506 2504 fidem,
521 2438 579 2492 aut
602 2429 790 2491 interiorem
815 2426 1066 2509 dispositionem
1091 2427 1133 2490 ad
1156 2425 1335 2490 fructuosam

259 2540 541 2594 sacramentorum
566 2531 798 2613 receptionem.
845 2529 960 2593 Status
977 2528 1065 2591 enim
1081 2529 1199 2611 gratiae
1215 2539 1263 2590 est
1276 2545 1336 2589 vera

259 2641 293 2694 et
316 2631 451 2695 interior
471 2633 656 2715 dispositio,
671 2652 746 2713 quae
763 2630 990 2714 praesupponit
1006 2650 1072 2694 non
1089 2631 1197 2694 solum
1204 2631 1299 2713 fidem
1311 2637 1337 2690 et

301 2835 360 2920 (C)
389 2837 498 2901 Grave
521 2838 727 2919 sacn'legium
753 2837 944 2911 committit,
969 2836 1026 2917 qui
1052 2836 1238 2900 voluntarie
1265 2841 1337 2896 caret

258 2941 531 3022 dispositionibus
555 2941 685 3016 debitis,
701 2950 734 3002 et
758 2941 804 3003 ita
826 2941 955 3003 obicem
978 2939 1074 3021 ponit
1096 2937 1228 3002 effedtui
1249 2955 1337 2999 sacra·

260 3045 379 3121 mentl;
400 3055 450 3107 est
465 3046 554 3107 enim
571 3045 680 3125 gravis
696 3043 906 3105 irreverentia
921 3063 999 3124 erga
1015 3052 1266 3116 sacramentum,
1278 3059 1336 3122 gra·

259 3145 375 3226 visque
390 3147 505 3226 gratiae
521 3147 652 3210 abusus.

359 3324 446 3402 Art.
473 3323 527 3402 ΙΙ.
554 3325 617 3402 De
642 3325 892 3424 susceptione
918 3343 1254 3403 sacramentorum

669 3441 716 3519 ab
738 3440 951 3538 indignis2.

304 3619 448 3682 Ministri
479 3618 606 3700 indigni
638 3629 716 3682 sunt
752 3618 882 3681 tolerati
919 3618 960 3681 ab
992 3617 1152 3694 Ecclesia,
1183 3619 1234 3682 vel
1263 3635 1338 3679 non:

259 3725 317 3806 (A)
333 3724 410 3786 Non
427 3723 555 3802 tolerati
572 3724 594 3784 ii
616 3732 694 3785 sunt
716 3723 773 3803 qui
797 3722 928 3802 publice
951 3717 994 3784 ad
1017 3719 1142 3785 sedtam
1167 3722 1337 3784 haereticam

259 3839 316 3890 aut
340 3827 582 3890 schismaticam
602 3825 777 3908 pertinent,
792 3824 844 3887 vel
860 3825 992 3888 luerunt
1008 3826 1207 3888 nominatim
1223 3839 1339 3886 excom·

261 3931 428 4006 munienti,
444 3930 594 4011 suspensi
618 3938 675 3991 aut
697 3925 871 3991 interdicti.
916 3929 976 4012 (B)
998 3927 1029 3990 Τ
1026 3927 1143 3991 olerati
1156 3929 1178 3991 ii
1194 3939 1269 3991 sunt
1287 3924 1339 4007 qui,

258 2746 353 2816 spem,
368 2736 425 2798 sed
442 2736 543 2798 etiam
559 2736 727 2798 caritatem
743 2745 777 2798 et
784 2735 908 2815 peccati
920 2735 1081 2796 sinceram
1096 2733 1325 2796 detestationem.

296 4121 303 4144 ¹
318 4117 438 4184 System.
454 4115 537 4169 theol.
551 4117 604 4168 vol.
624 4117 678 4178 ΙΙΙ,
691 4133 718 4185 p.
737 4127 860 4183 511=514.

294 4209 304 4232 ²
319 4205 349 4255 S.
367 4201 502 4269 Alplons.
516 4203 534 4258 l.
551 4203 705 4268 V1,88-89;
725 4203 864 4271 Konings,
878 4220 905 4254 n.
923 4215 987 4271 1²43
1001 4217 1057 4270 sq.;
1077 4201 1168 4254 Marc.
1179 4217 1207 4254 n.
1223 4213 1337 4270 1439sq.;

261 4287 373 4342 Lehma
388 4303 415 4340 n.
433 4299 445 4353 5
450 4300 475 4351 3·
481 4299 526 4354 54;
547 4287 660 4352 Sabelli,
674 4305 698 4340 n.
714 4287 772 4356 648.
