2758 4652
259 189 325 242 596
685 191 741 242 DE
759 191 935 242 ORDINE.

257 381 335 454 post
350 373 516 452 descripta
533 371 750 435 Sacerdotum
767 373 884 449 officia,
901 374 971 436 haec
987 373 1088 436 habet
1101 387 1131 438 ¹:
1154 381 1168 405 “
1181 377 1245 437 Nec
1261 380 1339 458 quis-

257 493 358 556 quam
383 475 484 536 sumit
506 473 568 536 sibi
592 473 762 549 honorem,
777 476 833 539 sed
855 476 912 557 qui
930 486 1065 538 vocatur
1077 498 1098 538 a
1113 477 1182 541 Deo
1196 489 1339 559 tanquam

258 577 373 656 Aaron
384 578 408 640 ”.

299 693 330 760 ⁶.
378 689 443 780 (Β)
468 695 552 756 Ritu
571 694 702 775 specrizli
719 691 895 756 consecrati
913 701 1008 760 srmt;
1034 712 1111 753 nam
1133 694 1209 774 ipsis
1226 705 1261 756 et
1281 697 1342 776 qui-

256 797 333 860 dem
350 797 429 858 solis
444 807 479 859 et
494 816 607 859 eorum
628 795 872 859 successoribus
893 795 973 857 data
995 793 1057 858 luit
1078 807 1224 876 potestas
1239 819 1343 860 conse-

256 900 379 976 crandi,
395 899 446 961 his
462 900 569 962 verbis
582 911 614 964 ²:
640 900 747 962 “Hoc
766 899 863 961 facite
884 897 916 958 iu
939 917 1047 959 meam
1069 903 1343 962 commemoratio

256 1004 380 1082 nem'’;
402 1003 482 1084 ipsis
505 1013 622 1084 postea
644 1001 765 1065 collata
788 1001 849 1066 luit
870 1011 1017 1083 potestas
1033 1013 1171 1083 peccata
1187 1006 1344 1066 remitten-

256 1107 312 1170 di:
342 1107 506 1186 siquidem
532 1105 682 1169 Christus
708 1107 740 1170 in
766 1105 855 1188 ipsos
882 1103 1071 1178 insufflavit,
1095 1117 1128 1168 et
1155 1108 1244 1170 dixit
1267 1109 1344 1169 eis32

255 1208 440 1289 “Accipite
462 1207 623 1288 Spiritum
646 1207 688 1284 S,
709 1226 847 1288 quorum
868 1208 1058 1269 remiseritis
1079 1218 1225 1288 peccata,
1246 1213 1345 1272 remit-

256 1319 370 1372 tuntur
385 1311 432 1372 eis
445 1311 469 1374 ’'.
516 1309 605 1372 Hinc
627 1310 762 1390 quando
784 1310 916 1372 diaconi
939 1309 982 1372 ab
1009 1312 1080 1392 ipsa
1103 1311 1201 1392 plebe
1224 1311 1345 1375 suerunt

254 1412 360 1490 electi,
371 1434 508 1476 munera
520 1434 580 1476 sua
591 1433 745 1476 exercere
758 1433 824 1475 non
841 1423 1022 1494 potuerunt
1037 1414 1100 1475 nisi
1116 1424 1297 1495 postquam
1312 1415 1347 1474 ab

257 1515 430 1597 Apostolis
450 1537 507 1596 per
523 1517 770 1597 impositionem
793 1537 953 1580 manuum
975 1517 1159 1580 consecrati
1180 1517 1346 1580 lueruntl:

255 1619 357 1680 “Hos
373 1629 559 1682 statuerunt
582 1628 659 1681 ante
682 1618 897 1701 conspectum
914 1619 1166 1702 Apostolorum,
1181 1631 1217 1683 et
1231 1633 1349 1683 oranter

255 1721 475 1803 imposuemnt
501 1723 547 1784 eis
573 1721 726 1786 manus’'.
780 1721 926 1785 Aliunde
956 1722 1042 1784 hanc
1073 1724 1228 1786 eamdem
1260 1724 1349 1784 fuisse

254 1825 387 1905 praxim
412 1825 546 1904 quando
570 1825 728 1906 Episcopi
751 1825 801 1886 vel
826 1825 1011 1906 Presbyteri
1035 1826 1077 1886 ad
1105 1846 1243 1888 munera
1267 1847 1350 1888 sacra
1375 1877 1376 1880 η

255 1926 503 2007 deputabantur
518 1926 645 2008 patebit
660 1947 704 1989 ex
721 1927 870 1990 textibus
886 1929 918 1990 in
935 1929 1086 2010 sequenti
1106 1929 1192 1992 thesi
1208 1931 1350 1992 citandis
1375 1903 1376 1940 l

297 2051 326 2120 7.
375 2039 440 2128 (C)
457 2043 519 2106 Ad
529 2043 678 2124 specialia
701 2043 815 2106 numia
827 2045 971 2123 suerunt
986 2043 1152 2124 deputat&
1174 2045 1265 2126 quod
1282 2065 1351 2105 con-

255 2157 322 2210 stat
337 2167 380 2208 ex
398 2146 548 2209 textibus
560 2147 630 2226 jam
647 2147 765 2222 allatis,
774 2167 819 2209 ex
832 2146 951 2228 quibus
964 2156 1057 2229 patet
1075 2147 1250 2228 Apostolis
1267 2159 1351 2229 pote-

255 2259 376 2312 statem
391 2248 630 2311 Eucharistiam
646 2250 859 2312 consecrandi
875 2260 909 2313 et
924 2261 1061 2331 peccata
1075 2252 1269 2313 remittendi
1282 2271 1351 2312 con-

255 2372 382 2414 cessam
399 2351 506 2426 suisse,
521 2361 555 2415 et
571 2353 703 2434 insuper
718 2374 762 2414 ex
778 2352 1015 2433 sequentibus:
1041 2352 1250 2416 “Attendite
1266 2355 1350 2415 vobis

254 2467 288 2516 et
312 2457 464 2518 universo
487 2455 589 2536 gregi,
605 2455 637 2516 in
659 2475 726 2536 quo
746 2476 805 2517 vos
825 2455 968 2537 Spiritus
985 2455 1017 2518 S.
1034 2457 1147 2536 posuit
1165 2456 1350 2538 Episcopus.

255 2579 360 2638 regere
375 2558 549 2620 Ecclesiam
565 2557 632 2620 Dei
642 2559 699 2635 ”⁵3
724 2558 806 2622 “Sic
825 2577 886 2618 nos
902 2558 1074 2619 existimet
1090 2557 1194 2620 homo
1210 2569 1248 2620 ut
1265 2560 1348 2620 mini·

255 2672 340 2724 stros
362 2661 484 2724 Christi
504 2671 537 2723 et
559 2661 791 2742 dispensatores
813 2661 1037 2740 mysteriorum
1054 2661 1122 2722 Dei
1130 2661 1191 2738 ”⁶;
1214 2661 1348 2724 “Omni-

256 2765 407 2846 pontilex
424 2786 468 2827 ex
485 2764 675 2828 hominibus
691 2774 891 2845 assumptus,
903 2785 963 2846 pro
978 2764 1170 2826 hominibus
1186 2767 1348 2827 constitui-

255 2879 308 2932 tur
323 2869 355 2931 in
374 2870 411 2930 iis
427 2889 501 2950 quae
518 2869 654 2932 suntad
672 2868 792 2944 Deum,
802 2877 838 2930 ut
849 2865 967 2929 offerat
982 2865 1072 2928 dona
1087 2877 1121 2930 et
1137 2865 1298 2930 sacrificia
1310 2868 1346 2926 ”7,

256 2973 311 3034 Ex
328 2973 448 3055 quibus
463 2972 629 3053 colligitur
644 2971 828 3033 clericalem
845 2973 995 3033 ordinem
1015 2969 1107 3031 laicis
1128 2990 1283 3050 praeesse,
1298 2973 1347 3031 eis-

254 3075 331 3137 dem
352 3077 543 3155 dispensare
564 3077 723 3156 mysteria
743 3075 806 3136 Dei
827 3095 885 3156 per
907 3073 1180 3155 praedicationem
1202 3085 1237 3136 et
1252 3093 1347 3135 sacra·

256 3187 442 3240 mentorum
456 3176 788 3253 administrationem,
799 3197 859 3258 pro
869 3178 917 3238 eis
929 3175 1089 3238 sacrificia
1101 3175 1237 3252 offerre3
1254 3178 1347 3238 aliun·

254 3281 297 3342 de
313 3281 375 3342 ritu
392 3279 526 3360 speciali
538 3291 757 3354 consecratur,
768 3291 802 3342 et
818 3300 837 3341 a
854 3280 928 3341 Deo
944 3279 1078 3360 speciali
1094 3281 1175 3339 cura
1191 3278 1347 3360 seligitur2

254 3403 333 3464 ergo
349 3403 368 3444 a
385 3382 542 3470 laicorum
558 3383 674 3444 ordine
688 3383 760 3463 jure
775 3383 888 3444 divino
904 3382 1127 3461 distinguitur.

296 3503 325 3565 8.
373 3511 408 3560 20
428 3497 552 3560 Tradit.
600 3494 665 3582 (A)
694 3519 738 3560 ex
764 3497 932 3570 Patribus,
954 3519 982 3558 v.
1002 3516 1033 3576 g.
1054 3495 1090 3559 S.
1109 3495 1277 3571 Clemente,
1292 3497 1347 3576 qui,

252 3603 321 3683 jam
339 3602 460 3664 saeculo
473 3601 589 3683 primo,
598 3603 711 3664 docuit
724 3601 908 3682 Apostolos
923 3621 942 3660 a
958 3600 1092 3663 Christo
1109 3598 1211 3662 luisse
1227 3601 1346 3661 institu-

255 3717 316 3780 tos,
333 3705 518 3785 Episcopos
538 3712 572 3766 et
593 3705 752 3766 diaconos
772 3705 815 3765 ab
835 3703 1007 3784 Apostolis
1028 3723 1072 3764 ex
1094 3702 1270 3765 voluntate
1293 3703 1345 3762 Dei

256 3808 354 3869 luisse
363 3809 582 3870 constitutos:
597 3806 774 3870 “Christus
788 3808 886 3887 igitur
898 3827 918 3868 a
931 3807 1004 3867 Deo
1016 3815 1050 3867 et
1064 3803 1093 3864 A
1099 3805 1222 3886 postoli
1233 3825 1252 3865 a
1264 3805 1345 3867 Chri·
1372 3861 1373 3880 ,

255 3921 314 3972 sto.
365 3907 1345 3990 ltaqueacceptummmnis,(Apostoloegressisuntannun-

256 4013 381 4072 slantes
398 4013 488 4089 regni
507 4012 568 4072 Dei
585 4013 789 4074 adventum...
805 4011 1038 4072 consumment
1055 4009 1227 4090 Episcopos
1240 4021 1272 4071 ct
1285 4011 1345 4070 driz-

255 4137 325 4146 ι..-

293 4201 399 4252 ‚frma
417 4201 450 4257 v.
464 4217 489 4262 4.
505 4231 538 4239 -
550 4207 560 4228 ²
572 4204 637 4256 Luc.
653 4205 749 4269 mur,
770 4219 808 4268 19.
825 4235 858 4242 -
870 4201 952 4271 ⁸J0a.
971 4203 1035 4266 xx,
1048 4217 1090 4256 22.
1106 4231 1138 4240 -
1152 4203 1236 4257 «Λᾶ.
1252 4205 1302 4259 tt,
1315 4216 1335 4250 n.

292 4279 377 4338 5,4ἶί.
394 4286 457 4350 XX,
473 4285 512 4338 aa
530 4317 560 4324 —
572 4283 583 4310 ⁶
596 4290 613 4340 Ι
626 4285 691 4342 Cor.
710 4291 759 4353 tv,
778 4289 1026 4356 1.—²Hctr.,t',
1044 4305 1066 4344 ι.
