2776 4644
477 183 533 232 DE
552 183 723 231 urtam.
1116 181 1147 228 11

46 361 191 420 meruisse
204 371 393 430 censeantur;
411 379 479 418 cum
492 360 628 419 Christus
638 360 770 416 Salvator
780 369 879 415 noster
888 357 967 415 dicat
982 379 988 414 :
1011 357 1070 414 “Si
1083 355 1148 427 quis

47 447 157 505 biberit
170 451 304 520 exaquii,
318 467 408 520 quam
428 467 485 520 ego
498 446 578 506 dabo
597 447 633 513 ei,
650 465 710 503 nou
724 447 802 503 sitiet
818 447 846 502 in
861 457 1014 514 aeternum,
1032 444 1084 502 sed
1099 443 1149 500 het

47 534 75 589 in
90 554 131 593 eo
146 537 209 593 lons
226 555 314 608 aquae
327 537 458 594 salientis
472 538 501 592 in
516 536 605 593 vitam
619 546 761 593 aeternam
774 534 788 558 '²
800 553 816 590 1.
859 533 904 590 lta
920 550 1018 602 neque
1032 529 1149 603 propria
1225 559 1230 568 ·

47 633 151 679 nostra
167 623 286 694 justitia,
304 633 445 695 tanquam
461 640 495 680 ex
509 622 596 679 nobis
611 621 729 694 propria
742 619 894 687 statuitur;
923 636 1021 690 neque
1036 619 1149 688 ignora·

47 721 94 764 tur
108 721 159 766 aut
174 711 346 782 repudiatur
357 710 468 780 justitia
484 711 549 767 Dei.
590 711 666 781 Quae
685 709 765 768 enim
782 710 893 781 justitia
913 719 1013 766 nostra
1031 707 1147 776 dicitur,

48 795 121 864 quia
136 814 264 866 peream
279 796 366 853 nobis
381 797 572 854 inhaerentem
586 797 799 866 justificamur;
828 796 878 852 illa
897 795 1002 853 eadem
1018 795 1073 851 liei
1094 804 1147 858 est,

48 883 120 950 quia
134 902 152 939 a
169 884 232 942 lleo
246 884 334 942 nobis
348 883 512 941 infunditur
525 902 577 955 per
590 883 700 942 Christi
714 885 860 942 meritum.

86 968 195 1040 Neque
208 987 278 1028 vero
292 969 364 1027 illud
378 971 578 1028 omittendum
593 981 644 1040 est,
662 971 745 1041 quod
764 970 833 1026 licet
853 968 940 1027 bonis
959 967 1100 1039 operibus
1120 966 1149 1022 in

48 1055 142 1112 sacris
162 1057 278 1114 Litteris
300 1074 395 1128 usque
415 1057 492 1115 adeo
511 1057 666 1125 tribuatur,
678 1067 709 1115 ut
723 1057 811 1114 etiam
826 1056 877 1127 qui
892 1056 943 1112 uni
961 1073 997 1112 ex
1017 1053 1148 1110 minimis

48 1141 112 1196 suis
127 1153 230 1214 potum
244 1161 331 1215 aquae
344 1144 456 1214 frigidae
470 1144 594 1214 dederit,
608 1146 759 1215 promittat
772 1143 917 1208 Christus
929 1160 998 1199 eum
1013 1159 1072 1198 non
1087 1157 1151 1197 esse

49 1229 105 1282 sua
125 1230 264 1288 mercede
283 1231 441 1288 cariturum
460 1251 465 1287 :
495 1241 523 1288 et
538 1231 702 1302 Apostolus
717 1240 847 1298 testetur,
864 1229 894 1286 id
909 1227 992 1299 quod
1011 1231 1026 1256 “
1037 1227 1065 1282 iu
1080 1243 1150 1298 prae·

50 1315 127 1372 senti
141 1329 184 1374 est
198 1329 443 1376 momentaneum
458 1328 487 1376 et
500 1319 564 1376 leve
582 1317 779 1376 tribulationis
793 1327 909 1386 nostrae,
926 1314 1149 1387 supramodum

51 1402 80 1457 in
103 1405 286 1463 sublimitate
305 1416 447 1464 aeternum
461 1406 561 1478 gloriae
581 1406 699 1478 pondus
719 1405 832 1476 operari
854 1404 882 1460 in
904 1403 1046 1460 nobis’'²:
1075 1401 1152 1459 absit

52 1501 163 1562 tamen,
174 1503 205 1549 ut
218 1493 406 1550 Christianus
419 1493 511 1551 homo
525 1493 554 1549 in
569 1511 600 1550 se
614 1493 679 1564 ipso
693 1494 738 1550 rel
752 1492 892 1560 confidat,
906 1491 951 1548 vel
966 1489 1114 1560 glorietur,
1123 1499 1152 1546 et

52 1595 113 1632 non
129 1578 158 1633 in
174 1579 325 1646 I)0mino;
353 1583 437 1652 cujus
457 1589 539 1636 tanta
558 1590 602 1638 est
621 1597 689 1650 erga
708 1597 813 1636 omnes
827 1577 964 1635 homines
978 1577 1105 1640 bonitas,
1120 1583 1153 1632 ut

51 1681 156 1721 eorum
175 1667 246 1723 velit
259 1685 324 1725 esse
338 1666 451 1732 merita,
464 1685 531 1738 quae
545 1677 613 1724 sunt
628 1667 720 1738 ipsius
733 1667 822 1725 dona.
863 1666 901 1722 Et
915 1665 984 1736 quia
1004 1664 1033 1720 in
1053 1662 1152 1719 multis

52 1750 235 1810 offendimus
248 1771 361 1824 omnes,
379 1754 674 1825 unusquisque‘sicut
687 1751 919 1810 misericordiam
934 1761 963 1808 et
977 1750 1149 1818 bonitatem,

53 1839 93 1894 ita
104 1841 291 1898 severitatem
302 1851 331 1899 et
340 1841 485 1912 judicium
494 1852 564 1899 ante
574 1841 677 1898 oculos
686 1841 795 1898 habere
805 1837 904 1908 debet,
914 1853 1012 1910 neque
1022 1838 1152 1909 seipsum

51 1923 168 1994 aliquis,
181 1925 271 1981 etiam
286 1925 309 1982 si
321 1925 393 1982 nihil
407 1924 461 1981 sibi
472 1925 610 1982 conscius
623 1924 717 1994 fuerit,
733 1923 882 1995 judicare;
901 1922 1041 1994 quoniam
1056 1921 1154 1977 omnis

54 2007 211 2068 hominum
227 2012 287 2068 rita
306 2029 365 2068 non
386 2011 518 2069 humano
529 2011 643 2083 judicio
661 2011 859 2068 examinanda
877 2019 906 2068 et
924 2008 1085 2080 judicanda
1099 2017 1151 2076 est,

53 2097 107 2153 sed
123 2097 204 2154 Dei:
235 2098 287 2170 qui
308 2098 487 2156 illuminabit
500 2098 677 2156 abscondita
696 2098 893 2166 tenebrarum,
906 2107 936 2155 et
955 2095 1154 2153 manifestabit

54 2184 181 2241 consilia
195 2185 351 2243 cordium:
372 2197 400 2244 et
415 2197 487 2244 tunc
506 2186 569 2242 laus
588 2186 642 2242 erit
656 2185 817 2256 unicuique
836 2203 852 2240 a
867 2185 943 2254 De0,
960 2184 1019 2254 qui,
1037 2193 1068 2239 ut
1087 2182 1154 2240 scri·

52 2281 140 2342 ptum
155 2283 209 2340 est,
223 2272 328 2330 reddet
344 2273 505 2344 unicuique
518 2273 683 2330 secundum
697 2289 789 2344 opera
802 2287 862 2328 sua.

91 2361 165 2418 Post
174 2360 253 2418 hanc
264 2361 440 2419 catholicam
451 2361 490 2420 de
501 2361 712 2434 justificatione
723 2359 899 2424 doetrinam,
912 2375 1001 2430 quam
1011 2357 1065 2414 nisi
1077 2358 1155 2429 quis·

53 2465 114 2516 que
129 2446 258 2504 fideliter
277 2447 457 2518 firmiterque
476 2447 628 2519 receperit,
641 2446 793 2517 justificari
815 2463 875 2503 non
897 2445 1016 2516 poterit;
1045 2444 1156 2516 placuit

52 2533 168 2592 sanciae
188 2533 311 2604 Synodo
330 2535 384 2591 hos
404 2551 535 2592 canones
561 2533 750 2604 subjungere,
778 2543 810 2589 ut
838 2549 942 2588 omnes
969 2531 1072 2600 sciant,
1095 2547 1155 2588 non

52 2622 154 2676 solum
183 2619 258 2692 quid
287 2631 387 2678 tenere
413 2631 443 2678 et
469 2620 562 2691 sequi,
586 2619 639 2678 sed
666 2619 755 2676 etiam
783 2618 857 2689 quid
878 2618 969 2676 vitare
998 2627 1027 2675 et
1056 2618 1156 2688 sugere

52 2706 197 2764 debeant,

95 2789 170 2845 Can.
188 2807 210 2844 r.
251 2787 280 2846 Si
294 2789 361 2859 quis
374 2788 487 2858 dixerit,
499 2788 652 2844 hominem
667 2787 728 2844 suis
742 2786 891 2858 operibus,
903 2803 970 2857 quae
980 2784 1026 2842 vel
1040 2803 1092 2856 per
1105 2785 1156 2841 hu·

53 2893 155 2933 nranae
172 2887 294 2942 naturae,
309 2875 355 2933 vel
374 2876 447 2948 legis
461 2875 628 2935 doctrinam
648 2875 728 2942 liant,
745 2874 861 2945 absque
874 2873 975 2930 divina
989 2891 1041 2943 per
1054 2873 1157 2946 Jesum

53 2963 212 3020 Christum
226 2961 320 3034 gratia
332 2980 420 3033 posse
432 2962 585 3034 justificari
600 2979 699 3018 coram
716 2961 799 3030 Deo;
819 2961 853 3016 A.
868 2961 897 3018 S.

95 3049 173 3108 Can.
185 3067 209 3105 2.
250 3050 280 3107 Si
293 3051 360 3121 quis
373 3050 487 3121 dixerit,
498 3051 536 3108 ad
550 3049 608 3107 hoc
622 3049 718 3106 solum
728 3048 859 3106 divinam
873 3047 997 3117 gratiam
1012 3043 1158 3116 perChri·

54 3149 138 3194 stum
155 3137 259 3209 Jesum
274 3138 348 3204 dari,
363 3148 395 3194 ut
409 3137 524 3194 facilius
538 3137 630 3194 homo
642 3138 720 3206 juste
734 3137 838 3204 vivere,
859 3152 894 3191 ac
908 3134 997 3191 vitam
1017 3144 1158 3191 aeternam

55 3225 220 3295 promereri
236 3225 337 3295 possit,
349 3224 434 3296 quasi
447 3241 499 3296 per
512 3223 637 3281 liberum
648 3222 800 3280 arbitrium
814 3222 877 3280 sine
887 3221 981 3292 gratia
991 3231 1159 3291 utrumque,

55 3309 112 3366 sed
127 3327 204 3380 aegre
219 3319 318 3368 tamen
331 3320 361 3368 et
374 3309 530 3369 difficulter
543 3310 652 3380 possim
672 3310 708 3364 Α.
725 3308 753 3365 S.

98 3395 174 3453 Can.
192 3414 216 3466 3.
257 3395 368 3467 Siquis
386 3396 500 3464 dixerit,
514 3397 578 3453 sine
598 3395 797 3466 praeveniente
811 3393 936 3466 Spiritus
949 3392 1049 3450 Sandli
1071 3391 1159 3461 inspi-

57 3483 184 3552 ratione,
205 3491 296 3554 atque
314 3483 378 3554 ejus
397 3482 554 3553 adjutorio,
578 3481 732 3538 hominem
751 3480 881 3550 credere,
898 3495 1023 3550 sperare,
1038 3477 1161 3548 diligere

59 3583 110 3628 ant
125 3569 272 3642 poenitere
287 3587 383 3642 posse,
399 3569 474 3628 sicut
488 3579 614 3642 oportet,
631 3579 663 3626 ut
677 3568 703 3626 ei
716 3565 936 3639 iustificationis
950 3564 1043 3636 gratia
1061 3564 1135 3620 conl
1151 3596 1160 3606 -

60 3671 156 3728 ratur;
176 3659 211 3714 A.
227 3657 254 3715 S.

100 3742 176 3799 Cart.
194 3757 219 3809 4.
257 3739 286 3797 Si
300 3739 366 3812 quis
386 3740 500 3810 dixerit,
516 3739 643 3798 liberum
663 3737 793 3796 hominis
812 3736 965 3794 arbitrium
985 3753 1002 3791 a
1018 3735 1085 3792 Deo
1100 3750 1160 3790 mo·
1184 3739 1188 3782 t

62 3841 136 3892 tum,
167 3836 197 3884 et
228 3825 398 3896 excitatum,
426 3826 499 3883 nihil
526 3825 678 3897 cooperari
705 3822 897 3880 assentiendo
918 3821 984 3886 Deo
1012 3820 1159 3890 excitanti,

62 3928 152 3988 atque
166 3914 295 3980 vocanti,
310 3930 372 3984 quo
390 3913 429 3972 ad
441 3912 637 3972 obtinendam
649 3909 868 3981 justificationis
881 3909 1006 3980 gratiam
1019 3925 1050 3966 se
1064 3907 1163 3978 dispo·

64 4011 112 4057 nat
122 4017 159 4057 ac
170 4007 431 4072 praeparetmeque
445 4015 532 4072 posse
545 3997 710 4067 dissentire,
723 3997 746 4053 si
761 3995 838 4065 velit,
853 3995 914 4064 sed,
928 3994 1018 4053 veluti
1033 3992 1164 4050 inanime

65 4085 229 4160 quoddam,
244 4085 452 4144 nihilomnino
464 4103 561 4158 agere,
576 4101 717 4157 mereque
730 4083 845 4156 passive
859 4099 890 4142 se
905 4081 1030 4147 habere;
1050 4081 1085 4136 A.
1098 4080 1125 4136 S.

98 4272 190 4342 ¹J0a.,
207 4267 545 4336 lV,13-14-¹IICor.
562 4266 609 4332 lV,
624 4277 647 4330 7.
