2738 4646
216 172 464 225 TRACTATUS
482 172 539 223 DE
556 171 926 224 connxnunntonu.
1056 171 1121 223 285

72 350 134 439 (Β)
156 355 294 419 Adultis
316 377 394 419 vero
418 357 526 418 inesse
548 356 694 418 debent:
718 355 769 437 (a)
784 364 891 417 status
900 355 1029 437 gratioe,
1046 357 1124 437 quia

33 457 239 522 Confirmatio
260 470 311 523 est
333 469 577 522 sacramentum
603 460 773 536 vivorum;
804 459 855 540 (b)
877 459 1011 522 scientia
1034 479 1124 524 com·

32 571 139 640 petens
166 563 252 626 circa
278 563 467 625 rudimenta
493 561 568 625 fidei
595 571 628 624 et
655 581 695 626 ea
722 582 796 644 quae
819 560 972 643 spectant
996 561 1125 626 Confir-

32 665 226 742 mationem;
259 665 305 746 (c)
329 685 394 728 non
420 676 575 730 tenentur
598 664 710 729 stridle
730 665 897 746 loquendo
919 685 991 727 esse
1010 665 1124 747 jejuni,

32 765 174 843 quamvis
187 766 268 827 illud
280 767 322 828 sit
334 766 542 841 laudabile,si
556 785 654 828 mane
664 767 861 846 suscipiatur
871 776 1124 832 sacramentum.

32 867 77 946 (d)
100 866 241 948 Insuper
262 868 422 949 patrinus,
445 869 539 950 isque
562 888 647 931 unus
675 876 819 942 tanturn,
842 868 1051 932 adhibendus
1074 879 1125 933 est

33 968 172 1047 ejusdem
189 989 292 1031 sexus
308 991 346 1032 ac
366 969 613 1034 confirmandus
627 993 634 1048 ;
657 972 758 1034 debet
774 991 846 1032 esse
861 970 1075 1034 confirmatus
1091 981 1126 1036 et
1216 992 1221 1001 ’

32 1079 159 1152 tangere
176 1070 449 1135 confirmandum.
497 1073 572 1135 Non
589 1074 729 1156 expedit
752 1081 788 1134 ut
810 1092 891 1134 unus
908 1073 1057 1153 patrinus
1073 1074 1124 1136 vel

33 1194 90 1235 una
106 1177 249 1238 matrina
272 1196 331 1257 pro
354 1176 509 1239 omnibus
534 1177 738 1251 adhibeatur,
755 1175 817 1236 nisi
835 1175 1013 1237 necessitas
1029 1176 1126 1254 adsit,

32 1277 67 1337 de
82 1281 148 1358 qua
165 1278 353 1360 Episcopus
369 1288 419 1342 est
433 1279 548 1360 judex.
597 1282 649 1343 lta
667 1280 702 1343 S.
722 1277 753 1344 C.
774 1277 809 1341 O.
831 1278 869 1339 16
882 1277 965 1359 junii
987 1281 1075 1356 1884

69 1395 116 1458 19.
157 1389 192 1456 3⁰
210 1376 372 1457 Obligalio
386 1379 660 1459 confirmationem
675 1379 878 1463 suscrior'endi.
917 1379 967 1460 (a)
989 1379 1124 1444 Certum

33 1490 74 1540 est
91 1477 362 1542 Confirmationis
382 1493 626 1544 sacramentum
651 1501 712 1542 non
737 1501 809 1544 esse
831 1483 1051 1546 necessarium
1069 1503 1124 1545 ne-

32 1581 178 1644 cessitate
202 1581 303 1644 medii
309 1606 324 1656 ,·
351 1584 420 1646 vita
445 1585 534 1646 enim
561 1584 741 1666 spiritualis
767 1585 838 1647 sine
865 1584 1125 1648 Confirmatione

33 1685 130 1764 accipi
146 1694 180 1747 et
196 1686 318 1746 servari
334 1695 453 1767 potest

69 1785 118 1867 (b)
130 1786 264 1850 Certum
278 1799 328 1850 est
341 1788 421 1852 illud
435 1798 679 1851 sacramentum
692 1808 765 1851 esse
778 1789 999 1852 necessarium
1013 1810 1124 1853 neces-

32 1888 123 1951 sitate
144 1892 302 1971 praecepti
318 1902 382 1971 per
402 1891 544 1954 accrilerrs
566 1893 696 1973 quoties
720 1911 762 1954 sc.
786 1912 828 1954 ex
852 1892 924 1973 ejus
947 1893 1125 1955 omissione

33 2002 218 2072 sequeretur
233 2002 445 2075 contemptus
461 1995 668 2068 sacramenti,
680 2005 738 2057 aut
754 1994 959 2069 scandalum,
971 2004 1029 2057 aut
1045 1995 1126 2076 peri·

34 2095 138 2156 culum
155 2095 331 2158 amittendi
350 2095 457 2161 fidem.

70 2196 118 2276 (c)
134 2197 401 2260 Controvertitur
417 2210 528 2262 autem
545 2209 654 2262 utrum
674 2200 894 2262 necessarium
918 2199 960 2261 sit
984 2199 1125 2261 necessi-

33 2307 94 2360 tate
111 2301 269 2382 praecepti
278 2311 343 2380 per
354 2321 395 2376 se,
412 2303 457 2364 ita
474 2311 510 2364 ut
526 2303 667 2383 graviter
683 2311 798 2382 peccet
812 2303 868 2383 qui
886 2302 1025 2384 negligit
1045 2301 1124 2364 illud

34 2403 176 2483 recipere,
189 2403 268 2465 data
285 2401 552 2484 opportunitate3
568 2403 772 2485 probabilius
787 2404 977 2478 affirmatur,
990 2424 1125 2488 praeser-

34 2503 84 2564 tim
108 2504 153 2567 ob
174 2503 405 2570 audioritatem
428 2505 544 2568 Bmed,
567 2505 705 2586 XIV¹;
728 2517 877 2568 attamen
901 2506 1002 2568 etiam
1025 2505 1125 2569 hodie

34 2624 91 2667 non
108 2607 230 2669 desunt
245 2627 362 2690 graves
378 2605 529 2670 auctores
543 2609 597 2690 qui
611 2609 711 2671 verba
725 2607 893 2672 Pontificis
907 2609 1124 2690 interpreten-

33 2716 79 2768 tur
93 2708 135 2770 de
151 2718 321 2790 praecepto
337 2729 396 2791 per
411 2711 573 2786 accidens,
588 2720 621 2773 et
646 2720 781 2773 teneant
802 2711 1017 2773 omissionem
1036 2710 1126 2774 Con-

34 2803 222 2870 firmationis
246 2827 312 2870 non
337 2829 408 2871 esse
424 2820 595 2892 peccatum
613 2829 721 2891 grave,
737 2820 857 2890 praeter
873 2830 968 2873 casus
985 2809 1124 2873 citatos:

34 2909 115 2971 nulla
133 2911 222 2973 enim
246 2910 395 2974 exhiberi
420 2922 531 2993 potest
551 2914 606 2975 lex
627 2913 739 2975 divina
758 2921 816 2974 aut
838 2911 1060 2973 ecclesiastica
1074 2911 1125 2992 ju·

34 3009 106 3073 bens
128 3013 191 3075 hoc
215 3025 459 3077 sacramentum
484 3015 527 3076 ab
549 3015 705 3077 omnibus
728 3014 850 3094 recipi;
880 3022 993 3076 exstat
1017 3013 1124 3076 solum

35 3125 228 3196 praeceptum
261 3135 302 3177 ne
333 3117 405 3197 quis
436 3127 605 3180 tonsuram
638 3117 777 3198 accipiat
808 3117 870 3178 nisi
902 3114 1124 3180 confirmatus

35 3214 126 3280 Unde
143 3220 174 3280 in
193 3219 290 3300 praxi
307 3218 404 3281 valde
419 3220 573 3283 hortandi
590 3230 669 3281 sunt
685 3218 799 3281 fideles
815 3221 857 3282 ad
874 3240 948 3281 eam
966 3220 1124 3300 recipien-

34 3319 111 3396 dam,
127 3323 251 3384 omissa
268 3331 379 3386 tamen
397 3324 565 3386 mentione
581 3324 690 3404 gravis
707 3323 843 3404 peccati.

65 3829 245 3888 ¹“Monendi
266 3842 330 3885 sunt
352 3832 388 3884 ab
408 3832 566 3885 Ordinariis
590 3832 714 3885 locorum
737 3848 786 3883 eos
806 3828 898 3897 gravis
919 3827 1025 3896 peccati
1047 3840 1124 3883 reatu

37 3920 123 3983 teneri,
135 3921 158 3973 si
176 3935 241 3972 curn
259 3917 368 3986 possint
386 3918 423 3971 ad
444 3917 693 3970 Confirmationem
711 3915 855 3979 accedere,
870 3913 945 3966 illam
959 3925 1078 3968 renuunt
1091 3931 1124 3970 ac

36 4004 192 4072 negligunt”
212 4002 292 4070 (Etsi
303 4003 479 4072 pastoralis).
527 4003 582 4056 Sed
604 4003 725 4055 Scavim'
741 3999 940 4054 animadvertit
958 4000 1004 4053 hic
1023 4001 1069 4070 agi
1089 4001 1125 4056 de

36 4087 147 4146 invalide
159 4091 359 4146 confirmatisa
375 4089 547 4158 Presbyteris
560 4090 669 4158 graecis,
683 4088 729 4158 qui
750 4088 906 4142 renuebant
919 4087 956 4140 ad
970 4088 1124 4140 Confirma-
1193 4091 1195 4097 '

36 4175 132 4234 tionem
144 4179 179 4234 de
193 4195 268 4232 novo
280 4178 424 4244 accedere,
446 4176 526 4246 quasi
546 4177 683 4230 haberent
695 4175 815 4243 primam
828 4173 971 4227 validam:
991 4174 1065 4227 unde
1078 4172 1124 4226 hic

36 4261 181 4320 habebatur
194 4265 264 4320 ratio
277 4263 433 4335 peculiaris.
475 4262 531 4318 cfr.
549 4263 641 4328 Pescl,
656 4279 682 4316 n.
701 4259 751 4331 538
764 4278 806 4330 sq.
