<?xml version="1.0" encoding="UTF-8"?>
<!DOCTYPE html PUBLIC "-//W3C//DTD XHTML 1.0 Transitional//EN"
    "http://www.w3.org/TR/xhtml1/DTD/xhtml1-transitional.dtd">
<html xmlns="http://www.w3.org/1999/xhtml" xml:lang="en" lang="en">
 <head>
  <title>
</title>
<meta http-equiv="Content-Type" content="text/html;charset=utf-8" />
  <meta name='ocr-system' content='tesseract 3.04.00' />
  <meta name='ocr-capabilities' content='ocr_page ocr_carea ocr_par ocr_line ocrx_word'/>
</head>
<body>
  <div class='ocr_page' id='page_1' title='image "./synopsistheolog01tanqgoog_0374.png"; bbox 0 0 2752 4648; ppageno 0'>
   <div class='ocr_carea' id='block_1_1' title="bbox 199 158 1136 212">
    <p class='ocr_par' dir='ltr' id='par_1_1' title="bbox 199 158 1136 212">
     <span class='ocr_line' id='line_1_1' title="bbox 199 158 1136 212; baseline 0.005 -6"><span class='ocrx_word' id='word_1_1' title='bbox 199 158 255 206; x_wconf 79' lang='lat' dir='ltr'>DE</span> <span class='ocrx_word' id='word_1_2' title='bbox 273 158 491 208; x_wconf 71' lang='lat' dir='ltr'>ursmaro</span> <span class='ocrx_word' id='word_1_3' title='bbox 509 158 782 208; x_wconf 59' lang='lat' dir='ltr'>nussum:</span> <span class='ocrx_word' id='word_1_4' title='bbox 800 158 967 209; x_wconf 73' lang='lat' dir='ltr'>nanus.</span> <span class='ocrx_word' id='word_1_5' title='bbox 1067 158 1136 212; x_wconf 73' lang='lat'>³50</span> 
     </span>
    </p>
   </div>
   <div class='ocr_carea' id='block_1_2' title="bbox 47 337 1140 3210">
    <p class='ocr_par' dir='ltr' id='par_1_2' title="bbox 47 337 1136 736">
     <span class='ocr_line' id='line_1_2' title="bbox 86 337 1136 423; baseline 0.004 -23"><span class='ocrx_word' id='word_1_6' title='bbox 86 337 139 420; x_wconf 76' lang='lat' dir='ltr'>(A)</span> <span class='ocrx_word' id='word_1_7' title='bbox 157 339 273 421; x_wconf 65' lang='lat' dir='ltr'>Scrrpt.</span> <span class='ocrx_word' id='word_1_8' title='bbox 318 342 424 422; x_wconf 84' lang='lat' dir='ltr'>Juxta</span> <span class='ocrx_word' id='word_1_9' title='bbox 442 341 473 406; x_wconf 93' lang='lat' dir='ltr'>S.</span> <span class='ocrx_word' id='word_1_10' title='bbox 492 341 630 404; x_wconf 91' lang='lat' dir='ltr'>Paulum</span> <span class='ocrx_word' id='word_1_11' title='bbox 642 355 661 417; x_wconf 87' lang='lat'>¹,</span> <span class='ocrx_word' id='word_1_12' title='bbox 683 341 789 423; x_wconf 90' lang='lat' dir='ltr'>ipsum</span> <span class='ocrx_word' id='word_1_13' title='bbox 807 359 927 404; x_wconf 88' lang='lat' dir='ltr'>nomen</span> <span class='ocrx_word' id='word_1_14' title='bbox 946 337 1069 406; x_wconf 84' lang='lat' dir='ltr'>Christi</span> <span class='ocrx_word' id='word_1_15' title='bbox 1085 350 1136 404; x_wconf 90' lang='lat' dir='ltr'>est</span> 
     </span>
     <span class='ocr_line' id='line_1_3' title="bbox 48 441 1135 526; baseline 0.003 -23"><span class='ocrx_word' id='word_1_16' title='bbox 48 443 244 506; x_wconf 88' lang='lat' dir='ltr'>adorandum</span> <span class='ocrx_word' id='word_1_17' title='bbox 265 465 272 506; x_wconf 94' lang='lat'>:</span> <span class='ocrx_word' id='word_1_18' title='bbox 298 450 314 476; x_wconf 90' lang='lat'><strong>“</strong></span> <span class='ocrx_word' id='word_1_19' title='bbox 327 446 365 506; x_wconf 89' lang='lat' dir='ltr'>ln</span> <span class='ocrx_word' id='word_1_20' title='bbox 390 444 524 508; x_wconf 90' lang='lat' dir='ltr'>nomine</span> <span class='ocrx_word' id='word_1_21' title='bbox 538 445 618 525; x_wconf 90' lang='lat' dir='ltr'>Jesu</span> <span class='ocrx_word' id='word_1_22' title='bbox 640 464 740 507; x_wconf 92' lang='lat' dir='ltr'>omne</span> <span class='ocrx_word' id='word_1_23' title='bbox 760 465 844 526; x_wconf 87' lang='lat' dir='ltr'>genu</span> <span class='ocrx_word' id='word_1_24' title='bbox 868 441 1020 508; x_wconf 74' lang='lat' dir='ltr'>flectatur</span> <span class='ocrx_word' id='word_1_25' title='bbox 1038 444 1135 506; x_wconf 88' lang='lat' dir='ltr'>coele-</span> 
     </span>
     <span class='ocr_line' id='line_1_4' title="bbox 47 547 1136 628; baseline 0.001 -21"><span class='ocrx_word' id='word_1_26' title='bbox 47 548 148 624; x_wconf 84' lang='lat' dir='ltr'>stium,</span> <span class='ocrx_word' id='word_1_27' title='bbox 158 549 370 623; x_wconf 90' lang='lat' dir='ltr'>terrestrium,</span> <span class='ocrx_word' id='word_1_28' title='bbox 381 560 414 613; x_wconf 88' lang='lat' dir='ltr'>et</span> <span class='ocrx_word' id='word_1_29' title='bbox 431 548 632 612; x_wconf 85' lang='lat' dir='ltr'>infernorum</span> <span class='ocrx_word' id='word_1_30' title='bbox 644 547 668 610; x_wconf 89' lang='lat'>”.</span> <span class='ocrx_word' id='word_1_31' title='bbox 715 547 838 628; x_wconf 87' lang='lat' dir='ltr'>Ergoa</span> <span class='ocrx_word' id='word_1_32' title='bbox 854 547 979 610; x_wconf 79' lang='lat' dir='ltr'>fortiori</span> <span class='ocrx_word' id='word_1_33' title='bbox 996 547 1136 609; x_wconf 88' lang='lat' dir='ltr'>adoran-</span> 
     </span>
     <span class='ocr_line' id='line_1_5' title="bbox 48 651 1031 736; baseline 0.001 -26"><span class='ocrx_word' id='word_1_34' title='bbox 48 651 103 712; x_wconf 89' lang='lat' dir='ltr'>dus</span> <span class='ocrx_word' id='word_1_35' title='bbox 117 661 165 716; x_wconf 89' lang='lat' dir='ltr'>est</span> <span class='ocrx_word' id='word_1_36' title='bbox 182 652 252 736; x_wconf 84' lang='lat' dir='ltr'>ipsc</span> <span class='ocrx_word' id='word_1_37' title='bbox 268 653 420 718; x_wconf 89' lang='lat' dir='ltr'>Christus</span> <span class='ocrx_word' id='word_1_38' title='bbox 436 653 468 716; x_wconf 89' lang='lat' dir='ltr'>in</span> <span class='ocrx_word' id='word_1_39' title='bbox 488 651 697 716; x_wconf 74' lang='lat' dir='ltr'>Eucharistia</span> <span class='ocrx_word' id='word_1_40' title='bbox 714 652 828 715; x_wconf 88' lang='lat' dir='ltr'>latens.</span> <span class='ocrx_word' id='word_1_41' title='bbox 1028 701 1031 710; x_wconf 19' lang='grc' dir='ltr'><strong><em>Ι</em></strong></span> 
     </span>
    </p>

    <p class='ocr_par' dir='ltr' id='par_1_3' title="bbox 48 754 1137 1850">
     <span class='ocr_line' id='line_1_6' title="bbox 86 754 1137 838; baseline -0.002 -20"><span class='ocrx_word' id='word_1_42' title='bbox 86 754 142 836; x_wconf 87' lang='grc' dir='ltr'>(Β)</span> <span class='ocrx_word' id='word_1_43' title='bbox 170 755 201 816; x_wconf 88' lang='lat' dir='ltr'><em>T</em></span> <span class='ocrx_word' id='word_1_44' title='bbox 199 755 385 820; x_wconf 67' lang='lat' dir='ltr'>rodidona·</span> <span class='ocrx_word' id='word_1_45' title='bbox 410 757 461 838; x_wconf 85' lang='lat' dir='ltr'>(a)</span> <span class='ocrx_word' id='word_1_46' title='bbox 488 756 543 818; x_wconf 93' lang='lat' dir='ltr'>Ex</span> <span class='ocrx_word' id='word_1_47' title='bbox 568 755 737 831; x_wconf 82' lang='lat' dir='ltr'>Patribus,</span> <span class='ocrx_word' id='word_1_48' title='bbox 757 775 785 818; x_wconf 92' lang='lat' dir='ltr'>v.</span> <span class='ocrx_word' id='word_1_49' title='bbox 806 775 837 837; x_wconf 86' lang='lat' dir='ltr'>g.</span> <span class='ocrx_word' id='word_1_50' title='bbox 859 755 894 818; x_wconf 77' lang='lat' dir='ltr'>S.</span> <span class='ocrx_word' id='word_1_51' title='bbox 918 755 1137 837; x_wconf 71' lang='lat' dir='ltr'><em>chrysostomo</em></span> 
     </span>
     <span class='ocr_line' id='line_1_7' title="bbox 48 857 1137 942; baseline 0.006 -26"><span class='ocrx_word' id='word_1_52' title='bbox 48 858 192 922; x_wconf 78' lang='lat' dir='ltr'>dicente²</span> <span class='ocrx_word' id='word_1_53' title='bbox 211 883 217 922; x_wconf 96' lang='lat'><strong>:</strong></span> <span class='ocrx_word' id='word_1_54' title='bbox 240 859 378 924; x_wconf 78' lang='lat' dir='ltr'>“Adora</span> <span class='ocrx_word' id='word_1_55' title='bbox 394 871 427 924; x_wconf 86' lang='lat' dir='ltr'>et</span> <span class='ocrx_word' id='word_1_56' title='bbox 443 859 696 937; x_wconf 87' lang='lat' dir='ltr'>communica’&#39;;</span> <span class='ocrx_word' id='word_1_57' title='bbox 720 857 755 922; x_wconf 78' lang='lat' dir='ltr'>S.</span> <span class='ocrx_word' id='word_1_58' title='bbox 769 860 979 942; x_wconf 77' lang='lat' dir='ltr'>Augustino:</span> <span class='ocrx_word' id='word_1_59' title='bbox 1002 861 1137 924; x_wconf 86' lang='lat' dir='ltr'>“Nemo</span> 
     </span>
     <span class='ocr_line' id='line_1_8' title="bbox 48 957 1135 1040; baseline 0.003 -22"><span class='ocrx_word' id='word_1_60' title='bbox 48 957 131 1020; x_wconf 91' lang='lat' dir='ltr'>illam</span> <span class='ocrx_word' id='word_1_61' title='bbox 147 979 279 1022; x_wconf 89' lang='lat' dir='ltr'>carnem</span> <span class='ocrx_word' id='word_1_62' title='bbox 297 960 476 1022; x_wconf 89' lang='lat' dir='ltr'>manducet</span> <span class='ocrx_word' id='word_1_63' title='bbox 492 960 554 1022; x_wconf 90' lang='lat' dir='ltr'>nisi</span> <span class='ocrx_word' id='word_1_64' title='bbox 570 958 660 1040; x_wconf 90' lang='lat' dir='ltr'>prius</span> <span class='ocrx_word' id='word_1_65' title='bbox 674 959 884 1022; x_wconf 86' lang='lat' dir='ltr'>adoraverit³</span> <span class='ocrx_word' id='word_1_66' title='bbox 895 960 931 1040; x_wconf 80' lang='lat'>”3</span> <span class='ocrx_word' id='word_1_67' title='bbox 958 959 995 1022; x_wconf 90' lang='lat' dir='ltr'>S.</span> <span class='ocrx_word' id='word_1_68' title='bbox 1015 959 1135 1040; x_wconf 86' lang='lat' dir='ltr'>Cyrillo</span> 
     </span>
     <span class='ocr_line' id='line_1_9' title="bbox 48 1060 1133 1144; baseline 0.005 -23"><span class='ocrx_word' id='word_1_69' title='bbox 48 1060 193 1124; x_wconf 81' lang='lat' dir='ltr'>Hz&#39;erosol.</span> <span class='ocrx_word' id='word_1_70' title='bbox 203 1077 218 1116; x_wconf 80' lang='lat'>⁴</span> <span class='ocrx_word' id='word_1_71' title='bbox 227 1085 239 1123; x_wconf 94' lang='grc'>.·</span> <span class='ocrx_word' id='word_1_72' title='bbox 263 1068 279 1094; x_wconf 87' lang='grc'>“</span> <span class='ocrx_word' id='word_1_73' title='bbox 292 1064 369 1126; x_wconf 87' lang='lat' dir='ltr'>Post</span> <span class='ocrx_word' id='word_1_74' title='bbox 380 1063 656 1126; x_wconf 86' lang='lat' dir='ltr'>communionem¹</span> <span class='ocrx_word' id='word_1_75' title='bbox 667 1061 813 1144; x_wconf 91' lang='lat' dir='ltr'>corporis</span> <span class='ocrx_word' id='word_1_76' title='bbox 824 1060 956 1137; x_wconf 80' lang='lat' dir='ltr'>Christi,</span> <span class='ocrx_word' id='word_1_77' title='bbox 966 1063 1086 1126; x_wconf 87' lang='lat' dir='ltr'>accede</span> <span class='ocrx_word' id='word_1_78' title='bbox 1098 1073 1133 1126; x_wconf 92' lang='lat' dir='ltr'>et</span> 
     </span>
     <span class='ocr_line' id='line_1_10' title="bbox 48 1164 1135 1246; baseline 0.006 -24"><span class='ocrx_word' id='word_1_79' title='bbox 48 1165 84 1224; x_wconf 92' lang='lat' dir='ltr'>ad</span> <span class='ocrx_word' id='word_1_80' title='bbox 101 1164 232 1227; x_wconf 87' lang='lat' dir='ltr'><strong>calicem</strong></span> <span class='ocrx_word' id='word_1_81' title='bbox 249 1165 420 1246; x_wconf 83' lang='lat' dir='ltr'>sanguinis</span> <span class='ocrx_word' id='word_1_82' title='bbox 437 1165 532 1239; x_wconf 85' lang='lat' dir='ltr'>iltius,</span> <span class='ocrx_word' id='word_1_83' title='bbox 547 1185 614 1227; x_wconf 90' lang='lat' dir='ltr'>non</span> <span class='ocrx_word' id='word_1_84' title='bbox 630 1164 815 1226; x_wconf 89' lang='lat' dir='ltr'>extendens</span> <span class='ocrx_word' id='word_1_85' title='bbox 837 1184 963 1240; x_wconf 73' lang='lat' dir='ltr'>manus</span> <span class='ocrx_word' id='word_1_86' title='bbox 979 1164 1037 1227; x_wconf 90' lang='lat' dir='ltr'>sed</span> <span class='ocrx_word' id='word_1_87' title='bbox 1059 1185 1135 1246; x_wconf 53' lang='lat' dir='ltr'>pro*-</span> 
     </span>
     <span class='ocr_line' id='line_1_11' title="bbox 50 1267 895 1334; baseline 0.005 -7"><span class='ocrx_word' id='word_1_88' title='bbox 50 1288 104 1328; x_wconf 90' lang='lat' dir='ltr'>nus</span> <span class='ocrx_word' id='word_1_89' title='bbox 119 1269 318 1332; x_wconf 83' lang='lat' dir='ltr'>adorationis</span> <span class='ocrx_word' id='word_1_90' title='bbox 332 1270 364 1332; x_wconf 91' lang='lat' dir='ltr'>in</span> <span class='ocrx_word' id='word_1_91' title='bbox 382 1268 565 1334; x_wconf 85' lang='lat' dir='ltr'>modum...&#39;’</span> <span class='ocrx_word' id='word_1_92' title='bbox 891 1267 895 1276; x_wconf 76' lang='grc'>’</span> 
     </span>
     <span class='ocr_line' id='line_1_12' title="bbox 50 1370 1135 1454; baseline 0.003 -21"><span class='ocrx_word' id='word_1_93' title='bbox 50 1372 94 1452; x_wconf 72' lang='lat' dir='ltr'>ib)</span> <span class='ocrx_word' id='word_1_94' title='bbox 111 1373 162 1434; x_wconf 88' lang='lat' dir='ltr'>Ex</span> <span class='ocrx_word' id='word_1_95' title='bbox 172 1373 454 1452; x_wconf 81' lang='lat' dir='ltr'>proxiEcclesiae‚</span> <span class='ocrx_word' id='word_1_96' title='bbox 465 1393 540 1454; x_wconf 85' lang='lat' dir='ltr'>quae</span> <span class='ocrx_word' id='word_1_97' title='bbox 556 1373 739 1454; x_wconf 88' lang='lat' dir='ltr'>antiquitus</span> <span class='ocrx_word' id='word_1_98' title='bbox 756 1373 956 1454; x_wconf 71' lang='lat' dir='ltr'>praescripsit</span> <span class='ocrx_word' id='word_1_99' title='bbox 967 1370 1135 1437; x_wconf 86' lang='lat' dir='ltr'>Christum¹</span> 
     </span>
     <span class='ocr_line' id='line_1_13' title="bbox 50 1475 1135 1558; baseline 0.004 -24"><span class='ocrx_word' id='word_1_100' title='bbox 50 1476 244 1540; x_wconf 88' lang='lat' dir='ltr'>adorandum</span> <span class='ocrx_word' id='word_1_101' title='bbox 262 1497 334 1540; x_wconf 87' lang='lat' dir='ltr'>esse</span> <span class='ocrx_word' id='word_1_102' title='bbox 350 1478 383 1539; x_wconf 90' lang='lat' dir='ltr'>in</span> <span class='ocrx_word' id='word_1_103' title='bbox 401 1476 621 1550; x_wconf 76' lang='lat' dir='ltr'>Eucharistia,</span> <span class='ocrx_word' id='word_1_104' title='bbox 637 1486 673 1538; x_wconf 93' lang='lat' dir='ltr'>ut</span> <span class='ocrx_word' id='word_1_105' title='bbox 697 1484 828 1538; x_wconf 88' lang='lat' dir='ltr'>constat</span> <span class='ocrx_word' id='word_1_106' title='bbox 851 1495 895 1538; x_wconf 89' lang='lat' dir='ltr'>ex</span> <span class='ocrx_word' id='word_1_107' title='bbox 920 1475 1086 1558; x_wconf 87' lang='lat' dir='ltr'>Liturgiis,</span> <span class='ocrx_word' id='word_1_108' title='bbox 1103 1477 1135 1538; x_wconf 93' lang='lat' dir='ltr'>in</span> 
     </span>
     <span class='ocr_line' id='line_1_14' title="bbox 51 1575 1137 1663; baseline 0.004 -22"><span class='ocrx_word' id='word_1_109' title='bbox 51 1580 160 1659; x_wconf 92' lang='lat' dir='ltr'>quibus</span> <span class='ocrx_word' id='word_1_110' title='bbox 185 1581 346 1662; x_wconf 89' lang='lat' dir='ltr'>repetitur</span> <span class='ocrx_word' id='word_1_111' title='bbox 372 1601 450 1644; x_wconf 91' lang='lat' dir='ltr'>usus</span> <span class='ocrx_word' id='word_1_112' title='bbox 476 1581 620 1644; x_wconf 85' lang='lat' dir='ltr'>hostiam</span> <span class='ocrx_word' id='word_1_113' title='bbox 648 1589 681 1642; x_wconf 88' lang='lat' dir='ltr'>et</span> <span class='ocrx_word' id='word_1_114' title='bbox 712 1579 848 1642; x_wconf 87' lang='lat' dir='ltr'>calicem</span> <span class='ocrx_word' id='word_1_115' title='bbox 880 1581 1029 1644; x_wconf 91' lang='lat' dir='ltr'>elevandi</span> <span class='ocrx_word' id='word_1_116' title='bbox 1062 1575 1137 1663; x_wconf 73' lang='lat' dir='ltr'>post</span> 
     </span>
     <span class='ocr_line' id='line_1_15' title="bbox 50 1683 1137 1758; baseline 0.004 -16"><span class='ocrx_word' id='word_1_117' title='bbox 50 1685 331 1758; x_wconf 88' lang='lat' dir='ltr'>consecrationem,</span> <span class='ocrx_word' id='word_1_118' title='bbox 348 1694 381 1747; x_wconf 89' lang='lat' dir='ltr'>et</span> <span class='ocrx_word' id='word_1_119' title='bbox 402 1703 528 1746; x_wconf 86' lang='lat' dir='ltr'>sacram</span> <span class='ocrx_word' id='word_1_120' title='bbox 552 1683 694 1745; x_wconf 89' lang='lat' dir='ltr'>hostiam</span> <span class='ocrx_word' id='word_1_121' title='bbox 718 1683 879 1745; x_wconf 89' lang='lat' dir='ltr'>adorandi</span> <span class='ocrx_word' id='word_1_122' title='bbox 895 1693 973 1746; x_wconf 89' lang='lat' dir='ltr'>ante</span> <span class='ocrx_word' id='word_1_123' title='bbox 989 1703 1137 1748; x_wconf 89' lang='lat' dir='ltr'>commu·</span> 
     </span>
     <span class='ocr_line' id='line_1_16' title="bbox 52 1787 205 1850; baseline 0.026 -4"><span class='ocrx_word' id='word_1_124' title='bbox 52 1787 205 1850; x_wconf 69' lang='lat' dir='ltr'>aionem-³.</span> 
     </span>
    </p>

    <p class='ocr_par' dir='ltr' id='par_1_4' title="bbox 53 1890 1139 2583">
     <span class='ocr_line' id='line_1_17' title="bbox 89 1890 1136 1970; baseline -0.006 -12"><span class='ocrx_word' id='word_1_125' title='bbox 89 1891 231 1970; x_wconf 63' lang='lat' dir='ltr'>(clrior.</span> <span class='ocrx_word' id='word_1_126' title='bbox 245 1892 334 1954; x_wconf 80' lang='lat' dir='ltr'>theol.</span> <span class='ocrx_word' id='word_1_127' title='bbox 380 1891 540 1965; x_wconf 69' lang='lat' dir='ltr'>Christus</span> <span class='ocrx_word' id='word_1_128' title='bbox 551 1910 626 1953; x_wconf 89' lang='lat' dir='ltr'>cum</span> <span class='ocrx_word' id='word_1_129' title='bbox 644 1890 686 1952; x_wconf 88' lang='lat' dir='ltr'>sit</span> <span class='ocrx_word' id='word_1_130' title='bbox 705 1890 796 1954; x_wconf 89' lang='lat' dir='ltr'>Deus</span> <span class='ocrx_word' id='word_1_131' title='bbox 813 1899 847 1953; x_wconf 90' lang='lat' dir='ltr'>et</span> <span class='ocrx_word' id='word_1_132' title='bbox 862 1890 974 1966; x_wconf 88' lang='lat' dir='ltr'>homo,</span> <span class='ocrx_word' id='word_1_133' title='bbox 989 1900 1040 1954; x_wconf 88' lang='lat' dir='ltr'>est</span> <span class='ocrx_word' id='word_1_134' title='bbox 1056 1892 1136 1953; x_wconf 88' lang='lat' dir='ltr'>ado·</span> 
     </span>
     <span class='ocr_line' id='line_1_18' title="bbox 54 1993 1138 2076; baseline 0.005 -25"><span class='ocrx_word' id='word_1_135' title='bbox 54 1993 164 2056; x_wconf 84' lang='lat' dir='ltr'>randu&#39;s</span> <span class='ocrx_word' id='word_1_136' title='bbox 179 1995 280 2056; x_wconf 90' lang='lat' dir='ltr'>etiam</span> <span class='ocrx_word' id='word_1_137' title='bbox 298 1994 389 2057; x_wconf 90' lang='lat' dir='ltr'>cultu</span> <span class='ocrx_word' id='word_1_138' title='bbox 405 2005 547 2058; x_wconf 87' lang='lat' dir='ltr'>externo</span> <span class='ocrx_word' id='word_1_139' title='bbox 570 1995 771 2076; x_wconf 88' lang='lat' dir='ltr'>ubicumque</span> <span class='ocrx_word' id='word_1_140' title='bbox 795 1995 967 2068; x_wconf 88' lang='lat' dir='ltr'>invenitur,</span> <span class='ocrx_word' id='word_1_141' title='bbox 984 1995 1083 2076; x_wconf 92' lang='lat' dir='ltr'>idque</span> <span class='ocrx_word' id='word_1_142' title='bbox 1098 2013 1138 2056; x_wconf 89' lang='lat' dir='ltr'>co</span> 
     </span>
     <span class='ocr_line' id='line_1_19' title="bbox 53 2093 1137 2179; baseline 0.005 -26"><span class='ocrx_word' id='word_1_143' title='bbox 53 2093 220 2159; x_wconf 73' lang='lat' dir='ltr'>ferventius</span> <span class='ocrx_word' id='word_1_144' title='bbox 235 2117 303 2177; x_wconf 91' lang='lat' dir='ltr'>quo</span> <span class='ocrx_word' id='word_1_145' title='bbox 319 2098 425 2178; x_wconf 87' lang='lat' dir='ltr'>magis</span> <span class='ocrx_word' id='word_1_146' title='bbox 445 2099 590 2179; x_wconf 90' lang='lat' dir='ltr'>seipsum</span> <span class='ocrx_word' id='word_1_147' title='bbox 616 2117 676 2178; x_wconf 90' lang='lat' dir='ltr'>pro</span> <span class='ocrx_word' id='word_1_148' title='bbox 700 2098 796 2160; x_wconf 92' lang='lat' dir='ltr'>nobis</span> <span class='ocrx_word' id='word_1_149' title='bbox 819 2097 979 2159; x_wconf 88' lang='lat' dir='ltr'>humiliat.</span> <span class='ocrx_word' id='word_1_150' title='bbox 1034 2097 1137 2178; x_wconf 85' lang='lat' dir='ltr'>Atqui</span> 
     </span>
     <span class='ocr_line' id='line_1_20' title="bbox 53 2197 1139 2281; baseline 0.003 -24"><span class='ocrx_word' id='word_1_151' title='bbox 53 2217 118 2260; x_wconf 82' lang='lat' dir='ltr'>vere</span> <span class='ocrx_word' id='word_1_152' title='bbox 132 2208 163 2261; x_wconf 90' lang='lat' dir='ltr'>et</span> <span class='ocrx_word' id='word_1_153' title='bbox 180 2200 311 2262; x_wconf 88' lang='lat' dir='ltr'>realiter</span> <span class='ocrx_word' id='word_1_154' title='bbox 327 2221 471 2281; x_wconf 69' lang='lat' dir='ltr'>praesens</span> <span class='ocrx_word' id='word_1_155' title='bbox 487 2211 537 2264; x_wconf 90' lang='lat' dir='ltr'>est</span> <span class='ocrx_word' id='word_1_156' title='bbox 560 2203 591 2263; x_wconf 92' lang='lat' dir='ltr'>in</span> <span class='ocrx_word' id='word_1_157' title='bbox 610 2201 827 2278; x_wconf 73' lang='lat' dir='ltr'>Eucharistia,</span> <span class='ocrx_word' id='word_1_158' title='bbox 844 2221 887 2262; x_wconf 88' lang='lat' dir='ltr'>ex</span> <span class='ocrx_word' id='word_1_159' title='bbox 912 2197 1009 2262; x_wconf 75' lang='lat' dir='ltr'>dictis</span> <span class='ocrx_word' id='word_1_160' title='bbox 1031 2207 1139 2272; x_wconf 88' lang='lat' dir='ltr'>antea,</span> 
     </span>
     <span class='ocr_line' id='line_1_21' title="bbox 53 2299 1137 2387; baseline 0.004 -27"><span class='ocrx_word' id='word_1_161' title='bbox 53 2299 152 2381; x_wconf 85' lang='lat' dir='ltr'>ibique</span> <span class='ocrx_word' id='word_1_162' title='bbox 167 2323 260 2366; x_wconf 90' lang='lat' dir='ltr'>suam</span> <span class='ocrx_word' id='word_1_163' title='bbox 280 2303 488 2384; x_wconf 89' lang='lat' dir='ltr'>majestatem</span> <span class='ocrx_word' id='word_1_164' title='bbox 506 2304 715 2366; x_wconf 89' lang='lat' dir='ltr'>abscondens</span> <span class='ocrx_word' id='word_1_165' title='bbox 731 2325 766 2367; x_wconf 93' lang='lat' dir='ltr'>se</span> <span class='ocrx_word' id='word_1_166' title='bbox 783 2305 856 2387; x_wconf 88' lang='lat' dir='ltr'>plus</span> <span class='ocrx_word' id='word_1_167' title='bbox 869 2303 1021 2366; x_wconf 84' lang='lat' dir='ltr'>humiliat</span> <span class='ocrx_word' id='word_1_168' title='bbox 1033 2321 1137 2384; x_wconf 89' lang='lat' dir='ltr'>quam</span> 
     </span>
     <span class='ocr_line' id='line_1_22' title="bbox 54 2402 1139 2488; baseline 0.006 -27"><span class='ocrx_word' id='word_1_169' title='bbox 54 2402 79 2462; x_wconf 93' lang='lat' dir='ltr'>in</span> <span class='ocrx_word' id='word_1_170' title='bbox 96 2406 244 2484; x_wconf 89' lang='lat' dir='ltr'>passione</span> <span class='ocrx_word' id='word_1_171' title='bbox 263 2405 363 2488; x_wconf 86' lang='lat' dir='ltr'>juxta</span> <span class='ocrx_word' id='word_1_172' title='bbox 383 2407 462 2470; x_wconf 91' lang='lat' dir='ltr'>illud</span> <span class='ocrx_word' id='word_1_173' title='bbox 481 2407 513 2470; x_wconf 90' lang='lat' dir='ltr'>S.</span> <span class='ocrx_word' id='word_1_174' title='bbox 531 2407 671 2470; x_wconf 86' lang='lat' dir='ltr'>Thomae</span> <span class='ocrx_word' id='word_1_175' title='bbox 691 2433 697 2470; x_wconf 75' lang='grc' dir='ltr'><strong><em>ε</em></strong></span> <span class='ocrx_word' id='word_1_176' title='bbox 723 2413 739 2439; x_wconf 86' lang='grc'>“</span> <span class='ocrx_word' id='word_1_177' title='bbox 754 2409 791 2470; x_wconf 91' lang='lat' dir='ltr'>ln</span> <span class='ocrx_word' id='word_1_178' title='bbox 808 2428 903 2471; x_wconf 92' lang='lat' dir='ltr'>cruce</span> <span class='ocrx_word' id='word_1_179' title='bbox 927 2407 1052 2470; x_wconf 91' lang='lat' dir='ltr'>latebat</span> <span class='ocrx_word' id='word_1_180' title='bbox 1068 2407 1139 2469; x_wconf 93' lang='lat' dir='ltr'>sola</span> 
     </span>
     <span class='ocr_line' id='line_1_23' title="bbox 53 2506 776 2583; baseline 0.014 -19"><span class='ocrx_word' id='word_1_181' title='bbox 53 2506 156 2583; x_wconf 87' lang='lat' dir='ltr'>deitas,</span> <span class='ocrx_word' id='word_1_182' title='bbox 171 2518 206 2571; x_wconf 92' lang='lat' dir='ltr'>at</span> <span class='ocrx_word' id='word_1_183' title='bbox 222 2509 275 2571; x_wconf 92' lang='lat' dir='ltr'>hic</span> <span class='ocrx_word' id='word_1_184' title='bbox 292 2509 372 2572; x_wconf 89' lang='lat' dir='ltr'>latet</span> <span class='ocrx_word' id='word_1_185' title='bbox 388 2509 484 2571; x_wconf 91' lang='lat' dir='ltr'>simul</span> <span class='ocrx_word' id='word_1_186' title='bbox 502 2520 534 2573; x_wconf 90' lang='lat' dir='ltr'>et</span> <span class='ocrx_word' id='word_1_187' title='bbox 552 2510 741 2573; x_wconf 90' lang='lat' dir='ltr'>humanitas</span> <span class='ocrx_word' id='word_1_188' title='bbox 753 2513 776 2574; x_wconf 84' lang='lat'>¹¹.</span> 
     </span>
    </p>

    <p class='ocr_par' dir='ltr' id='par_1_5' title="bbox 54 2611 1140 3210">
     <span class='ocr_line' id='line_1_24' title="bbox 89 2611 1138 2695; baseline 0 -21"><span class='ocrx_word' id='word_1_189' title='bbox 89 2613 133 2689; x_wconf 86' lang='grc'>58.</span> <span class='ocrx_word' id='word_1_190' title='bbox 179 2624 213 2691; x_wconf 84' lang='lat'>3⁰</span> <span class='ocrx_word' id='word_1_191' title='bbox 234 2611 437 2674; x_wconf 72' lang='lat' dir='ltr'>Corollaria:</span> <span class='ocrx_word' id='word_1_192' title='bbox 464 2611 520 2690; x_wconf 79' lang='lat' dir='ltr'>(A)</span> <span class='ocrx_word' id='word_1_193' title='bbox 540 2615 598 2676; x_wconf 93' lang='lat' dir='ltr'>Pia</span> <span class='ocrx_word' id='word_1_194' title='bbox 613 2623 645 2675; x_wconf 88' lang='lat' dir='ltr'>et</span> <span class='ocrx_word' id='word_1_195' title='bbox 663 2614 751 2675; x_wconf 85' lang='lat' dir='ltr'>utilis</span> <span class='ocrx_word' id='word_1_196' title='bbox 768 2626 818 2676; x_wconf 90' lang='lat' dir='ltr'>est</span> <span class='ocrx_word' id='word_1_197' title='bbox 834 2615 948 2695; x_wconf 90' lang='lat' dir='ltr'>praxis</span> <span class='ocrx_word' id='word_1_198' title='bbox 963 2613 1006 2676; x_wconf 89' lang='lat' dir='ltr'>ab</span> <span class='ocrx_word' id='word_1_199' title='bbox 1024 2612 1138 2674; x_wconf 90' lang='lat' dir='ltr'>Eccle-</span> 
     </span>
     <span class='ocr_line' id='line_1_25' title="bbox 54 2713 1140 2796; baseline 0.006 -26"><span class='ocrx_word' id='word_1_200' title='bbox 54 2713 95 2772; x_wconf 78' lang='lat' dir='ltr'>sia</span> <span class='ocrx_word' id='word_1_201' title='bbox 110 2715 266 2790; x_wconf 86' lang='lat' dir='ltr'>instituta,</span> <span class='ocrx_word' id='word_1_202' title='bbox 282 2716 457 2795; x_wconf 81' lang='lat' dir='ltr'>exponendi</span> <span class='ocrx_word' id='word_1_203' title='bbox 471 2715 536 2778; x_wconf 74' lang='lat'>35.</span> <span class='ocrx_word' id='word_1_204' title='bbox 556 2717 813 2780; x_wconf 80' lang='lat' dir='ltr'>Sacramentum.</span> <span class='ocrx_word' id='word_1_205' title='bbox 859 2717 1023 2781; x_wconf 88' lang='lat' dir='ltr'>Convenit</span> <span class='ocrx_word' id='word_1_206' title='bbox 1040 2715 1140 2796; x_wconf 89' lang='lat' dir='ltr'>siqui-</span> 
     </span>
     <span class='ocr_line' id='line_1_26' title="bbox 55 2817 1139 2900; baseline 0.004 -25"><span class='ocrx_word' id='word_1_207' title='bbox 55 2817 128 2891; x_wconf 86' lang='lat' dir='ltr'>dem,</span> <span class='ocrx_word' id='word_1_208' title='bbox 139 2829 173 2881; x_wconf 92' lang='lat' dir='ltr'>ut</span> <span class='ocrx_word' id='word_1_209' title='bbox 190 2819 390 2900; x_wconf 89' lang='lat' dir='ltr'>quibusdam</span> <span class='ocrx_word' id='word_1_210' title='bbox 405 2820 522 2882; x_wconf 89' lang='lat' dir='ltr'>saltem</span> <span class='ocrx_word' id='word_1_211' title='bbox 540 2821 665 2896; x_wconf 71' lang='lat' dir='ltr'>diebus</span> <span class='ocrx_word' id='word_1_212' title='bbox 677 2819 809 2883; x_wconf 87' lang='lat' dir='ltr'>Christo</span> <span class='ocrx_word' id='word_1_213' title='bbox 826 2820 940 2883; x_wconf 86' lang='lat' dir='ltr'>latenti</span> <span class='ocrx_word' id='word_1_214' title='bbox 958 2821 990 2880; x_wconf 94' lang='lat' dir='ltr'>in</span> <span class='ocrx_word' id='word_1_215' title='bbox 1010 2819 1139 2880; x_wconf 87' lang='lat' dir='ltr'>Eucha-</span> 
     </span>
     <span class='ocr_line' id='line_1_27' title="bbox 56 2919 1140 3004; baseline 0.005 -27"><span class='ocrx_word' id='word_1_216' title='bbox 56 2919 133 2982; x_wconf 76' lang='lat' dir='ltr'>ristia</span> <span class='ocrx_word' id='word_1_217' title='bbox 156 2922 279 3004; x_wconf 91' lang='lat' dir='ltr'>publici</span> <span class='ocrx_word' id='word_1_218' title='bbox 304 2923 476 2987; x_wconf 91' lang='lat' dir='ltr'>solvantur</span> <span class='ocrx_word' id='word_1_219' title='bbox 498 2924 650 3000; x_wconf 74' lang='lat' dir='ltr'>honorcS,</span> <span class='ocrx_word' id='word_1_220' title='bbox 667 2934 703 2986; x_wconf 93' lang='lat' dir='ltr'>ut</span> <span class='ocrx_word' id='word_1_221' title='bbox 727 2924 853 3004; x_wconf 82' lang='lat' dir='ltr'>injuriae</span> <span class='ocrx_word' id='word_1_222' title='bbox 875 2925 983 2985; x_wconf 88' lang='lat' dir='ltr'>eidem</span> <span class='ocrx_word' id='word_1_223' title='bbox 1006 2919 1140 2983; x_wconf 67' lang='lat' dir='ltr'>inflictae</span> 
     </span>
     <span class='ocr_line' id='line_1_28' title="bbox 56 3026 1140 3109; baseline 0.002 -24"><span class='ocrx_word' id='word_1_224' title='bbox 56 3038 241 3103; x_wconf 81' lang='lat' dir='ltr'>reparentur,</span> <span class='ocrx_word' id='word_1_225' title='bbox 256 3047 295 3088; x_wconf 89' lang='lat' dir='ltr'>ac</span> <span class='ocrx_word' id='word_1_226' title='bbox 319 3026 432 3089; x_wconf 85' lang='lat' dir='ltr'>fideles</span> <span class='ocrx_word' id='word_1_227' title='bbox 456 3027 591 3109; x_wconf 90' lang='lat' dir='ltr'>propius</span> <span class='ocrx_word' id='word_1_228' title='bbox 608 3027 768 3089; x_wconf 84' lang='lat' dir='ltr'>accedant</span> <span class='ocrx_word' id='word_1_229' title='bbox 785 3028 825 3089; x_wconf 93' lang='lat' dir='ltr'>ad</span> <span class='ocrx_word' id='word_1_230' title='bbox 843 3026 998 3088; x_wconf 90' lang='lat' dir='ltr'>thronum</span> <span class='ocrx_word' id='word_1_231' title='bbox 1016 3026 1140 3106; x_wconf 68' lang='lat' dir='ltr'>gratiae,</span> 
     </span>
     <span class='ocr_line' id='line_1_29' title="bbox 57 3128 850 3210; baseline 0.009 -27"><span class='ocrx_word' id='word_1_232' title='bbox 57 3133 84 3184; x_wconf 90' lang='lat' dir='ltr'>ut</span> <span class='ocrx_word' id='word_1_233' title='bbox 98 3147 195 3190; x_wconf 85' lang='lat' dir='ltr'>novas</span> <span class='ocrx_word' id='word_1_234' title='bbox 211 3128 461 3193; x_wconf 70' lang='lat' dir='ltr'>benedictiones</span> <span class='ocrx_word' id='word_1_235' title='bbox 477 3151 496 3193; x_wconf 93' lang='lat' dir='ltr'>a</span> <span class='ocrx_word' id='word_1_236' title='bbox 514 3131 661 3193; x_wconf 90' lang='lat' dir='ltr'>Domino</span> <span class='ocrx_word' id='word_1_237' title='bbox 678 3129 850 3210; x_wconf 89' lang='lat' dir='ltr'>accipiant.</span> 
     </span>
    </p>
   </div>
   <div class='ocr_carea' id='block_1_3' title="bbox 58 3309 1142 4343">
    <p class='ocr_par' dir='ltr' id='par_1_6' title="bbox 86 3309 317 3390">
     <span class='ocr_line' id='line_1_30' title="bbox 86 3309 317 3390; baseline 0.017 -21"><span class='ocrx_word' id='word_1_238' title='bbox 86 3309 203 3390; x_wconf 56' lang='lat' dir='ltr'>&#39;Patron</span> <span class='ocrx_word' id='word_1_239' title='bbox 222 3321 261 3387; x_wconf 94' lang='lat' dir='ltr'>ll,</span> <span class='ocrx_word' id='word_1_240' title='bbox 279 3336 317 3373; x_wconf 81' lang='grc' dir='ltr'>ιο.</span> 
     </span>
    </p>

    <p class='ocr_par' dir='ltr' id='par_1_7' title="bbox 84 3407 506 3478">
     <span class='ocr_line' id='line_1_31' title="bbox 84 3407 506 3478; baseline 0.012 -20"><span class='ocrx_word' id='word_1_241' title='bbox 84 3411 92 3428; x_wconf 82' lang='lat'><em>²</em></span> <span class='ocrx_word' id='word_1_242' title='bbox 105 3407 203 3462; x_wconf 86' lang='lat' dir='ltr'>Homil.</span> <span class='ocrx_word' id='word_1_243' title='bbox 218 3423 233 3476; x_wconf 83' lang='lat'>3</span> <span class='ocrx_word' id='word_1_244' title='bbox 247 3408 276 3461; x_wconf 90' lang='lat' dir='ltr'>in</span> <span class='ocrx_word' id='word_1_245' title='bbox 291 3425 335 3478; x_wconf 89' lang='lat' dir='ltr'>ep.</span> <span class='ocrx_word' id='word_1_246' title='bbox 352 3410 388 3462; x_wconf 88' lang='lat' dir='ltr'>ad</span> <span class='ocrx_word' id='word_1_247' title='bbox 402 3409 506 3477; x_wconf 86' lang='lat' dir='ltr'>Eplres.</span> 
     </span>
    </p>

    <p class='ocr_par' dir='ltr' id='par_1_8' title="bbox 85 3489 805 3564">
     <span class='ocr_line' id='line_1_32' title="bbox 85 3489 805 3564; baseline 0.003 -18"><span class='ocrx_word' id='word_1_248' title='bbox 85 3489 135 3546; x_wconf 78' lang='lat' dir='ltr'>³ln</span> <span class='ocrx_word' id='word_1_249' title='bbox 151 3497 193 3548; x_wconf 90' lang='lat' dir='ltr'>Ps.</span> <span class='ocrx_word' id='word_1_250' title='bbox 207 3497 251 3562; x_wconf 90' lang='lat'>98,</span> <span class='ocrx_word' id='word_1_251' title='bbox 265 3514 291 3548; x_wconf 89' lang='lat' dir='ltr'>n.</span> <span class='ocrx_word' id='word_1_252' title='bbox 308 3495 331 3550; x_wconf 91' lang='lat'>8.</span> <span class='ocrx_word' id='word_1_253' title='bbox 349 3525 380 3532; x_wconf 84' lang='lat'><em>—</em></span> <span class='ocrx_word' id='word_1_254' title='bbox 393 3495 403 3525; x_wconf 76' lang='lat'>⁴</span> <span class='ocrx_word' id='word_1_255' title='bbox 416 3497 531 3550; x_wconf 89' lang='lat' dir='ltr'>Catech.</span> <span class='ocrx_word' id='word_1_256' title='bbox 548 3506 666 3564; x_wconf 87' lang='lat' dir='ltr'>mystag.</span> <span class='ocrx_word' id='word_1_257' title='bbox 683 3509 706 3562; x_wconf 83' lang='lat'>5,</span> <span class='ocrx_word' id='word_1_258' title='bbox 720 3512 747 3548; x_wconf 90' lang='lat' dir='ltr'>n.</span> <span class='ocrx_word' id='word_1_259' title='bbox 765 3510 805 3548; x_wconf 85' lang='lat'>21.</span> 
     </span>
    </p>

    <p class='ocr_par' dir='ltr' id='par_1_9' title="bbox 58 3577 1142 4343">
     <span class='ocr_line' id='line_1_33' title="bbox 85 3577 1140 3646; baseline -0.004 -12"><span class='ocrx_word' id='word_1_260' title='bbox 85 3581 122 3608; x_wconf 74' lang='lat'>⁵⁴¹</span> <span class='ocrx_word' id='word_1_261' title='bbox 138 3583 166 3635; x_wconf 88' lang='lat' dir='ltr'>ln</span> <span class='ocrx_word' id='word_1_262' title='bbox 187 3583 317 3636; x_wconf 69' lang='lat' dir='ltr'>Ecclesia</span> <span class='ocrx_word' id='word_1_263' title='bbox 337 3583 523 3646; x_wconf 85' lang='lat' dir='ltr'>Occidentali,</span> <span class='ocrx_word' id='word_1_264' title='bbox 543 3582 663 3636; x_wconf 82' lang='lat' dir='ltr'>maxime</span> <span class='ocrx_word' id='word_1_265' title='bbox 689 3581 715 3633; x_wconf 92' lang='lat' dir='ltr'>in</span> <span class='ocrx_word' id='word_1_266' title='bbox 738 3581 845 3645; x_wconf 89' lang='lat' dir='ltr'>Galliis,</span> <span class='ocrx_word' id='word_1_267' title='bbox 865 3580 965 3632; x_wconf 89' lang='lat' dir='ltr'>diebus</span> <span class='ocrx_word' id='word_1_268' title='bbox 991 3577 1140 3646; x_wconf 68' lang='lat' dir='ltr'>praecipuis</span> 
     </span>
     <span class='ocr_line' id='line_1_34' title="bbox 58 3665 1138 3739; baseline 0.004 -25"><span class='ocrx_word' id='word_1_269' title='bbox 58 3667 143 3732; x_wconf 87' lang='lat' dir='ltr'>quibus</span> <span class='ocrx_word' id='word_1_270' title='bbox 162 3671 308 3724; x_wconf 88' lang='lat' dir='ltr'>universus</span> <span class='ocrx_word' id='word_1_271' title='bbox 333 3670 452 3739; x_wconf 87' lang='lat' dir='ltr'>populus</span> <span class='ocrx_word' id='word_1_272' title='bbox 477 3671 514 3724; x_wconf 90' lang='lat' dir='ltr'>ad</span> <span class='ocrx_word' id='word_1_273' title='bbox 540 3686 648 3723; x_wconf 86' lang='lat' dir='ltr'>sacram</span> <span class='ocrx_word' id='word_1_274' title='bbox 669 3668 802 3736; x_wconf 86' lang='lat' dir='ltr'>Synaxim</span> <span class='ocrx_word' id='word_1_275' title='bbox 822 3667 956 3720; x_wconf 87' lang='lat' dir='ltr'>accedere</span> <span class='ocrx_word' id='word_1_276' title='bbox 981 3665 1138 3728; x_wconf 88' lang='lat' dir='ltr'>tenebatur,</span> 
     </span>
     <span class='ocr_line' id='line_1_35' title="bbox 59 3751 1141 3819; baseline 0.003 -19"><span class='ocrx_word' id='word_1_277' title='bbox 59 3755 160 3809; x_wconf 86' lang='lat' dir='ltr'>solemni</span> <span class='ocrx_word' id='word_1_278' title='bbox 174 3757 227 3810; x_wconf 91' lang='lat' dir='ltr'>ritu</span> <span class='ocrx_word' id='word_1_279' title='bbox 239 3757 277 3809; x_wconf 90' lang='lat' dir='ltr'>ad</span> <span class='ocrx_word' id='word_1_280' title='bbox 291 3758 517 3810; x_wconf 88' lang='lat' dir='ltr'>communionem</span> <span class='ocrx_word' id='word_1_281' title='bbox 532 3755 704 3809; x_wconf 88' lang='lat' dir='ltr'>invitabatur</span> <span class='ocrx_word' id='word_1_282' title='bbox 716 3755 760 3808; x_wconf 88' lang='lat' dir='ltr'>his</span> <span class='ocrx_word' id='word_1_283' title='bbox 771 3753 863 3808; x_wconf 88' lang='lat' dir='ltr'>verbis</span> <span class='ocrx_word' id='word_1_284' title='bbox 879 3771 883 3804; x_wconf 96' lang='lat'><strong>:</strong></span> <span class='ocrx_word' id='word_1_285' title='bbox 904 3751 1005 3804; x_wconf 88' lang='lat' dir='ltr'>Venite</span> <span class='ocrx_word' id='word_1_286' title='bbox 1019 3751 1141 3819; x_wconf 86' lang='lat' dir='ltr'>populi...</span> 
     </span>
     <span class='ocr_line' id='line_1_36' title="bbox 60 3837 1140 3912; baseline -0.001 -22"><span class='ocrx_word' id='word_1_287' title='bbox 60 3841 171 3896; x_wconf 85' lang='lat' dir='ltr'>manibus</span> <span class='ocrx_word' id='word_1_288' title='bbox 190 3843 301 3898; x_wconf 89' lang='lat' dir='ltr'>mundis</span> <span class='ocrx_word' id='word_1_289' title='bbox 319 3844 493 3912; x_wconf 68' lang='lat' dir='ltr'>poenitentiae</span> <span class='ocrx_word' id='word_1_290' title='bbox 512 3859 612 3895; x_wconf 87' lang='lat' dir='ltr'>munus</span> <span class='ocrx_word' id='word_1_291' title='bbox 631 3843 881 3902; x_wconf 62' lang='lat' dir='ltr'>communicemus</span> <span class='ocrx_word' id='word_1_292' title='bbox 896 3837 1028 3908; x_wconf 89' lang='lat' dir='ltr'>quoniam</span> <span class='ocrx_word' id='word_1_293' title='bbox 1043 3841 1140 3906; x_wconf 80' lang='lat' dir='ltr'>Agnus</span> 
     </span>
     <span class='ocr_line' id='line_1_37' title="bbox 62 3925 1142 4000; baseline 0.003 -25"><span class='ocrx_word' id='word_1_294' title='bbox 62 3925 105 3979; x_wconf 85' lang='lat' dir='ltr'>Ilei</span> <span class='ocrx_word' id='word_1_295' title='bbox 119 3945 225 4000; x_wconf 88' lang='lat' dir='ltr'>propter</span> <span class='ocrx_word' id='word_1_296' title='bbox 235 3948 287 3984; x_wconf 88' lang='lat' dir='ltr'>nos</span> <span class='ocrx_word' id='word_1_297' title='bbox 300 3931 373 3984; x_wconf 86' lang='lat' dir='ltr'>Patri</span> <span class='ocrx_word' id='word_1_298' title='bbox 389 3931 555 3984; x_wconf 87' lang='lat' dir='ltr'>sacrificium</span> <span class='ocrx_word' id='word_1_299' title='bbox 569 3929 743 3998; x_wconf 87' lang='lat' dir='ltr'>propositum</span> <span class='ocrx_word' id='word_1_300' title='bbox 756 3939 798 3981; x_wconf 81' lang='lat' dir='ltr'>est</span> <span class='ocrx_word' id='word_1_301' title='bbox 814 3945 819 3980; x_wconf 93' lang='lat'><strong>:</strong></span> <span class='ocrx_word' id='word_1_302' title='bbox 837 3929 930 3995; x_wconf 66' lang='lat' dir='ltr'>opsono</span> <span class='ocrx_word' id='word_1_303' title='bbox 943 3927 1033 3978; x_wconf 87' lang='lat' dir='ltr'>solum</span> <span class='ocrx_word' id='word_1_304' title='bbox 1046 3927 1142 3978; x_wconf 83' lang='lat' dir='ltr'>odore·</span> 
     </span>
     <span class='ocr_line' id='line_1_38' title="bbox 61 4012 1140 4087; baseline -0.008 -14"><span class='ocrx_word' id='word_1_305' title='bbox 61 4019 151 4068; x_wconf 55' lang='lat' dir='ltr'>’duras&#39;</span> <span class='ocrx_word' id='word_1_306' title='bbox 163 4019 313 4082; x_wconf 73' lang='lat' dir='ltr'>(Marione,</span> <span class='ocrx_word' id='word_1_307' title='bbox 326 4017 362 4072; x_wconf 89' lang='lat' dir='ltr'>de</span> <span class='ocrx_word' id='word_1_308' title='bbox 375 4017 469 4087; x_wconf 82' lang='lat' dir='ltr'>Antiq.</span> <span class='ocrx_word' id='word_1_309' title='bbox 486 4016 539 4069; x_wconf 88' lang='lat' dir='ltr'>Rit.</span> <span class='ocrx_word' id='word_1_310' title='bbox 554 4016 572 4069; x_wconf 91' lang='lat' dir='ltr'>l.</span> <span class='ocrx_word' id='word_1_311' title='bbox 591 4017 611 4081; x_wconf 90' lang='lat' dir='ltr'>l,</span> <span class='ocrx_word' id='word_1_312' title='bbox 626 4033 647 4068; x_wconf 92' lang='lat' dir='ltr'>c.</span> <span class='ocrx_word' id='word_1_313' title='bbox 662 4031 687 4080; x_wconf 79' lang='grc'>4,</span> <span class='ocrx_word' id='word_1_314' title='bbox 701 4033 726 4070; x_wconf 91' lang='lat' dir='ltr'>a.</span> <span class='ocrx_word' id='word_1_315' title='bbox 746 4031 785 4080; x_wconf 89' lang='lat'>10,</span> <span class='ocrx_word' id='word_1_316' title='bbox 799 4030 824 4066; x_wconf 91' lang='lat' dir='ltr'>n.</span> <span class='ocrx_word' id='word_1_317' title='bbox 839 4013 878 4077; x_wconf 81' lang='lat'>6.)</span> <span class='ocrx_word' id='word_1_318' title='bbox 917 4013 997 4066; x_wconf 85' lang='lat' dir='ltr'>Ritus</span> <span class='ocrx_word' id='word_1_319' title='bbox 1010 4012 1140 4065; x_wconf 78' lang='lat' dir='ltr'>elevatio·</span> 
     </span>
     <span class='ocr_line' id='line_1_39' title="bbox 61 4098 1140 4173; baseline 0.005 -26"><span class='ocrx_word' id='word_1_320' title='bbox 61 4102 97 4150; x_wconf 81' lang='lat' dir='ltr'>nis</span> <span class='ocrx_word' id='word_1_321' title='bbox 108 4121 156 4157; x_wconf 94' lang='lat' dir='ltr'>non</span> <span class='ocrx_word' id='word_1_322' title='bbox 171 4118 226 4158; x_wconf 89' lang='lat' dir='ltr'>tam</span> <span class='ocrx_word' id='word_1_323' title='bbox 240 4104 373 4173; x_wconf 88' lang='lat' dir='ltr'>antiquus</span> <span class='ocrx_word' id='word_1_324' title='bbox 386 4115 428 4158; x_wconf 89' lang='lat' dir='ltr'>est</span> <span class='ocrx_word' id='word_1_325' title='bbox 444 4121 528 4173; x_wconf 90' lang='lat' dir='ltr'>quarn</span> <span class='ocrx_word' id='word_1_326' title='bbox 546 4102 614 4156; x_wconf 83' lang='lat' dir='ltr'>ritus</span> <span class='ocrx_word' id='word_1_327' title='bbox 632 4100 804 4155; x_wconf 86' lang='lat' dir='ltr'>adorationis</span> <span class='ocrx_word' id='word_1_328' title='bbox 819 4121 824 4164; x_wconf 88' lang='lat'>;</span> <span class='ocrx_word' id='word_1_329' title='bbox 845 4099 952 4154; x_wconf 84' lang='lat' dir='ltr'>videtur</span> <span class='ocrx_word' id='word_1_330' title='bbox 965 4098 1140 4152; x_wconf 69' lang='lat' dir='ltr'>introdudius</span> 
     </span>
     <span class='ocr_line' id='line_1_40' title="bbox 63 4187 1139 4260; baseline -0.003 -20"><span class='ocrx_word' id='word_1_331' title='bbox 63 4197 169 4258; x_wconf 84' lang='lat' dir='ltr'>tenpore</span> <span class='ocrx_word' id='word_1_332' title='bbox 182 4192 350 4260; x_wconf 86' lang='lat' dir='ltr'>Berengarii,</span> <span class='ocrx_word' id='word_1_333' title='bbox 368 4191 394 4244; x_wconf 94' lang='lat' dir='ltr'>in</span> <span class='ocrx_word' id='word_1_334' title='bbox 415 4189 620 4260; x_wconf 88' lang='lat' dir='ltr'>reparationem</span> <span class='ocrx_word' id='word_1_335' title='bbox 634 4188 741 4258; x_wconf 83' lang='lat' dir='ltr'>injurire</span> <span class='ocrx_word' id='word_1_336' title='bbox 755 4188 818 4242; x_wconf 90' lang='lat' dir='ltr'>huic</span> <span class='ocrx_word' id='word_1_337' title='bbox 833 4189 1017 4241; x_wconf 89' lang='lat' dir='ltr'>Sacramento</span> <span class='ocrx_word' id='word_1_338' title='bbox 1035 4187 1120 4238; x_wconf 86' lang='lat' dir='ltr'>illatae</span> <span class='ocrx_word' id='word_1_339' title='bbox 1133 4205 1139 4248; x_wconf 83' lang='lat'>;</span> 
     </span>
     <span class='ocr_line' id='line_1_41' title="bbox 63 4274 890 4343; baseline 0.007 -21"><span class='ocrx_word' id='word_1_340' title='bbox 63 4274 103 4324; x_wconf 85' lang='lat' dir='ltr'>sed</span> <span class='ocrx_word' id='word_1_341' title='bbox 115 4279 199 4343; x_wconf 85' lang='lat' dir='ltr'>praxis</span> <span class='ocrx_word' id='word_1_342' title='bbox 214 4277 421 4332; x_wconf 88' lang='lat' dir='ltr'>Eucharistiam</span> <span class='ocrx_word' id='word_1_343' title='bbox 435 4276 573 4330; x_wconf 86' lang='lat' dir='ltr'>adorandi</span> <span class='ocrx_word' id='word_1_344' title='bbox 586 4277 674 4329; x_wconf 89' lang='lat' dir='ltr'>multo</span> <span class='ocrx_word' id='word_1_345' title='bbox 687 4275 827 4343; x_wconf 86' lang='lat' dir='ltr'>antiquior</span> <span class='ocrx_word' id='word_1_346' title='bbox 840 4285 890 4328; x_wconf 87' lang='lat' dir='ltr'>est.</span> 
     </span>
    </p>
   </div>
   <div class='ocr_carea' id='block_1_4' title="bbox 0 0 1394 4648">
    <p class='ocr_par' dir='ltr' id='par_1_10' title="bbox 0 0 1394 4648">
     <span class='ocr_line' id='line_1_42' title="bbox 0 0 1394 4648; baseline 0 0"><span class='ocrx_word' id='word_1_347' title='bbox 0 0 1394 4648; x_wconf 95' lang='lat' dir='ltr'> </span> 
     </span>
    </p>
   </div>
  </div>
 </body>
</html>
