2758 4652
253 177 319 226 538
459 178 514 225 DE
535 177 833 226 POENITENTIAE
845 174 1140 227 SACRAMENTO.

253 359 312 420 tim
329 359 526 422 adulterium
544 381 608 423 non
634 381 731 442 posse
753 360 892 436 remitti;
922 378 1023 440 quam
1047 357 1197 418 haeresim
1219 353 1247 414 T
1244 354 1339 415 ertrrl-

251 460 369 536 lianus,
396 463 481 524 circa
513 462 613 525 finem
645 465 722 526 vitae
749 483 827 536 suae,
853 481 975 542 magno
1002 459 1161 522 Ecclesiae
1187 455 1340 518 scandalo

252 567 488 646 propugnavit;
511 566 562 647 (b)
580 565 763 628 Novatr'nni
771 565 858 646 (saec.
879 557 961 648 111),
976 562 1042 643 qui,
1058 561 1193 634 Novaro,
1207 557 1338 622 Cartha·

251 666 379 746 ginensi
396 667 598 749 presbytero,
611 677 645 730 et
660 668 848 730 Novatiano
860 667 1047 748 Anti-papa
1062 663 1209 737 ducibus,
1224 663 1340 724 docue-

251 779 327 831 runt
362 770 564 851 apostasiam
591 791 612 832 a
637 770 710 852 fide
738 790 811 832 esse
849 767 1123 844 irremissibilem;
1165 764 1341 827 Donatum

250 869 336 949 (saec.
358 867 407 955 V)
432 872 487 953 qui
513 873 673 935 tenebant
700 872 876 935 traditores
900 890 1067 933 sacrorum
1097 869 1252 930 librorum
1276 885 1338 929 non

249 993 346 1054 posse
370 973 402 1035 in
429 976 698 1038 communionem
717 974 875 1048 Ecclesiae
903 973 1002 1054 recipi
1029 992 1090 1034 nec
1113 971 1212 1033 etiam
1236 969 1340 1031 valide

249 1087 455 1139 sacramenta
473 1078 667 1142 ministrare.

288 1219 336 1299 84
384 1224 481 1281 Thesis
496 1249 506 1282 .·
536 1224 811 1287 Sacramentum
831 1219 1054 1285 Poenitentiae
1074 1219 1146 1284 vim
1162 1217 1271 1283 habet
1290 1236 1339 1283 re·

248 1317 414 1382 mittendi
439 1320 561 1384 omnia
586 1325 744 1398 peccata,
767 1318 999 1396 quantumvis
1019 1317 1145 1398 gravia
1165 1322 1203 1380 et
1233 1333 1339 1394 saepe

247 1414 400 1492 repetita
410 1429 432 1486 ¹,
480 1417 608 1498 Defide
622 1428 721 1480 estex
736 1417 766 1480 T
765 1419 879 1481 rident.
892 1414 981 1502 (can.
1003 1419 1032 1498 ι)
1047 1441 1053 1479 :
1078 1425 1092 1448 ·‘
1107 1417 1142 1482 Si
1159 1417 1232 1498 quis
1247 1415 1340 1480 dixe·

248 1519 289 1580 rit
306 1521 337 1580 in
355 1520 528 1584 Catholica
543 1521 692 1584 Ecclesia
711 1521 946 1584 Poenitentiam
964 1540 1030 1583 non
1043 1540 1116 1582 esse
1131 1539 1207 1582 vere
1222 1529 1255 1582 et
1272 1540 1342 1600 pro

248 1623 317 1703 prie
333 1635 587 1700 sacramentum,
603 1645 664 1706 pro
687 1623 849 1700 fidelibus
864 1625 986 1705 quoties
995 1633 1073 1706 post
1085 1623 1294 1704 Baptrlrmum
1310 1625 1342 1684 in

239 1734 368 1805 peccata
382 1725 545 1802 labuntur,
567 1727 628 1808 ipsi
647 1727 720 1788 Deo
737 1728 987 1790 reconciliandis
1003 1747 1022 1790 a
1039 1727 1174 1791 Christo
1192 1727 1341 1789 Domino

248 1837 361 1890 nostro
378 1829 575 1906 institutum,
593 1829 632 1892 A.
647 1831 697 1894 S.”

288 1929 337 2008 85.
387 1928 451 2016 (A)
479 1932 598 2014 Script.
654 1935 701 1998 Ut
731 1934 800 2015 jam
825 1935 982 2008 diximus
1005 1930 1130 1993 verba:
1165 1929 1340 2007 “Quorum

246 2034 437 2097 remiseritis
451 2037 658 2115 peccata...”
679 2048 757 2100 sunt
783 2037 880 2099 simul
908 2033 1111 2118 explicativa
1129 2042 1163 2095 et
1187 2033 1343 2095 determi-

246 2138 358 2199 nativa
382 2138 584 2201 verborum:
618 2145 634 2170 “
659 2161 861 2221 quecumque
878 2139 1113 2221 ligaveritis...
1139 2156 1343 2217 quoecumque

244 2239 486 2316 solvm'tis...''‚
515 2250 679 2320 quatenus
710 2244 819 2324 priora
852 2245 959 2324 magis
985 2241 1145 2323 explicite
1175 2239 1344 2302 declarant

246 2363 344 2405 unam
362 2364 380 2405 e
397 2343 610 2408 facultatibus
622 2367 696 2428 quae
709 2347 740 2407 in
753 2346 990 2428 posterioribus
1003 2343 1230 2416 includuntur;
1253 2341 1343 2423 atqui

244 2446 344 2507 verba
360 2451 375 2476 ‘¹
388 2467 590 2530 qudcumque
601 2450 617 2474 ''
633 2450 831 2513 universalia
847 2458 933 2524 sunt,
950 2469 1010 2511 nec
1030 2449 1134 2510 ullum
1158 2446 1342 2509 excludunt

243 2557 426 2626 peccatum,
442 2552 653 2630 quantumvis
675 2572 775 2634 grave
797 2562 854 2615 aut
878 2572 967 2633 saepe
991 2549 1186 2632 repetitum
1210 2549 1342 2610 aliunde

244 2651 404 2712 terminus
419 2671 554 2731 quornm
572 2653 641 2735 ipse
658 2655 851 2718 indefinitus
867 2664 927 2730 est,
943 2673 1003 2715 nec
1020 2652 1124 2715 ullum
1150 2653 1280 2733 excipit
1298 2671 1339 2712 ex

243 2751 282 2812 iis
297 2752 487 2815 hominibus
504 2756 559 2835 qui
577 2757 735 2818 Ecclesiae
748 2757 906 2838 potestati
918 2755 1117 2831 subduntur;
1138 2773 1220 2835 ergo
1229 2754 1340 2815 omnia

242 2865 378 2936 peccata
402 2857 552 2919 omnium
579 2859 741 2921 Fidelium
766 2859 892 2921 absolvi
922 2866 1068 2938 possunt.
1120 2853 1222 2936 Quod
1246 2876 1337 2935 argu·

242 2968 390 3021 mentum
418 2961 552 3023 Patrum
570 2959 766 3025 auctoritate
787 2961 960 3023 firmatur:
991 2959 1159 3020 Pacianus
1175 2959 1336 3039 siquidem

241 3060 306 3142 (ep.
336 3080 352 3142 3
379 3064 419 3125 ad
446 3063 639 3146 Sympron.)
668 3065 769 3127 verba
794 3085 893 3146 supra
926 3063 1027 3125 allata
1049 3081 1234 3144 exponens,
1263 3063 1337 3124 ait:

240 3164 482 3248 “Quaecumque
503 3169 673 3243 solveritis,
696 3169 813 3249 inquit,
829 3168 965 3230 omnino
988 3165 1067 3228 nihil
1090 3165 1231 3245 excipit,
1252 3185 1336 3246 quae·

238 3286 390 3349 cumque,
427 3270 543 3350 inquit,
572 3270 622 3332 vel
659 3291 790 3352 magna,
814 3271 864 3332 vel
901 3289 1002 3351 parva
1015 3269 1040 3332 '’.
1096 3268 1157 3332 Cui
1198 3268 1334 3330 assentit

241 3369 275 3431 S.
293 3371 490 3433 Ambrosius
508 3369 567 3457 (de
585 3373 702 3435 Poenit.
721 3373 738 3436 l.
759 3374 784 3450 1,
801 3394 826 3436 c.
851 3372 880 3454 ι)
900 3397 905 3434 :
943 3371 1136 3433 “Dominus
1160 3372 1250 3432 enim
1269 3371 1335 3432 nul-

239 3473 305 3537 lum
323 3475 445 3537 crimen
463 3476 598 3556 excipit,
613 3478 669 3557 qui
688 3489 824 3558 peccata
839 3476 978 3538 donavit
994 3475 1107 3536 omnia
1117 3473 1141 3537 ”.

284 3577 368 3639 Haec
384 3575 535 3639 dodlrina
551 3581 672 3660 pariter
693 3579 907 3641 confirmatur
930 3578 995 3639 alio
1019 3576 1222 3650 testimonio,
1236 3579 1334 3657 quod.

238 3678 314 3740 licet
329 3681 370 3742 ad
388 3699 523 3742 sacram.
571 3683 780 3743 Poenitentiae
803 3679 928 3743 diredle
953 3699 1017 3740 non
1035 3676 1172 3759 speetet,
1190 3689 1333 3740 mentem

239 3780 375 3842 Domini
392 3781 605 3846 nihilominus
630 3784 716 3844 clare
741 3783 896 3860 exhibet;
930 3781 1093 3862 siquidem
1117 3781 1331 3862 interroganti

239 3884 353 3946 Petro:
377 3889 392 3914 “
406 3885 558 3960 Domine,
572 3887 701 3966 quotics
718 3885 869 3966 peccabit
886 3886 919 3946 in
937 3903 989 3944 me
1007 3882 1105 3944 frater
1122 3902 1225 3957 meus,
1237 3895 1274 3944 et
1288 3882 1332 3943 di·

272 4075 321 4130 ¹8.
341 4081 367 4130 T
364 4079 435 4131 hom.
452 4093 506 4148 3p.
523 4099 549 4150 q.
563 4083 605 4147 86,
618 4099 642 4135 a.
661 4097 685 4148 13
705 4085 822 4147 Saarna,
834 4083 905 4152 disp.
918 4083 1005 4147 Vlll;
1024 4083 1148 4149 Drouin,
1161 4099 1188 4152 q.
1208 4083 1297 4149 111,c.
1314 4097 1334 4146 1;

238 4163 270 4213 de
282 4163 463 4230 Auguslim's,
482 4164 520 4217 th.
538 4181 579 4233 15;
598 4169 745 4235 Palrm'eri,
769 4171 807 4222 rh.
822 4170 879 4238 8·9;
899 4169 1018 4237 Hurter,
1038 4186 1063 4222 n.
1084 4168 1134 4238 536
1155 4185 1212 4238 sq.;
1232 4169 1335 4240 Eggrr,

239 4263 265 4300 n.
286 4261 332 4314 547
346 4263 385 4315 sq.
392 4266 399 4310 ;
419 4249 516 4314 Billot,
529 4251 568 4303 th.
584 4267 607 4318 7.
