2770 4652
359 172 414 221 DE
433 173 672 227 sucula-1010
690 176 844 228 ulssffl.
1085 183 1154 236 45²

58 283 1155 314 Ἣ

55 369 164 432 neque
178 373 222 416 ex
239 355 377 417 caritate
391 355 531 419 Missam
548 359 714 440 applicare
731 381 790 443 pro
807 359 931 444 populo
945 382 953 440 ;
976 366 1151 430 “attamen

53 474 128 518 cum
147 457 178 519 id
192 456 290 521 valde
306 459 422 523 deceat
439 479 483 522 ex
500 463 647 537 caritate,
659 482 715 527 eos
732 485 848 528 omnes
865 463 964 528 enixe
980 467 1152 532 hortamur

53 557 83 619 in
99 558 258 637 Domino,
270 570 308 625 ut
323 563 354 625 id
371 564 516 627 muneris
529 565 612 628 adeo
628 564 753 648 populo
769 565 848 629 utile
862 565 1002 647 Deoque
1014 566 1149 630 charum

52 664 190 743 exsequi
207 676 348 747 pergant
358 667 374 692 ’'
389 667 483 748 (Syn.
494 669 578 731 Bau.
593 669 655 749 35).

96 761 162 849 (C)
175 766 349 848 Obligatio
363 770 502 834 Missam
518 772 708 854 applicandi
725 791 785 854 pro
801 771 926 852 populo
937 779 988 834 est
996 781 1149 854 persona-

49 865 99 941 lis,
116 868 160 931 ab
181 869 256 950 ipso
278 882 411 954 pastore
434 874 658 956 adimplenda,
675 876 737 937 nisi
761 876 870 957 gravis
894 877 982 938 adsit
1002 876 1095 952 rati0,
1111 887 1149 941 ut

50 969 233 1049 infirmitas,
250 974 351 1059 longa
374 978 526 1042 absentia
541 969 616 1056 etc.;
638 981 696 1042 sed
721 989 773 1042 est
795 980 891 1042 simul
914 980 1020 1056 reatu,
1041 982 1088 1043 ita
1111 990 1148 1044 ut

49 1071 195 1153 legitime
212 1077 363 1160 impediti
373 1081 533 1161 peralr'os,
545 1083 626 1145 dato
638 1082 815 1164 stipendio,
828 1082 994 1146 celebrare
1011 1094 1146 1147 tenean-

49 1185 111 1254 tur;
135 1179 224 1262 quod
242 1182 269 1242 si
287 1183 333 1244 ita
349 1181 473 1247 fat'tum
491 1205 558 1248 non
576 1185 683 1261 fuerit,
698 1187 942 1268 quamprimum
960 1187 1065 1250 Missa
1086 1209 1146 1270 pro

48 1280 172 1360 populo
192 1283 379 1365 applicetur
394 1286 442 1367 (S.
460 1287 495 1351 C.
513 1287 547 1351 C.
570 1305 607 1366 14
625 1289 705 1352 Dec.
726 1291 828 1371 1872).
876 1291 980 1352 Missa
1003 1311 1063 1372 pro
1086 1311 1145 1373 po-

48 1383 125 1461 pulo
149 1385 181 1446 in
206 1385 346 1450 ecclesia
368 1389 549 1471 parochiali
574 1393 766 1474 regulariter
787 1393 944 1457 celebrari
967 1395 1093 1460 debet:
1118 1395 1144 1458 si

48 1503 124 1546 vero
142 1485 288 1569 legitime
301 1491 397 1566 absit,
407 1503 521 1575 pastor
532 1495 729 1576 obIIgationi
746 1517 814 1559 suae
827 1497 1017 1561 satisfacere
1033 1507 1144 1580 potest

48 1588 101 1650 ubi
119 1591 211 1673 degit
228 1616 235 1670 ;
263 1614 323 1658 nec
341 1598 516 1679 requiritur
532 1601 637 1662 Missa
653 1601 819 1677 solemnis,
836 1604 893 1666 sed
911 1604 1040 1684 privata
1056 1604 1144 1666 suffi-

46 1692 95 1753 cit
143 1695 179 1759 Si
204 1697 278 1778 quis
301 1699 430 1764 duabus
454 1701 620 1767 distinctis
644 1704 809 1786 parochiis
833 1706 954 1786 praesit,
974 1707 1140 1789 duplicem

46 1791 183 1858 Missam
207 1800 376 1881 applicare
399 1812 554 1885 tenetur;
580 1826 674 1870 secus
697 1829 774 1871 vero
798 1809 824 1871 si
849 1809 1035 1891 Episcopus
1059 1809 1142 1873 duas

46 1894 206 1962 dioeceses
221 1913 322 1983 regat.
369 1904 416 1969 Cf.
435 1906 572 1989 Encycl.
588 1908 630 1970 ln
649 1910 809 1991 Suprernd
829 1929 867 1976 10
880 1912 949 1993 jun.
971 1915 1059 1976 1882.
1105 1913 1141 1976 Si

44 1997 228 2065 solemnitas
232 2006 321 2083 sesti
334 2006 367 2070 in
384 2010 574 2089 proximam
592 2014 680 2075 diem
697 2015 899 2078 dominicam
918 2015 1141 2090 transferatur,

45 2111 190 2179 pastores
207 2108 281 2188 ipso
293 2109 348 2171 die
360 2131 427 2192 quo
439 2113 585 2177 officium
603 2115 677 2178 festi
695 2116 843 2192 habetur,
858 2119 995 2182 Missam
1009 2142 1070 2202 pro
1082 2141 1140 2203 po-

45 2205 120 2282 pulo
137 2209 305 2290 applicare
322 2222 497 2294 tenentur;
520 2219 546 2279 si
563 2204 642 2281 vero
659 2239 724 2281 non
742 2221 849 2284 solum
864 2223 1068 2302 solemnitas,
1082 2229 1139 2290 sed

44 2307 141 2372 etiam
166 2311 304 2393 efficium
318 2317 405 2394 festi
426 2319 645 2396 transferatur,
665 2321 786 2385 sufficit
812 2323 949 2388 Missam
973 2327 1138 2409 applicare

43 2407 93 2470 die
109 2411 287 2491 dominica
303 2417 335 2480 in
353 2439 454 2499 quam
472 2422 669 2487 transfertur
680 2437 700 2488 ¹.

224 2563 260 2630 3⁰
276 2553 411 2640 Regula
425 2558 460 2620 in
478 2559 547 2639 ipset
562 2560 767 2625 celebratione
780 2567 954 2630 servande.

83 2685 149 2750 18&
201 2687 320 2764 Quoad
331 2701 455 2774 tempus
472 2718 484 2758 .·
510 2691 574 2781 (A)
586 2697 672 2780 Jure
686 2703 851 2764 communi
864 2725 930 2766 non
955 2704 1032 2768 licet
1055 2705 1136 2769 cele·

43 2779 133 2848 brare
149 2799 227 2851 ante
244 2811 395 2857 auroram
413 2796 464 2858 vel
488 2810 564 2879 post
586 2803 777 2885 meridiem;
801 2807 890 2888 quod
909 2809 955 2870 ita
971 2819 1020 2870 est
1042 2810 1136 2874 intel-

43 2880 209 2965 ligendum
227 2901 264 2956 ut
282 2893 386 2959 Missa
402 2897 469 2961 non
487 2901 679 2966 absolvatur
695 2918 773 2969 anre
790 2929 951 2984 auroram,
969 2920 1001 2972 et
1017 2911 1134 2976 saltem

40 2983 212 3072 incipiatur
229 2994 309 3059 hora
327 3000 517 3065 meridiani.
565 3005 632 3070 Sed
656 3008 687 3069 in
710 3010 772 3072 hac
793 3009 927 3093 regione
943 3016 1134 3094 generatim,

42 3090 69 3149 vi
90 3093 208 3160 indulti
231 3102 415 3182 apostolici,
433 3106 475 3167 ab
494 3107 670 3190 Episcopis
686 3115 878 3178 conceditur
894 3116 1033 3181 facultas
1052 3120 1134 3182 cele-

42 3188 152 3260 brandi
169 3205 236 3262 una
253 3202 334 3266 hora
351 3215 428 3269 ante
441 3229 593 3273 auroram
607 3213 656 3274 vel
675 3224 750 3295 post
768 3219 948 3282 meridiem.
995 3221 1136 3305 Insuper

43 3289 112 3360 licet
129 3309 261 3383 tempus
278 3308 508 3374 celebrationis
524 3313 706 3396 anticipare
722 3320 773 3381 vel
795 3323 985 3402 protrahere
1004 3349 1010 3388 :
1033 3325 1084 3406 (a)
1101 3327 1133 3388 in

42 3405 241 3483 necessitate,
257 3431 285 3471 v.
301 3433 331 3493 g.
349 3423 386 3477 ut
403 3417 562 3480 morituro
578 3419 746 3484 deferatur
761 3425 918 3487 viaticum
932 3449 939 3502 ;
963 3426 1013 3508 (b)
1030 3447 1132 3508 quum

42 3503 129 3570 adest
146 3530 246 3574 causa
262 3517 439 3594 rationalis,
453 3541 479 3582 v.
493 3542 522 3602 g.
537 3531 573 3585 ut
589 3525 724 3605 opifices
737 3548 868 3591 summo
881 3551 978 3593 mane
993 3531 1131 3593 Missam

42 3610 147 3673 audire
164 3615 301 3693 possint,
318 3623 453 3699 quando
474 3645 565 3689 secus
587 3649 710 3711 magna
731 3653 807 3714 pars
829 3635 941 3715 populi
960 3635 1063 3697 Missa
1080 3657 1132 3699 ca-

42 3723 127 3788 reret,
144 3727 202 3779 aut
217 3738 262 3780 ex
278 3727 378 3784 causa
402 3726 527 3790 itineris
551 3741 609 3795 aut
632 3735 838 3798 solemnioris
863 3737 1050 3800 festivitatis
1072 3748 1131 3802 etc,

43 3807 143 3878 Extra
159 3819 219 3883 hos
236 3833 294 3884 aut
310 3825 434 3890 similes
451 3851 555 3906 casus,
569 3833 734 3900 celebrare
750 3838 878 3920 integra
895 3839 975 3902 hora
988 3853 1066 3905 ante
1081 3844 1132 3906 vel

44 3940 1129 3988 κ--Ὰ-ᾕὴ-ῄ-

73 4019 78 4040 ¹
93 4009 120 4062 Si
134 4013 212 4078 gravi
225 4017 343 4082 penuria
356 4019 484 4075 laborent
497 4026 620 4092 parochi,
638 4027 795 4099 Episcopus
813 4036 854 4088 eis
872 4038 1026 4093 concedere
1040 4049 1133 4110 potest

42 4097 67 4141 ut
79 4093 121 4150 die
134 4097 277 4176 dominico
290 4104 334 4157 vel
347 4103 420 4159 festo
433 4108 605 4179 stipendium
618 4114 765 4183 accipiant,
779 4137 834 4190 quo
848 4139 929 4178 secus
943 4125 1013 4179 infra
1026 4127 1132 4182 hebdo-

41 4181 146 4236 madam
157 4199 293 4255 carerent,
302 4191 337 4243 ea
350 4201 444 4246 tamen
455 4197 616 4254 conditione
627 4211 657 4256 ut
669 4203 788 4259 Missam
800 4225 851 4277 pro
865 4213 969 4280 populo
983 4213 1054 4268 infra
1064 4214 1132 4270 heb·

43 4261 184 4326 domadam
197 4273 324 4332 offerant.
