2738 4646
830 445 938 509 tionis.

811 531 929 595 Verbis
1025 531 1110 594 circa

832 638 936 682 usum.

357 529 448 593 Ans.
466 531 490 594 Ι.

301 615 430 680 Veritas
452 617 547 681 realis

331 706 516 784 praesentiae

303 789 548 854 demonstratur
812 791 972 855 Patribus.

631 921 720 985 Μὰ
790 801 979 972 [Liturgiis.

724 971 730 984 '
812 964 910 1026 Praxi
928 962 1094 1027 Ecclesiae.

38 1045 185 1112 CAPUT
203 1047 228 1111 Ι.
810 1050 1068 1132 Praescriptione.

14 1132 58 1194 de
76 1135 253 1216 mysterio

31 1223 239 1299 praesentiae
576 1223 699 1286 Modus
715 1243 782 1304 quo
796 1221 883 1285 Xtus
900 1220 937 1285 fit
953 1241 1107 1303 praesens

76 1307 195 1370 realis.
348 1350 440 1416 ART.
460 1352 502 1416 H·
576 1310 700 1410 Modus
708 1329 784 1458 bquo
802 1308 890 1371 Xtus
910 1309 1027 1372 existit
1047 1309 1109 1371 sub

596 1417 612 1458 s
656 1416 706 1458 cre
730 1416 777 1458 us.

575 1416 698 1546 Mgerius
714 1502 781 1564 quo
799 1480 887 1544 Xtus
904 1489 1085 1562 permanet.

811 185 930 286 Verbis
975 185 1112 268 promis-

622 402 740 483 sn
790 200 933 691 [333

308 1437 431 1501 Modus
448 1439 544 1540 realis

327 1535 520 1607 praesentrae.

597 1656 697 1719 ristiae
713 1655 834 1718 debito

340 1783 428 1847 Aur.
443 1784 507 1847 111.

294 1870 480 1936 Concordia
493 1870 552 1933 hu·

312 1957 366 2038 jus
382 1957 529 2038 mysterii

309 2063 385 2106 curn
402 2045 537 2106 ratione.

579 1829 654 1890 Non
673 1833 834 1909 repugnat
849 1821 947 1912 rottae
964 1826 1090 1889 rationi.
1164 1813 1166 1818 ⁵

578 2000 749 2065 Convenit.

290 2176 381 2238 ART.
401 2175 424 2238 1.
443 2175 633 2238 Existentia
650 2185 683 2238 et
699 2186 825 2240 natura.
855 2177 858 2184 '

767 2262 809 2324 de
827 2279 921 2342 pane.

344 2391 433 2454 nir.
453 2391 496 2454 11.
582 2391 731 2454 Materia.
767 2347 910 2410 devino.

323 2478 465 2541 Materia
480 2486 515 2540 et

363 2564 474 2627 forma·
789 2518 965 2599 utriusque.

593 2651 713 2714 Forma
749 2633 759 2698 J
767 2625 866 2687 super
881 2625 1010 2704 panem.

714 2698 720 2711 “
751 2701 866 2774 {super
882 2711 1002 2756 vinum.

573 2867 683 2948 quoad
699 2866 849 2947 gratiam.

573 2954 682 3034 quoad
701 2961 846 3034 peccata.

573 3039 683 3123 quoad
701 3057 827 3120 corpus.

40 2915 170 2979 Carus
185 2913 234 2976 ΙΙ.
329 2912 419 2974 Ans.
438 2912 501 2975 111.

37 3003 77 3063 de
92 3019 241 3064 sacram.
341 2996 497 3061 Effeetus.

24 3087 257 3151 Eucharistiae.

290 3216 381 3279 AR'r.
401 3215 457 3279 IV.
476 3215 636 3280 Minister.

569 3301 611 3364 de
648 3299 851 3379 obligatione
884 3299 986 3362 Euch.
1026 3300 1106 3362 reci-

302 3457 305 3464 ,
592 3387 713 3468 piendi.

344 3517 376 3582 Α
453 3518 485 3581 V
569 3474 611 3535 de
634 3471 830 3535 extensione
857 3469 954 3552 hujus
978 3470 1104 3552 obliga-

380 3533 437 3618 nr,
485 3567 492 3584 '
592 3561 699 3621 tionis

318 3603 521 3686 subjeaum'
569 3646 611 3708 de
638 3643 911 3726 dispositionibus
939 3643 1103 3723 requisitis

591 3733 622 3794 in
647 3751 776 3814 genere,
792 3739 826 3792 et
850 3729 952 3791 relate
974 3728 1017 3789 ad
1042 3728 1103 3790 sre-

448 3887 455 3900 .
589 3817 747 3899 que'ntern
764 3816 1040 3879 communionem.

298 3907 388 3970 ART.
408 3908 431 3970 Ι.
450 3907 561 3978 Notio,
579 3906 758 3967 existentia
774 3910 807 3964 et
823 3902 974 3964 essentia.

41 3998 163 4062 Carus
182 3996 247 4060 111.
295 3994 386 4056 Ans.
405 3993 450 4057 ΙΙ.
466 3989 622 4055 Είϊεὲὶυε.

64 4086 103 4148 de
118 4081 222 4148 sacris.
334 4081 426 4144 ART.
446 4078 508 4141 ΙΙΙ.
558 4085 570 4218 p
577 4079 619 4140 de
636 4083 802 4158 potestate
818 4073 1015 4138 celebrandi.

85 4171 202 4233 Missae.
341 4167 500 4230 Minister.
576 4165 618 4225 de
633 4162 892 4243 obligationibus
910 4161 1057 4223 ministri.

289 4253 380 4320 ARTr
399 4253 457 4318 IV.
475 4250 678 4334 Subjettum.

575 1567 1101 1633 Corollarium:decultuEucha·
1228 1561 1231 1566 ’

766 2434 809 2496 de
862 2434 1107 2497 consecratione
1219 2449 1223 2456 ’
