2780 4646
376 177 431 227 DE
450 177 609 228 GRATIA
628 178 823 229 acrum.
1107 179 1150 229 85

61 351 95 408 ad
110 351 217 410 bonum
231 353 262 411 in
275 371 391 426 genere,
407 356 461 414 sed
478 357 614 416 voluntas
634 357 699 428 ipsa
717 357 896 415 determinat
912 357 1035 428 gratiam
1054 357 1093 415 ad
1112 357 1126 414 i
1143 389 1152 400 ·

61 439 190 498 ciendum
204 441 262 499 hoc
275 443 465 515 potiusquam
479 445 570 502 aliud.
610 444 639 501 N
641 462 675 502 ec
694 445 810 502 dicatur
822 445 1005 504 voluntatem
1020 454 1151 502 nostram

61 543 114 582 non
127 545 189 586 esse
201 527 336 596 liberam,
351 530 421 603 quia
435 532 518 588 Deus
532 531 674 602 praevidet
687 548 739 588 eos
752 549 817 590 esse
829 549 1028 589 consensuros
1041 531 1153 602 gratine3

60 612 187 671 illaenim
199 617 343 688 praevisio,
352 636 403 675 seu
414 618 514 690 potius
524 617 598 675 visio
609 617 708 675 divina
722 637 782 676 non
797 618 890 689 magis
904 617 1030 676 libertati
1046 628 1153 675 nostrae

60 710 149 766 nocet,
159 719 250 772 quam
262 703 337 761 visio
351 712 451 761 nostra
463 703 555 761 officit
568 701 694 761 libertati
706 703 830 775 alicujus
842 723 977 778 personae
989 705 1017 762 in
1028 722 1153 776 conspe·

59 781 104 841 nu
116 797 214 845 nostro
225 791 350 860 agentis.

90 873 127 942 (b)
141 873 238 932 Salvat
249 875 439 946 efficacitatem
451 877 560 948 gratiae.
602 877 684 935 Deus
698 876 777 935 enim
797 895 814 934 a
833 877 896 935 tota
914 879 1086 941 aeternitate.
1103 893 1155 948 per

59 957 202 1016 scientiam
224 961 366 1027 mediam,
389 962 524 1035 praevidit
544 965 664 1022 Petrum
683 964 733 1022 tali
752 964 861 1022 auxilio
883 982 1107 1034 consensurum,
1129 964 1152 1021 si

60 1045 107 1115 ipsi
125 1047 262 1116 daretur;
283 1049 411 1121 insuper,
433 1067 468 1107 ex
488 1052 569 1108 mera
588 1052 799 1114 misericordia.
814 1049 946 1109 decrevit
964 1069 996 1108 se
1015 1051 1154 1108 daturum

59 1145 115 1186 esse
138 1132 225 1190 Petro
246 1133 320 1192 illud
342 1135 464 1206 praecise
483 1137 643 1205 auxiliunr3
668 1156 739 1209 ergo
760 1148 843 1195 certo
863 1139 967 1194 Petrus
988 1136 1154 1196 consentiet

58 1218 150 1360 ggtiae
169 1220 211 1277 illi
230 1220 317 1290 datae,
330 1239 365 1279 ac
384 1223 511 1294 proinde
529 1225 631 1295 gratia,
650 1223 690 1280 illi
710 1243 727 1280 a
748 1225 815 1282 Deo
834 1241 985 1294 concessa,
1001 1223 1054 1282 erit
1072 1233 1154 1281 certo

58 1319 72 1359 e
101 1323 161 1364 m
437 1385 487 1444 11.
510 1386 773 1446 Thomlsmus.

97 1521 161 1586 108
215 1535 246 1584 10
263 1521 294 1584 Τ
290 1521 468 1586 homismus
481 1525 675 1604 exponitur¹
690 1548 702 1587 :
724 1523 773 1605 (al
792 1525 908 1588 Gratia
925 1523 1088 1586 sufficiens
1105 1544 1154 1584 m·

59 1621 183 1686 trinsece
202 1623 351 1688 differta
367 1628 474 1708 gratia
490 1627 613 1690 efficaci
629 1650 636 1689 ι
661 1627 749 1708 prior
765 1629 823 1689 dat
840 1627 947 1690 solum
967 1626 1153 1708 potentiam

59 1726 241 1802 proximam
266 1729 408 1809 agendi;
432 1728 594 1810 posterior
618 1737 729 1792 movet
750 1739 784 1792 et
804 1729 951 1810 applicat
968 1729 1153 1810 potentiam

60 1825 96 1885 ad
110 1825 232 1904 adium,
248 1849 306 1892 seu
324 1829 455 1894 brevius
473 1831 561 1913 prior
575 1830 634 1893 dat
644 1843 744 1912 posse,
760 1832 923 1912 posterior
939 1832 997 1893 dat
1012 1849 1114 1912 agere.

59 1925 103 2008 (b)
118 1929 235 1996 Gratia
256 1932 422 1996 sufficiens
445 1954 506 1996 nos
529 1933 655 1996 habiles
680 1933 759 1996 iacit
779 1942 816 1996 ut
838 1934 922 1997 bene
938 1953 1036 2014 agere
1051 1932 1154 2015 possi-

60 2047 147 2108 mus;
171 2043 332 2111 attamen,
349 2045 385 2097 ut
408 2037 450 2098 de
474 2033 562 2100 sab'lo
585 2035 710 2098 bonum
736 2055 884 2117 agamus,
901 2036 1076 2117 requiritur
1091 2035 1155 2097 alia

61 2134 157 2208 gratia
188 2135 366 2218 perfectior
395 2149 430 2201 et
458 2137 607 2215 validior,
634 2137 759 2200 scilicet
790 2139 897 2218 gratia
928 2137 1069 2212 cfficax;
1099 2136 1155 2198 illa

61 2247 162 2300 autem
179 2241 288 2320 gratia
304 2240 424 2304 efficax
441 2242 596 2305 omnibus
612 2240 758 2316 offertur,
772 2251 805 2303 et
821 2241 885 2303 illis
901 2242 999 2304 datur
1011 2240 1067 2321 qui
1084 2239 1155 2302 nul·

61 2335 120 2400 lum
138 2342 416 2423 impedimentum
432 2344 548 2424 gratiae
565 2345 739 2406 sufficienti
755 2353 939 2425 opponunt.

61 2439 102 2518 (c)
118 2443 233 2507 Gratia
249 2445 370 2508 efficax
394 2447 494 2509 etiam
527 2457 665 2508 vocatur
680 2446 850 2527 praemotr'o
874 2446 1034 2527 physica;
1056 2446 1155 2526 siqui·

62 2543 128 2607 dem
152 2548 326 2629 perillam
352 2549 444 2611 Deus
468 2569 529 2611 nos
554 2557 667 2611 movet
690 2550 732 2611 ad
756 2550 936 2630 agendum,
958 2558 992 2610 et
1018 2549 1154 2630 quidem

62 2663 118 2707 non
151 2649 321 2712 moraliter
352 2661 494 2725 tanturn,
521 2652 579 2713 sed
611 2671 670 2733 per
700 2650 879 2733 impulsum
911 2651 1095 2732 physicum,
1123 2662 1156 2714 et

62 2747 172 2812 dicitur
180 2753 360 2834 proemotio,
373 2753 451 2834 quia
466 2754 583 2816 ordine
599 2752 709 2834 logico
725 2749 891 2815 abbionem
909 2763 1056 2815 nostram
1075 2773 1156 2834 prae-

62 2853 151 2916 venit.

63 2951 105 3029 (d)
133 2955 194 3018 llla
222 2958 400 3039 praemotio
427 2957 566 3040 physica
594 2978 661 3020 non
688 2957 829 3020 destruit
857 2956 1054 3031 libertatem,
1081 2956 1159 3036 quia

64 3053 147 3118 Deus
163 3070 278 3123 movet
294 3079 412 3122 omnes
428 3071 595 3123 creaturas
618 3059 801 3122 secundum
826 3058 1084 3139 uniuscujusque
1102 3079 1158 3119 na·

63 3167 172 3236 turam,
184 3173 351 3226 creaturas
368 3183 434 3226 non
452 3163 571 3226 liberas
589 3163 691 3224 modo
706 3161 841 3242 quidem
856 3149 1058 3236 irresistibili,
1069 3181 1157 3224 crea-

64 3269 144 3326 turas
169 3277 281 3329 autern
309 3266 437 3340 liberas,
461 3267 507 3328 ita
532 3275 568 3328 ut
597 3264 697 3326 libere
724 3273 834 3344 agant.
881 3263 981 3344 Quod
1005 3262 1158 3324 illustrari

64 3377 165 3443 potest
181 3369 341 3451 exemplo
361 3370 510 3450 magistri
530 3369 692 3431 moventis
715 3387 850 3430 manum
872 3365 1036 3447 discipuli,
1051 3375 1088 3428 ut
1105 3365 1159 3427 ille

65 3469 195 3538 seribere
208 3472 314 3554 possit
327 3495 334 3534 :
350 3470 426 3534 talis
439 3471 543 3533 motio
556 3480 607 3533 est
618 3491 694 3533 vere
706 3469 853 3550 physica,
866 3469 924 3531 sed
936 3477 1048 3530 tamen
1063 3468 1158 3530 liber-

66 3575 159 3635 tatern
176 3573 328 3656 discipuli
346 3593 412 3636 non
430 3571 600 3648 violentat,
616 3572 695 3653 quia
714 3570 896 3652 discipulus
919 3568 1019 3631 libere
1040 3569 1159 3630 motio-

13 3669 14 3676 '
67 3690 133 3737 nem
149 3678 278 3758 accipit,
294 3677 390 3758 eique
413 3675 515 3737 libere
538 3683 743 3756 cooperatur.
792 3674 844 3736 lta
860 3671 1073 3734 Dominicani
1094 3670 1160 3732 sere

67 3793 181 3854 omnes,
198 3779 480 3852 salmanticenses,
496 3797 563 3840 non
581 3777 677 3858 pauci
695 3775 848 3849 Scotum,
866 3774 994 3854 aliique.

98 3991 156 4044 ¹Ct.
170 3991 201 4045 S.
220 3991 349 4056 Thomas,
366 4006 387 4044 r.
405 4003 430 4042 a.
446 4006 473 4058 q.
493 4003 551 4050 rra,
567 4005 592 4041 a.
606 4001 634 4055 3;
648 4003 671 4040 2.
686 4001 710 4039 2.
724 4003 750 4056 q.
766 3999 807 4050 ²4,
821 4001 846 4038 a.
864 3999 907 4049 rr;
920 3985 952 4038 C.
971 3984 1055 4038 Gent.
1072 3983 1088 4036 1.
1106 3983 1161 4040 111,

68 4089 90 4126 c.
103 4075 145 4142 893
166 4077 286 4131 Thomas
297 4075 331 4129 de
343 4075 450 4138 Lemos,
469 4074 604 4142 Panoplia
618 4071 736 4134 Gratiae;
755 4071 893 4134 Alvarea,
909 4071 955 4123 De
968 4068 1077 4122 auxiliis
1091 4068 1162 4121 divi·

69 4175 108 4213 nae
124 4164 229 4230 gratiae;
247 4163 398 4229 Salmatia,
414 4161 450 4215 de
464 4161 570 4226 Gratia,
584 4157 657 4228 disp,
674 4157 742 4226 Vll,
756 4157 822 4212 dub.
839 4172 867 4223 43
887 4157 1024 4223 Br'lluart,
1037 4156 1074 4208 de
1090 4155 1160 4208 Gra-

70 4245 105 4298 tia
116 4249 179 4304 diss.
193 4251 228 4320 V,
243 4268 267 4305 a.
282 4248 340 4314 2-6;
361 4247 483 4314 Goudr'n,
495 4264 524 4316 q.
540 4247 575 4313 V,
588 4263 612 4300 a.
628 4261 680 4312 3-4
