2752 4648
229 161 284 210 DE
301 162 591 220 sncnantssttro
609 163 926 217 Eucflnmsrrffl.
1058 165 1124 217 385

37 351 125 405 tatur
141 351 242 414 utrum
259 345 423 409 subaudiri
441 355 552 426 posset
568 352 583 377 “
594 355 641 410 est
652 346 676 421 ”,
688 347 831 410 dicendo
847 353 863 378 “
874 346 936 408 hoc
953 347 1041 408 enim
1055 365 1125 408 eor-

36 464 96 523 pus
121 465 224 508 meum
239 447 263 520 ”,
285 448 344 510 sed
367 449 588 510 communiter
615 459 763 529 negatur,
787 449 864 530 quia
888 467 955 512 vox
979 448 1035 510 illa
1059 468 1124 510 non

36 546 135 610 habet
143 548 244 611 solum
258 569 390 613 sensum
404 551 691 626 assertorium,sed
702 551 802 614 etiarn
813 552 879 614 vim
894 548 1124 633 produftivam

36 650 175 729 corporis
192 649 320 714 Christi.
367 651 418 730 (S.
441 651 471 712 T
467 650 499 714 lr.
516 671 546 732 q.
565 653 615 727 78,
631 671 657 713 a
676 651 718 733 2).

37 751 82 830 sc)
105 751 245 816 Verbum
270 761 408 835 “corpus
419 755 435 780 ¹¹
459 773 525 816 non
551 765 661 836 potest
684 755 828 836 suppleri
854 776 911 838 per
934 755 1034 830 aliud,
1050 776 1078 817 v.
1095 775 1125 836 g.

36 875 92 934 per
107 877 248 930 cantem,-
271 859 400 920 etiamsi
424 858 514 921 enim
538 877 615 920 caro
637 858 817 939 aliquando
840 860 1124 942 designettotum

35 959 205 1036 hominem,
222 971 334 1025 tamen
353 963 536 1025 litteraliter
552 982 618 1024 non
636 963 697 1024 nisi
714 974 842 1044 partem
859 963 1005 1044 corporis
1025 961 1125 1043 signi·-

36 1058 118 1136 ficat,
132 1084 169 1126 ae
185 1064 324 1146 proinde
340 1064 475 1128 dubiam
493 1065 646 1128 redderet
662 1067 951 1128 consecrationem.

77 1163 125 1246 (d)
147 1167 271 1230 Pariter
293 1187 358 1232 vox
382 1173 397 1200 “
411 1189 514 1231 areum
528 1169 544 1192 ”
563 1177 613 1230 est
632 1170 815 1230 necessaria
837 1189 896 1231 nec
919 1178 1029 1250 potest
1047 1187 1125 1247 sup-

36 1266 112 1345 pleri
126 1290 184 1351 per
198 1277 213 1302 “
226 1269 352 1334 Christi
362 1272 394 1344 '’,·
415 1271 492 1351 quia
507 1271 534 1334 si
551 1272 713 1333 diceretur
728 1278 743 1303 “
754 1272 817 1333 hoc
832 1280 883 1334 est
898 1289 1016 1352 corpus
1032 1269 1125 1333 Chri·

35 1369 73 1428 sti
84 1369 100 1394 ''
120 1391 183 1433 non
211 1383 385 1454 appareret
407 1374 614 1436 sacerdotem
639 1374 670 1434 in
695 1375 837 1455 persona
860 1373 963 1454 ipsius
987 1371 1124 1460 Domini

36 1471 128 1553 loqui.
165 1475 303 1560 lix-quo
314 1477 462 1558 sequitur
477 1475 580 1539 solam
597 1497 712 1540 vocem
730 1478 815 1539 enim
831 1475 1041 1562 essentialem
1058 1494 1124 1536 non

36 1595 120 1638 esse:
141 1577 212 1658 ejus
228 1580 364 1641 omissio
388 1589 475 1642 esset
495 1580 634 1660 proinde
658 1580 803 1656 venialis,
818 1581 897 1642 dum
918 1579 1053 1642 omissio
1068 1597 1126 1640 vo-

37 1678 168 1742 luntaria
183 1681 321 1744 aliarum
338 1703 455 1745 vocum
474 1683 621 1746 nrortalis
635 1694 728 1746 esset.

152 1841 200 1899 11.
226 1841 359 1900 Forma
382 1856 500 1914 super
521 1843 679 1901 eallcem
702 1840 999 1914 pronuntianda.

74 2005 119 2070 99.
169 2007 201 2058 1⁰
222 1994 325 2058 Verba
339 1995 543 2060 essentialia:
559 1993 618 2076 (A)
633 1994 694 2056 Ad
705 1994 850 2056 validam
865 1992 1124 2054 consecrationem

36 2098 198 2176 sanguinis
226 2095 352 2161 Christi
373 2098 469 2162 verba
491 2099 569 2160 “liic
592 2107 639 2160 est
662 2097 746 2160 calix
768 2095 940 2178 sanguinis
962 2094 1060 2169 καθ’,
1075 2094 1130 2156 vel

37 2199 105 2260 “lric
116 2213 162 2263 est
175 2201 312 2282 sanguis
328 2202 449 2276 rireus”,
466 2201 684 2280 requiruntur.
731 2199 865 2262 Certum
891 2207 951 2272 est,
965 2217 1009 2260 ex
1028 2217 1133 2276 argu-¹

38 2305 146 2367 mentis
159 2303 229 2385 jam
246 2304 333 2367 datis
349 2305 403 2367 ubi
420 2302 579 2368 deforma
596 2289 694 2382 super
709 2321 829 2383 panem
847 2289 1100 2382 pronuntianda,
1125 2289 1131 2296 ’

75 2403 129 2488 (B)
145 2407 409 2472 Controvertitur
424 2416 536 2469 autem
553 2416 664 2468 utrum
680 2404 780 2466 verba
797 2401 934 2484 praelata
950 2400 1124 2478 sufficiant,

37 2509 79 2567 vel
94 2511 314 2572 necessarium
330 2509 372 2572 sit
388 2509 559 2590 sequentia
571 2506 670 2586 verba¹
682 2506 804 2569 addere
819 2527 826 2568 z
849 2505 953 2567 “novi
966 2505 1123 2568 etaeterni

39 2614 227 2688 testamenti,
243 2613 439 2692 mysterium·
453 2609 528 2674 fidei
544 2610 624 2674 etc.''

38 2713 79 2790 la)
94 2715 192 2778 Multi
213 2715 244 2777 T
240 2716 386 2778 leorrristae
404 2723 554 2776 asserunt
574 2734 611 2775 ea
633 2712 751 2774 ultima
771 2710 871 2773 verba
892 2730 963 2772 esse
982 2711 1025 2772 ad
1045 2710 1124 2772 vali-

38 2815 163 2880 ditatem
181 2818 372 2892 necessaria,
386 2817 463 2898 quia
479 2814 635 2898 pleraque
653 2815 683 2875 in
704 2811 888 2894 Evangelio
904 2814 1124 2888 continentur,

39 2931 134 2982 cetera
155 2931 266 2984 autem
287 2919 381 2982 nobis
405 2939 463 3000 per
491 2919 522 2980 T
520 2917 712 2979 raditionem
736 2916 928 2978 transmissa
949 2925 1046 2992 sunt;
1077 2916 1124 2978 in-

40 3039 124 3102 super
145 3025 263 3086 eadem
287 3022 387 3084 verba
410 3021 664 3084 determinativa
688 3029 764 3083 sunt
791 3019 940 3081 attributi
965 3019 1127 3098 “sanguis

41 3127 149 3204 rucus'',
169 3129 216 3190 ita
238 3136 275 3188 ut
298 3145 413 3188 sensus
436 3124 673 3206 propositionis
697 3143 762 3184 non
788 3122 830 3185 sit
853 3122 1038 3204 completus
1063 3123 1156 3208 nisi·-

41 3239 200 3311 postquam
218 3230 431 3311 pronuntiata
449 3227 587 3290 luerunt.

41 3327 81 3408 sb)
108 3331 136 3394 E
166 3344 283 3394 contra
313 3330 515 3412 probabilius
551 3328 674 3391 docent
709 3328 764 3389 alii
801 3327 947 3408 theologi
986 3327 1124 3409 praelata

41 3434 125 3496 rerba
143 3455 210 3497 non
232 3435 351 3515 requiri
372 3433 421 3504 ad,
433 3433 638 3496 validitatem
654 3453 660 3507 ;
687 3452 764 3494 nam
782 3431 891 3493 nullus
909 3430 1125 3510 Evangelista

41 3538 208 3620 reintegra
229 3538 335 3610 refert,
350 3538 418 3598 imo
438 3538 592 3617 quaedam
619 3556 662 3598 ex
684 3536 730 3597 eis
751 3555 771 3597 a
793 3535 884 3606 nullo
909 3534 1124 3614 Evangelista

41 3637 165 3720 dantur,
184 3645 319 3725 insuper
333 3642 487 3721 quaedam
505 3660 548 3701 ex
568 3640 614 3701 eis
636 3658 702 3700 non
724 3638 935 3700 inveniuntur
957 3636 987 3697 in
1015 3636 1124 3698 Litur·

41 3743 91 3819 giis
106 3745 237 3820 Graecis,
252 3764 327 3824 quae
343 3754 455 3807 tamen
473 3753 508 3806 ut
523 3743 642 3805 validae
659 3751 853 3822 reputantur
867 3760 874 3816 ;
898 3739 1034 3801 tandem
1051 3758 1125 3800 sen-

40 3863 85 3905 sus
104 3847 337 3932 propositionis
352 3856 403 3910 sat
419 3845 604 3928 completus
627 3855 677 3907 est
696 3844 831 3924 quando
847 3842 947 3903 verba
962 3847 977 3873 “
989 3842 1125 3922 sangnis

41 3953 139 4012 neeus'¹
155 3951 370 4034 pronuntiata
387 3947 537 4028 luerunt;
561 3949 626 4010 alia
649 3948 749 4009 verba
773 3966 847 4026 quae
866 3945 1034 4007 adduntur
1057 3965 1122 4006 non

41 4054 131 4132 magis
157 4053 342 4117 necessaria
368 4052 521 4113 videntur
543 4070 643 4131 quam
675 4049 774 4111 verba
801 4048 916 4129 “quod
944 4068 1003 4130 pro
1030 4049 1124 4110 vobis

40 4155 208 4232 tradetur'',
234 4175 310 4236 quae
333 4154 433 4235 juxta
459 4173 585 4228 omneS,
611 4154 652 4214 ad
680 4151 886 4214 validitatem
920 4172 986 4214 non
1018 4151 1123 4232 requi-

41 4267 146 4322 runtur.

112 4393 232 4438 St'uorsrs
244 4389 290 4436 lll.
304 4414 330 4423 —
343 4403 371 4447 25
