2770 4646
433 445 633 586 Caput
661 454 749 566 ttt.

294 623 366 693 DE
392 621 889 706 SACRAM·ENTORUM

427 733 754 836 affricanus

88 1247 124 1308 In
147 1244 209 1312 hoc
233 1252 352 1332 capite,
375 1251 620 1334 disputabimus
642 1254 684 1315 de
708 1262 991 1316 sacramentorum
1014 1249 1138 1314 essedi-

49 1347 111 1422 buS,
126 1370 268 1434 nempe:
297 1367 329 1415 1⁰
345 1354 396 1418 De
414 1353 541 1430 Gratici,
559 1368 593 1416 2⁰
608 1355 647 1416 de
666 1353 862 1418 Characiere.

379 1562 466 1640 Art.
493 1560 525 1640 Ι.
555 1560 618 1637 De
647 1561 798 1638 Gratia.

86 1745 204 1828 Quoad
233 1747 393 1824 Gratiam,
419 1757 562 1832 quatuor
586 1748 787 1829 quaestiones
815 1747 1021 1830 inquirendae
1049 1758 1135 1822 sunt,

49 1849 162 1914 scilicet
177 1853 332 1932 quomodo
347 1854 556 1934 producatur,
571 1852 679 1936 qualis
700 1860 733 1914 ct
756 1863 878 1933 quanta
902 1853 953 1926 sit,
969 1851 1003 1916 et
1026 1864 1135 1917 utrum

49 1953 199 2035 impedita
215 1955 394 2019 reviviscat.

116 2108 143 2164 1.
167 2106 220 2166 De
241 2107 353 2164 modo
374 2119 452 2179 quo
475 2106 517 2164 u.
545 2105 657 2181 Legis
679 2110 922 2165 sacramanta
946 2119 1061 2166 suum

361 2198 582 2271 producunt
603 2196 782 2258 affectum
797 2203 816 2256 ¹.

85 2340 129 2404 44
179 2341 211 2389 1⁰
228 2325 345 2390 Status
358 2327 549 2407 quaestionis.
595 2326 654 2407 (A)
678 2325 837 2389 Doctrina
860 2326 1019 2388 catholica.
1069 2327 1136 2389 Do-

50 2425 145 2492 drina
167 2429 331 2494 catholica
354 2439 405 2492 est
427 2438 635 2492 sacramenta
653 2428 757 2492 Novae
776 2429 875 2510 Legis
896 2448 974 2491 suos
997 2426 1142 2510 effeetus,

50 2552 83 2592 ex
91 2545 175 2614 opere
188 2543 313 2614 operato
330 2533 520 2615 producere,
532 2533 578 2594 ita
594 2539 630 2594 ut
646 2533 713 2594 sint
728 2551 809 2604 vere,
821 2530 895 2594 licet
905 2531 1134 2594 instrumenta-

50 2635 123 2710 liter,
136 2657 239 2700 causae
247 2635 376 2718 gratita
416 2633 460 2697 Et
477 2634 584 2716 primo
599 2635 733 2716 quidem
751 2641 958 2697 sacramenta
974 2654 1040 2696 non
1057 2645 1135 2698 sunt

51 2759 148 2802 causae
171 2738 368 2822 principales
391 2738 516 2818 gratiae,
538 2738 596 2799 sed
621 2736 727 2799 solum
752 2737 1032 2809 instrumentalem
1056 2757 1133 2801 nam

52 2841 130 2904 solus
153 2843 254 2917 Deus,
272 2850 309 2904 ut
332 2840 451 2904 dicitur
474 2838 508 2901 iu
530 2838 582 2901 Tr.
599 2839 637 2900 de
662 2837 791 2913 Gratict,
814 2839 954 2918 gratiam
979 2840 1135 2920 primario

52 2945 186 3009 conferre
202 2953 335 3027 potest:
359 2944 481 3024 pariter
497 2942 586 3004 solus
603 2942 755 3006 Christus
778 2951 828 3004 est
852 2961 952 3003 causa
968 2942 1134 3006 meritoria

51 3050 148 3110 omnis
170 3049 285 3130 gratiae
308 3065 408 3128 quam
433 3046 464 3107 in
490 3046 645 3127 prasenti
668 3045 783 3107 ordine
806 3045 1008 3126 accipimus;
1035 3041 1134 3127 igitur

53 3162 246 3215 sacramenta
262 3151 403 3232 gratiam
427 3168 492 3211 non
516 3147 649 3229 propria
665 3147 795 3220 virtute,
811 3145 869 3208 sed
886 3145 1005 3208 virtute
1022 3169 1041 3208 a
1059 3149 1133 3212 Deo

53 3262 179 3338 recepta,
194 3255 390 3328 conferunt;
413 3253 498 3314 sicut
514 3270 624 3334 penna
641 3269 706 3312 non
724 3249 836 3312 scribit
856 3251 988 3331 propria
1004 3251 1132 3328 virtute,
1227 3237 1229 3242 ¹

52 3358 101 3418 scd
113 3358 228 3420 virtute
244 3356 288 3418 ab
304 3355 376 3436 ipso
393 3355 549 3435 scriptore
566 3356 705 3433 recepta.
745 3351 905 3414 Attamen
920 3364 1055 3432 arripere
1066 3363 1133 3432 ope-

53 3470 135 3520 rato²
156 3461 296 3541 gratiam
320 3457 516 3539 producunt,
540 3457 557 3518 i.
581 3476 607 3518 e.
632 3476 697 3517 non
721 3475 761 3518 ar
781 3465 869 3535 opere
890 3456 1059 3535 operantes,
1075 3475 1131 3518 seu

808 3598 908 3605 ..——-
940 3598 949 3603 -

82 3680 87 3701 ¹
101 3673 127 3726 S.
145 3672 235 3725 Thom.
252 3684 267 3736 3
281 3687 308 3739 p,
324 3687 349 3739 q.
364 3669 410 3732 62;
424 3669 539 3735 Suarea,
556 3667 626 3734 disp.
639 3668 705 3732 V11,
720 3664 786 3719 sedi.
804 3667 828 3728 1;
843 3664 982 3717 Saluiam.
996 3665 1066 3732 disp.
1082 3666 1129 3728 IV,

52 3755 107 3811 dub.
125 3777 148 3820 ις
165 3759 367 3823 Bellamm'nus,
381 3756 399 3808 1.
418 3756 456 3818 11,
478 3771 501 3808 c.
519 3769 539 3807 1.
558 3767 603 3821 133
623 3751 744 3819 Drouin,
764 3770 790 3822 q.
809 3753 856 3817 IV,
880 3769 902 3805 c.
921 3769 947 3813 1;
968 3752 1129 3814 Franaelr'n,

53 3844 84 3898 th.
98 3847 119 3898 6.
136 3844 412 3914 113deAug11stz'mt,
426 3842 464 3896 th.
478 3841 510 3906 6;
530 3843 620 3904 Sasse,
637 3841 673 3894 rh.
688 3841 743 3906 6·9,

80 3927 284 3987 '‘Protestantes
309 3930 482 3984 contendunt
507 3929 673 3983 vocabulum
699 3925 857 3996 hujusmodi
884 3943 986 3980 novum
1011 3943 1075 3981 esse
1099 3946 1132 3981 ac

54 4017 154 4082 proinde
167 4018 366 4088 rejiciendum
386 4034 489 4069 novum
508 4026 551 4070 est
569 4016 691 4084 quidem,
708 4013 731 4067 si
750 4013 810 4067 soni
825 4013 895 4066 ratio
908 4013 1052 4080 habeatur,
1066 4031 1132 4066 nam

53 4106 148 4158 nonnisi
160 4122 221 4160 saec.
237 4105 295 4158 XII
311 4102 437 4172 usurpari
455 4101 579 4170 incoepit,
593 4102 643 4155 sed
658 4118 760 4154 novum
774 4116 829 4152 non
843 4093 885 4153 est
899 4099 992 4168 quoad
1009 4116 1130 4164 sensum,

53 4197 78 4239 ut
89 4205 116 4243 ex
128 4193 194 4247 thesi
208 4191 322 4261 patebit.
360 4187 492 4259 Jamvero
504 4188 631 4242 Ecclesia
643 4189 686 4255 jus
699 4188 784 4240 habet
799 4187 877 4240 novis
891 4187 986 4240 utendi
998 4185 1088 4238 verbis
1102 4195 1131 4236 ut

52 4271 138 4331 clarius
150 4279 251 4348 dogma
264 4275 433 4331 catholicum
446 4285 607 4346 exponatur,
625 4274 695 4328 sicut
709 4291 804 4327 revera
818 4273 953 4326 vocabula
970 4272 1130 4332 Trinitatis,
