2738 4646
258 151 324 205 260
704 157 842 207 CAPUT
859 157 913 205 IV.

260 331 324 419 (C)
342 335 418 398 Rat.
435 335 524 399 theol.
543 335 594 398 llli
616 357 733 400 omnes
755 358 813 420 per
834 337 1002 402 Christum
1024 339 1210 420 regenerari
1233 336 1344 400 debent

256 437 312 520 qui
330 458 387 520 per
404 438 574 502 Adamum
592 451 834 521 peccaverunt;
857 441 949 522 atqui
973 461 1016 503 ex
1040 445 1106 504 una
1125 451 1221 522 parte
1236 459 1343 510 omnes,

257 541 357 604 etiarn
374 541 511 622 parvuli,
526 543 558 604 in
577 541 713 605 Adamo
729 549 916 624 peccamnt,
929 554 962 606 et
974 563 1018 606 ex
1030 544 1134 607 altera
1150 543 1281 606 nonnisi
1296 563 1343 624 per

258 645 466 724 Baptismum
488 645 520 706 in
547 644 680 709 Christo
700 647 883 727 regenerari
900 657 1049 728 possunt,
1063 667 1108 708 ex
1127 643 1227 710 dietis
1244 646 1295 708 ubi
1309 647 1342 707 de

257 747 453 810 necessitate
470 748 632 829 Baptismi
647 769 654 825 ;
678 769 766 830 ergo.
805 747 969 812 Convenit
981 747 1103 828 pariter
1115 765 1236 827 pueros
1249 746 1340 826 bapti-

257 851 331 926 zari,
347 861 384 914 ut
399 871 418 914 a
434 851 575 932 pueritia
591 852 704 914 nutriti
729 852 760 913 in
786 851 837 913 his
859 870 934 932 quae
958 861 1035 914 sunt
1057 850 1248 914 christianae
1269 851 1341 920 rita,

256 951 381 1016 firmius
405 954 438 1015 in
466 959 505 1015 ea
533 965 752 1035 perseverent,
775 953 957 1016 secundum
981 953 1089 1016 illud:
1119 953 1340 1016 “Adolescens

253 1055 352 1136 juxta
368 1056 454 1119 viam
473 1076 576 1132 suam,
589 1057 689 1120 etiam
706 1077 782 1119 curn
798 1058 951 1132 senuerit,
963 1076 1028 1118 non
1046 1057 1178 1118 recedet
1194 1057 1238 1118 ab
1253 1061 1289 1117 ea
1301 1057 1313 1078 ''
1325 1067 1340 1128 ¹,

288 1195 327 1252 47.
367 1189 395 1252 3⁰
413 1179 576 1238 Solvuntur
591 1179 778 1252 dffcullates.
823 1179 872 1250 (Α)
891 1179 1060 1252 Opponunt
1078 1179 1223 1251 Baplr'stoe
1242 1191 1337 1238 textum

256 1265 284 1324 S.
301 1267 394 1324 Marci
408 1267 630 1338 supracitatum
644 1289 652 1334 ;
670 1267 724 1324 sed
743 1267 856 1332 frustra,
871 1284 939 1323 nam
953 1267 1019 1324 talis
1033 1277 1130 1325 textus
1143 1267 1223 1324 solos
1236 1267 1338 1324 adultos

256 1353 382 1426 respicit,
398 1364 430 1411 ut
448 1372 483 1411 ex
502 1364 642 1412 contextu
655 1353 807 1412 evidenter
819 1365 943 1426 apparet
955 1374 961 1426 3
980 1355 1110 1426 loquitur
1123 1353 1203 1412 enim
1217 1353 1338 1412 Chn'stus

256 1441 294 1500 de
307 1439 362 1497 illis
375 1440 425 1512 qui
440 1459 490 1513 per
504 1441 744 1514 praedicationem
758 1449 974 1510 convertentur,
989 1458 1025 1496 ac
1044 1439 1170 1512 proinde
1183 1441 1222 1498 de
1234 1440 1336 1499 adultis.

255 1539 284 1586 et
303 1527 341 1586 de
360 1527 415 1585 illis
434 1527 503 1584 solis
522 1527 611 1598 exigit
631 1527 720 1585 fidem
739 1527 778 1584 nd
796 1526 853 1582 boc
873 1537 905 1584 ut
923 1527 1038 1599 possim
1049 1527 1089 1584 ad
1103 1528 1286 1598 Baptismum
1298 1526 1337 1582 ad·

255 1605 339 1671 mitti.
378 1613 435 1672 Sed
455 1625 542 1671 antea
560 1614 728 1672 absolutam
752 1613 955 1671 necessitatem
977 1613 1120 1685 Baptisnri
1141 1630 1196 1686 pro
1214 1613 1338 1671 omnibus

255 1699 467 1768 declaraverat;
486 1711 515 1758 et
534 1699 622 1759 verba
641 1700 856 1771 consequentia
870 1699 964 1757 Marci
978 1701 1066 1758 talem
1080 1699 1284 1760 necessitatem
1295 1699 1336 1755 nri-

175 1807 179 1813 ·
256 1787 335 1844 nime
349 1787 519 1858 infringunt.

291 1887 338 1955 (B)
349 1885 504 1956 Objiciunt
517 1885 665 1943 Erasmus
672 1894 701 1943 e!
709 1885 913 1942 Rationalr'stoe
924 1887 1026 1944 violari
1039 1887 1206 1944 libertatem
1220 1885 1336 1960 parvulo·

255 1992 328 2046 rum,
338 1974 362 2031 si
377 1973 562 2046 baptizentur
574 1974 638 2032 sine
651 1974 769 2046 propria
781 1991 882 2030 eorum
894 1973 1054 2030 voluntate.
1089 1973 1149 2030 Sed
1162 1973 1211 2030 illa
1222 1969 1336 2043 objec'uo

255 2079 314 2118 non
325 2060 417 2128 valet;
431 2079 499 2117 nam
514 2061 543 2116 in
556 2059 710 2133 Baptismo
723 2078 783 2117 non
797 2059 990 2132 imponuntur
1002 2059 1056 2116 nisi
1069 2059 1264 2131 obligationes
1276 2073 1335 2128 quas

254 2147 350 2204 inians
363 2147 426 2219 ipse
440 2157 556 2204 tenetur
572 2147 715 2218 accipere,
732 2146 829 2202 statim
842 2163 878 2202 ac
891 2145 1011 2203 rationis
1026 2163 1111 2204 usum
1131 2145 1255 2218 attingit.
1293 2144 1335 2199 Ba·

254 2234 378 2306 ptismus
391 2233 470 2290 enim
486 2251 545 2289 non
559 2245 603 2290 est
616 2232 689 2304 quid
708 2233 995 2303 supererogatorium
1006 2252 1014 2302 ;
1033 2232 1117 2290 adest
1130 2250 1199 2290 vera
1212 2243 1241 2291 et
1252 2229 1334 2289 smera

253 2319 396 2391 obligatio
410 2336 463 2391 pro
475 2319 616 2378 omnibus
636 2319 717 2375 illum
737 2320 918 2392 suscipiendi
931 2340 938 2390 ;
957 2321 1082 2391 proinde
1095 2338 1157 2379 non
1170 2321 1281 2380 laeditur
1297 2335 1333 2375 eo

253 2425 317 2464 rum
331 2406 457 2475 libertas,
471 2404 525 2463 sed
538 2423 555 2463 e
568 2416 670 2462 contra
683 2406 847 2476 adJuvatur,
858 2424 951 2477 quum
965 2407 1037 2479 ipsis
1050 2407 1136 2466 detur
1146 2407 1185 2466 ab
1196 2407 1275 2465 initio
1286 2421 1333 2462 me
1357 2405 1358 2486 l

254 2495 336 2552 dium
350 2493 533 2566 adimplendi
547 2493 753 2564 obligationes,
762 2512 829 2566 quae
842 2512 928 2551 secus
941 2495 1011 2566 ipsis
1024 2495 1113 2552 etiam
1127 2495 1270 2568 impositae
1279 2491 1333 2550 suis·
1357 2487 1358 2533 l

254 2593 325 2638 sent.
361 2581 447 2638 Idem
464 2581 495 2638 lit
506 2581 533 2636 in
549 2579 690 2638 societate
703 2581 779 2637 civili
792 2604 799 2649 ;
818 2581 868 2652 qui
884 2583 1012 2639 nascitur
1025 2583 1054 2638 ln
1067 2582 1168 2655 aliqua
1184 2583 1296 2655 regione
1307 2597 1333 2634 er

254 2667 425 2740 parentibus
436 2668 501 2738 jura
514 2667 621 2723 civium
637 2667 869 2739 possidentibus,
882 2686 919 2725 eo
932 2669 997 2740 Ipso
1010 2669 1135 2740 acquirit
1147 2671 1212 2740 jnra
1230 2680 1256 2727 et
1273 2665 1333 2724 obli·
1356 2689 1357 2763 p

252 2755 385 2826 gationes
398 2753 516 2821 civium,
529 2753 643 2825 absque
657 2754 715 2810 ulla
729 2753 875 2811 eleclione
889 2754 1014 2826 propria.

294 2877 343 2958 48.
390 2887 427 2952 40
445 2873 629 2938 Corollaria.
679 2870 744 2960 (A)
767 2875 803 2936 ln
827 2877 923 2956 praxi
949 2877 1049 2956 igitur
1066 2877 1254 2958 Baptismus
1268 2895 1332 2937 con·
1355 2923 1356 2993 p

252 2979 326 3041 lerri
350 2979 450 3040 debet
473 2977 654 3040 infantibus
678 2979 924 3059 quamprimum
955 2981 1122 3043 moraliter
1134 2994 1155 3043 ².
1211 2979 1332 3044 Differre

252 3083 440 3164 perdecem
457 3082 508 3142 vel
527 3082 678 3143 undecim
697 3082 776 3156 dies
793 3083 861 3143 sive
877 3083 967 3163 gravi
986 3085 1121 3160 ratione,
1132 3096 1218 3147 esset
1234 3103 1331 3166 pecca-

253 3195 324 3248 tum
342 3185 481 3246 mortale
495 3183 594 3264 juxta
613 3185 646 3247 S.
662 3183 844 3264 Ligarium,
862 3206 890 3248 n.
913 3187 971 3248 118
989 3209 995 3264 ;
1015 3187 1115 3267 juxta
1131 3188 1213 3250 alios
1228 3199 1331 3251 tamen.
1354 3193 1355 3221 l

251 3297 348 3348 extra
369 3307 481 3348 casum
504 3286 648 3367 periculi,
670 3287 787 3348 dilatio
811 3288 908 3349 unius
929 3290 979 3349 vel
1004 3289 1138 3352 alterIus
1160 3291 1275 3353 mensis
1294 3307 1330 3348 re·

252 3391 390 3472 quiritur
406 3391 447 3451 ad
466 3400 637 3470 peccatum
657 3391 803 3452 mortale.

297 3490 363 3578 (Β)
397 3493 433 3557 Si
464 3495 620 3556 timeatur
651 3495 810 3557 infantem
844 3495 1040 3558 moriturum
1068 3517 1140 3559 esse
1172 3508 1328 3578 antequam

251 3599 376 3673 edatur,
393 3599 552 3678 baptizari
570 3598 670 3659 debet
694 3599 725 3659 in
749 3599 821 3660 sinu
841 3609 1000 3673 materno,
1016 3610 1049 3660 et
1072 3601 1097 3661 si
1119 3611 1236 3682 postea
1255 3601 1329 3661 vivus

251 3703 358 3763 editus
387 3700 492 3773 fuerit,
516 3701 736 3780 baptizandus
765 3711 816 3762 est
841 3701 902 3762 sub
928 3703 1131 3786 conditione,
1160 3706 1235 3786 quia
1260 3701 1329 3783 prior

287 3919 292 3940 ¹
308 3913 438 3966 Proverb.
454 3915 551 3978 xxn,
565 3915 600 3973 6:
620 3915 651 3967 cl.
668 3915 697 3968 S.
716 3915 773 3982 Tn,
792 3931 807 3982 3
821 3933 847 3984 q.
865 3917 907 3978 68,
921 3934 947 3968 a.
963 3931 987 3981 9.

284 3999 539 4054 ²·‘Detestabilem
565 4018 676 4070 quoqne
701 4013 847 4070 parentum
873 4001 1080 4056 Catholicorurn
1107 4005 1268 4066 socordiam,
1291 3995 1326 4066 qui

251 4086 427 4153 parvulorum
442 4099 554 4140 aetatem
575 4099 614 4140 tot
633 4089 744 4141 casibus
764 4088 914 4141 obnoxiam
929 4105 985 4141 non
1000 4089 1093 4142 statim
1111 4089 1326 4159 Baptismatisst·
1350 4125 1351 4139 r

251 4177 394 4219 eramento
407 4169 588 4222 muniendam
602 4183 708 4228 curant.
720 4173 847 4226 volumus
862 4187 890 4226 ιιι
905 4187 1033 4243 pastores
1046 4177 1203 4231 animarum
1216 4173 1326 4229 acernnt

251 4269 285 4305 nc
300 4252 402 4318 saepius
416 4255 695 4321 reprehendant”(t'.
713 4259 788 4311 Ball.
806 4260 843 4328 11,
862 4261 930 4328 225).
1349 4291 1350 4367 p
