2758 4652
199 181 271 232 'Da
291 184 580 234 POENITENTIAE
601 185 900 236 SACRAMENTO.
1039 187 1107 237 543

157 401 191 454 2⁰
207 391 261 454 De
283 389 495 455 remissione
516 409 629 470 poenae
651 397 800 471 peccato
822 393 959 458 debitae.

59 537 104 600 9²·
150 517 213 605 (A)
233 522 480 586 Sacramentum
489 521 685 602 penitentia
696 535 819 604 semper
832 527 973 588 remittit
980 537 1107 606 prunam

21 635 165 687 uternam
180 647 251 686 cum
269 623 368 706 culpa.
414 625 549 688 Certum
570 635 636 702 est;
668 627 718 708 (a)
734 627 832 691 docet
855 631 943 692 enim
966 629 996 690 T
993 629 1108 690 rident.

21 729 105 808 (sess.
126 729 188 804 VI,
207 750 233 792 c.
254 729 306 810 14)
329 730 550 811 poenitentem
574 740 651 812 post
674 743 840 813 receptam
864 733 1107 796 absolutionem

21 833 117 894 teneri
127 831 316 894 satisfacere
333 851 390 913 per
399 832 534 914 jejunia,
545 833 774 915 eleemosynas
786 846 819 898 et
831 837 1007 912 orationes,
1019 840 1035 868 “
1046 856 1108 898 non

20 937 140 1016 quidem
158 949 221 1018 pro
241 936 337 1017 panti
363 935 490 1010 caternrl,
514 957 589 1018 quae
617 937 667 1000 vel
691 949 901 1001 sacramento
926 939 977 1001 vel
1001 959 1108 1000 sacra·

21 1045 118 1107 menti
134 1055 213 1108 voto
230 1063 386 1107 unacum
403 1043 500 1126 culpa
525 1042 703 1105 remittitur
710 1063 717 1118 ;
750 1043 807 1104 sed
825 1062 885 1122 pro
901 1047 1001 1122 poena
1026 1053 1108 1106 tem-

21 1147 128 1228 porali,
139 1167 224 1227 quae,
241 1157 277 1210 ut
292 1167 394 1208 sacrae
410 1145 530 1208 litterae
549 1145 680 1218 docent,
697 1163 762 1206 non
780 1154 851 1207 tota
867 1165 1007 1226 semper,
1023 1155 1060 1207 ut
1076 1147 1108 1206 in

21 1249 189 1331 Baptismo
205 1248 441 1323 fit,dimittitur
455 1249 519 1310 illis
530 1249 545 1274 ''
558 1295 564 1312 .
575 1296 599 1310 ..
647 1243 704 1331 (b)
721 1248 821 1310 Ratio
832 1257 924 1328 patet
937 1269 980 1310 ex
997 1245 1110 1325 dittis;

20 1353 166 1414 remissio
187 1353 277 1414 enim
305 1353 433 1433 peccati
458 1351 607 1413 mortalis
633 1349 670 1413 fit
689 1371 746 1433 per
770 1351 968 1414 infusionem
994 1353 1109 1432 gratiae

20 1454 192 1518 habitualis
201 1477 209 1532 ;
231 1456 322 1535 atqui
335 1456 442 1536 gratia
453 1453 631 1517 habitualis
644 1474 704 1516 nos
715 1453 792 1516 sacit
802 1455 925 1517 divina:
941 1463 1110 1516 consortes

21 1570 152 1635 naturae,
169 1559 234 1621 Dei
260 1559 385 1620 amicos
408 1557 545 1638 ejusque
569 1555 653 1619 filios
677 1557 852 1639 adoptivos
874 1579 949 1620 cum
971 1558 1044 1638 jure
1067 1558 1109 1620 ad

20 1672 175 1724 aternam
192 1661 442 1737 beatitudinem,
459 1671 495 1722 ut
510 1661 811 1724 demonstravimus
823 1663 854 1723 in
873 1661 925 1724 Tr.
936 1662 975 1724 de
993 1661 1111 1724 Gratrii

21 1765 61 1844 (n.
82 1783 141 1846 139
156 1765 230 1846 sq.);
253 1785 332 1846 ergo
348 1785 483 1848 poenam
500 1774 658 1827 aeternam
675 1767 823 1830 remittit.

65 1903 114 1968 93.
164 1881 231 1969 (Β)
251 1885 498 1948 Sacrarrrentrrm
516 1884 717 1947 Poem'teutr'ae
740 1887 859 1948 minuet
874 1897 972 1949 ettam
982 1899 1111 1968 pronam

21 1989 220 2070 temporalem
229 1998 353 2070 peccato
368 1989 517 2060 debitam,
534 1989 717 2069 etquidem
734 1991 857 2072 duplici
875 1993 975 2054 modo
995 2013 1001 2053 :

21 2093 67 2172 (a)
84 2093 212 2154 ratione
227 2091 443 2166 absolutionis,
454 2111 541 2166 nam,
555 2102 590 2155 ut
606 2094 653 2154 ait
663 2092 755 2174 Lnga
768 2089 868 2177 (disp.
882 2095 982 2168 VIII,
999 2115 1028 2157 n.
1041 2090 1112 2178 64),

22 2204 143 2257 certum
161 2194 284 2276 quippe
300 2204 350 2257 est
367 2213 537 2274 nunquam
555 2196 677 2256 remitti
698 2216 717 2256 a
736 2196 809 2257 Deo
826 2196 977 2259 debitum
1003 2217 1113 2278 poenae

22 2308 150 2360 reternae
167 2308 201 2360 ct
216 2297 413 2360 commutari
431 2297 462 2359 in
480 2317 614 2378 poenam
633 2299 847 2379 temporalem
860 2300 906 2362 ita
922 2301 1112 2362 diuturnam

22 2414 51 2464 et
67 2422 203 2483 gravem
220 2413 257 2465 ut
273 2422 338 2464 non
357 2413 468 2484 posset
484 2404 680 2466 commutari
698 2403 730 2464 in
752 2401 851 2464 aliam
870 2423 1003 2484 poenam
1029 2413 1114 2466 tem-

23 2505 166 2583 poralem
179 2507 363 2586 graviorem
380 2514 413 2567 et
425 2506 673 2569 diuturniorem.
716 2507 887 2569 Debemus
900 2528 979 2590 ergo
991 2509 1114 2590 gratias

25 2607 95 2671 Deo
121 2618 192 2671 tum
216 2609 294 2689 quia
318 2610 445 2672 remisit
468 2631 603 2690 poenam
630 2622 806 2692 aeternam;
844 2623 915 2676 tum
943 2613 1021 2694 quia
1048 2633 1113 2674 non

23 2713 238 2775 commutavit
272 2711 363 2775 illam
387 2714 419 2775 in
444 2714 542 2777 aliam
576 2717 793 2799 temporalem
822 2717 991 2798 majorem,
1018 2725 1115 2799 prout

20 2815 199 2894 justissime
229 2827 376 2898 poterat;
422 2829 456 2881 et
479 2818 511 2880 in
535 2818 597 2881 hoc
620 2839 718 2882 sensu
743 2839 913 2900 nunquam
938 2820 1116 2882 remittitur

23 2932 145 2982 aeterna
160 2941 260 3002 prena
284 2923 362 3004 quin
387 2922 484 2984 simul
509 2923 696 2985 remittatur
712 2921 836 3002 aliquid
853 2922 895 2984 de
916 2924 1016 3002 poena
1033 2929 1116 2982 tem-

24 3024 124 3102 porali
142 3025 175 3085 in
192 3044 293 3104 quam
309 3027 506 3088 commutari
522 3026 693 3107 potuisset.

24 3127 71 3208 (b)
89 3127 218 3190 ratione
232 3127 474 3206 satr'ssatiionis‚
485 3150 541 3191 seu
559 3129 765 3210 poenitentiae
781 3147 800 3190 a
814 3127 994 3191 Sacerdote
1011 3127 1116 3208 impo-

25 3233 111 3306 sitae;
149 3251 236 3306 nam,
250 3230 350 3311 juxta
372 3231 598 3294 Tridentr’nrrm
618 3227 704 3315 (cap.
723 3231 765 3311 3),
781 3227 963 3292 satisfactio
979 3249 1043 3292 una
1066 3239 1116 3291 est

25 3353 65 3395 ex
84 3334 189 3396 tribus
203 3334 352 3414 partibus
363 3354 438 3414 quat
450 3336 491 3397 ad
507 3336 727 3416 integritatem
743 3335 939 3396 sacramenti
951 3333 1116 3414 pertinent

24 3438 114 3499 etad
137 3437 270 3518 plenam
293 3435 541 3519 periedlamque
562 3438 787 3500 remissionem
813 3447 1023 3519 peccatorum
1039 3454 1116 3497 con-

24 3550 175 3616 currunt;
197 3540 289 3620 atqui
305 3539 488 3604 satisfattio
504 3562 569 3603 non
580 3541 744 3604 concurrit
759 3539 882 3603 dirette
899 3541 939 3602 ad
955 3540 1116 3602 remissio·

14 3665 99 3724 ¹nem
116 3643 232 3724 culpae,
248 3664 350 3724 quum
367 3645 438 3707 haec
454 3645 640 3707 remittatur
656 3654 733 3706 ante
749 3641 1007 3706 satisiadliorrem
1025 3661 1117 3723 pera·
1143 3715 1145 3720 Ι

24 3743 130 3823 dlam3
168 3766 247 3827 ergo
270 3749 433 3810 concurrit
450 3749 491 3810 ad
509 3748 734 3810 remissionem
759 3767 874 3828 poenae.
922 3746 1021 3827 Quod
1046 3747 1118 3827 qui-

25 3851 99 3912 dem
117 3860 253 3932 praestat
269 3872 308 3912 ex
321 3863 409 3932 opere
423 3859 555 3931 operato,
568 3851 667 3930 juxta
683 3869 893 3913 ccmmunem
910 3853 1118 3924 sententiam,

26 3972 98 4032 quae
123 3963 213 4015 tenet
230 3964 296 4015 tres
312 3952 405 4017 aetus
430 3955 621 4036 poenitentis
645 3975 717 4016 esse
740 3955 912 4016 materiam
930 3956 1117 4036 proximam

26 4057 231 4118 sacramenti.

66 4190 116 4258 94.
163 4177 222 4258 (C)
258 4178 510 4242 Sacramentum
549 4179 755 4242 Poenitentiae
791 4201 851 4242 non
882 4191 1005 4260 seraper
1037 4179 1120 4244 tollit

28 4289 124 4342 totam
133 4291 264 4362 pernam
277 4283 486 4363 nummatam,
499 4292 535 4345 ut
542 4282 612 4365 jam
629 4284 850 4365 probavimus,
860 4284 918 4346 sed
934 4283 1120 4365 quandoque
