2738 4646
334 177 389 226 DE
408 176 615 228 sumsero
634 176 849 226 BAPTISMI.
1075 175 1140 228 263

104 357 192 420 Yrad.
238 357 288 438 (a)
307 356 456 420 Ecclesia
473 369 634 438 tanquam
652 354 795 420 Sanctos
815 357 956 418 honorat
978 356 1139 419 Innocen-

57 473 104 522 tes
125 482 181 543 pro
204 462 338 526 Christo
361 457 560 532 interledtos
581 459 659 520 item
686 458 720 521 B.
738 458 929 523 Simeonem
953 455 1140 522 octodecim

57 564 174 626 circiter
197 584 327 627 menses
351 575 477 638 natum,
493 563 549 643 qui
566 583 586 624 a
600 560 726 641 Judaeis
750 561 931 622 saevissime
954 560 1140 622 trucidatus

58 665 122 739 luit,
137 667 281 748 aliosque
304 667 447 730 infantes
465 685 524 747 pro
540 663 605 727 fide
620 664 746 725 occisos
762 684 769 738 ;
792 663 883 744 atqui
901 661 963 724 hoc
980 661 1139 744 explicari

56 772 169 850 nequit,
185 771 245 832 nisi
264 771 458 851 martyrium
475 787 551 832 vere
575 767 728 848 parvulos
749 765 907 846 justificet
924 788 930 844 ;
958 785 1017 828 nec
1039 765 1138 845 obJ'ici

55 880 157 949 potest
181 873 380 934 Innocentes
404 892 463 953 per
486 869 777 933 Circumcisionem
803 867 1002 948 justificatos
1032 868 1139 941 luisse,

55 991 126 1034 nam
138 975 271 1053 quidam
289 975 375 1036 inter
392 974 480 1055 ipsos
497 973 645 1034 nondum
664 972 847 1034 circumcisi
864 983 958 1034 erant
974 982 1008 1034 et
1025 970 1137 1032 Eccle-

56 1076 102 1137 sia
115 1097 226 1140 omnes
239 1078 337 1141 simul
355 1078 429 1140 illos
445 1078 605 1156 honorat;
628 1075 762 1138 aliunde
774 1076 847 1137 illos
860 1076 1011 1150 honorat,
1022 1095 1087 1136 non
1102 1085 1138 1136 ut

53 1177 262 1256 circumcisos,
278 1180 337 1242 sed
355 1190 392 1243 ut
409 1201 469 1262 pro
482 1179 615 1244 Christo
632 1176 802 1242 mactatos.

53 1277 100 1359 (b)
117 1281 196 1344 Item
216 1283 365 1345 Ecclesia
381 1283 489 1346 colere
511 1282 595 1344 solet
619 1281 691 1342 illos
708 1282 808 1344 etiam
826 1282 891 1362 qui,
909 1283 1056 1344 nondum
1081 1281 1137 1342 ba-

53 1382 169 1460 ptizati,
185 1387 380 1466 martyrium
402 1395 618 1466 susceperunt
634 1385 677 1464 (v.
693 1403 723 1464 g.
741 1384 773 1449 S.
793 1384 1076 1460 Emcrentianam)
1094 1392 1137 1456 et,

53 1488 165 1550 nedum
189 1509 302 1569 preces
326 1499 360 1552 et
383 1487 541 1552 sacrificia
565 1507 625 1570 pro
649 1487 712 1549 illis
734 1487 862 1564 offerat,
883 1507 997 1550 eorum
1021 1496 1136 1550 contra

52 1607 141 1668 opem
158 1591 334 1672 implorat:
359 1599 374 1623 “
387 1593 546 1672 Injuriam
565 1593 701 1672 martyri
719 1592 806 1664 facit,
819 1593 875 1673 qui
892 1601 964 1654 orat
977 1611 1037 1673 pro
1051 1611 1135 1654 mar·

52 1693 147 1768 tyre’',
161 1695 207 1756 ait
224 1695 329 1757 Innoc.
346 1694 425 1768 HL·
448 1695 539 1776 atqui
564 1695 619 1756 illa
643 1697 758 1777 praxis
782 1696 957 1758 manifeste
977 1695 1136 1777 supponit

52 1797 236 1875 martyrium
248 1797 403 1878 supplere
414 1799 501 1860 vices
510 1797 671 1878 Baptismi
682 1799 793 1879 quoad
804 1798 936 1880 culpam
947 1809 981 1860 et
991 1816 1134 1879 poenam.

90 1917 223 1983 Ratione
233 1942 319 1984 cono.
368 1922 559 2004 Baptismus
572 1943 666 2004 aquae
684 1922 759 1984 ideo
771 1925 925 1986 virtutem
943 1923 1044 1986 habet
1060 1943 1135 2005 pec·

52 2030 118 2082 cata
129 2021 271 2099 delendi,
282 2025 360 2105 quia
374 2045 433 2086 nos
451 2025 482 2087 in
500 2026 750 2088 similitudinem
769 2026 883 2088 mortis
897 2026 1017 2089 Christi
1034 2025 1134 2088 confi·

50 2135 158 2202 gurat;
181 2127 273 2208 atqui
290 2147 349 2208 per
366 2129 571 2209 martyrium,
583 2139 653 2191 tum
671 2130 785 2203 adulti,
798 2140 869 2192 tum
887 2129 1013 2210 parvuli
1029 2129 1133 2210 perie-

50 2219 124 2286 Ctius
151 2227 273 2292 Christi
303 2231 400 2292 morti
428 2230 677 2311 configurantur
704 2251 803 2312 quam
840 2253 897 2313 per
925 2231 1133 2313 Baptismum

50 2345 142 2407 aquae,
153 2351 255 2412 quum
273 2343 435 2414 martyres
451 2334 522 2415 ejus
539 2336 726 2414 passionem
741 2336 926 2412 imitentur;
947 2357 1026 2417 ergo
1038 2337 1134 2399 valde

50 2435 193 2496 convenit
210 2445 247 2498 ut
264 2438 457 2518 martyrium
473 2436 631 2516 justificet
648 2459 742 2520 aeque
754 2440 872 2503 saltem
890 2461 928 2502 ac
943 2441 1133 2522 Baptismus
1180 2534 1181 2537 Ἴ

49 2551 141 2612 aquae.
185 2536 238 2617 (S
258 2537 618 2622 le...3pq66‚a..12)
688 2603 692 2612 ,

85 2675 129 2739 44.
175 2663 232 2742 (C)
250 2663 374 2726 Modus
388 2685 449 2745 quo
464 2677 622 2746 operatur.
670 2671 868 2753 Martyrium
886 2695 963 2736 suos
980 2676 1133 2756 producit

51 2758 183 2839 effectus,
196 2765 264 2828 scil.
279 2767 505 2830 remissionem
523 2771 630 2851 culpae
643 2783 675 2834 et
692 2794 801 2854 poenae
818 2776 918 2837 etiam
933 2779 1134 2858 temporalis,

51 2881 87 2924 cx
100 2879 186 2946 opere
201 2879 335 2948 operato.
383 2871 519 2934 Certum
536 2883 586 2935 est
611 2893 670 2954 pro
694 2876 884 2951 infantibus,
901 2879 978 2958 quia
1001 2881 1132 2962 incapa-

51 2983 95 3026 ces
109 2979 184 3032 sunt
201 2971 440 3054 cujuscumque
462 2975 698 3056 dispositionis
715 2998 774 3040 nec
800 2991 939 3059 possunt
960 2981 1131 3060 justificari

50 3087 86 3130 ex
100 3092 195 3152 opere
212 3079 397 3155 operantis;
421 3081 641 3142 communiter
653 3082 841 3166 admittitur
853 3083 952 3145 etiam
968 3105 1027 3165 pro
1040 3087 1131 3149 adul·

51 3171 105 3249 tis;
126 3195 212 3239 nam.

87 3293 130 3375 (a)
144 3295 250 3375 Juxta
277 3297 311 3360 5.
329 3299 416 3379 Aug.
436 3297 507 3384 (Dc
533 3301 602 3365 Civ.
621 3303 693 3378 Dei,
711 3302 811 3378 XIII,
829 3301 877 3388 7),
894 3305 1131 3390 “Quicumque

53 3413 100 3469 pro
116 3398 235 3462 Christi
261 3402 468 3465 confessione
493 3407 685 3480 moriuntur,
703 3416 833 3470 tantum
858 3410 890 3471 in
915 3411 961 3470 eis
978 3411 1065 3474 valet
1089 3417 1129 3476 ad

51 3495 237 3564 dimittenda
266 3515 416 3584 peccata,
439 3517 599 3587 quantum
628 3510 655 3570 si
683 3509 894 3573 abluerentur
922 3533 1014 3572 sacro
1040 3513 1131 3577 sonte

54 3599 301 3684 Baptismatis¹’;
330 3612 420 3690 atqui
448 3611 619 3692 Baptisma
642 3634 685 3675 ex
709 3634 808 3694 opere
832 3627 968 3696 operato
992 3619 1131 3682 remittit

53 3705 168 3786 culpam
187 3721 220 3772 et
237 3731 382 3792 poenam,
395 3733 437 3775 ex
455 3712 551 3777 dictis
568 3736 687 3797 supra;
711 3737 797 3797 ergo

88 3831 131 3912 (b)
148 3835 289 3916 Insuper
306 3837 455 3899 Ecclesia
477 3859 543 3901 non
560 3851 632 3902 orat
654 3863 714 3922 pro
738 3843 937 3923 martyribus
953 3868 960 3923 ;
984 3848 1085 3928 atqui,
1102 3849 1129 3910 si

54 3938 230 4016 martyrium
247 3949 440 4018 operaretur
456 3942 562 4003 solum
586 3963 628 4004 cx
653 3965 753 4024 opere
774 3947 949 4025 operantis,
966 3952 1128 4026 orandum

52 4049 124 4101 esset
142 4045 264 4122 procis
282 4065 288 4118 ;
317 4063 394 4104 nam
412 4045 556 4107 dubitari
578 4057 689 4126 posset
710 4057 818 4108 utrum
840 4067 952 4110 eorum
975 4055 1130 4115 contritio

55 4135 90 4198 ita
110 4143 248 4222 persedla
274 4145 380 4222 fuerit,
404 4158 439 4210 ut
463 4158 568 4210 totam
594 4149 812 4230 temporalem
837 4172 971 4231 poenam
997 4155 1129 4232 tulerit;

53 4257 122 4321 ergo,
