2780 4646
244 106 288 156 82
704 109 843 160 CAPUT
862 111 886 156 1.

154 285 159 294 “
243 285 284 350 (b)
298 285 431 357 Insuper,
448 287 582 358 quamvis
596 305 656 344 non
677 287 823 358 producat
840 285 941 344 actum
960 285 1117 342 salutarem
1132 301 1149 339 a
1165 283 1230 338 Deo
1248 281 1339 337 interr·

243 379 317 440 tum,
328 373 434 430 excitat
454 385 553 432 tamen
570 373 802 431 illuminationes
822 375 850 430 in
871 371 1022 430 intelledtu
1039 381 1068 428 et
1086 370 1135 442 pia
1153 369 1293 426 desideria
1311 367 1340 420 in

243 457 403 528 voluntate,
414 476 481 529 quae
491 471 560 516 sunt
570 460 659 517 veluti
671 459 846 532 praeparatio
856 457 895 515 ad
906 457 1141 520 conversionem,
1153 472 1208 512 nec
1219 453 1342 525 proinde

244 542 357 600 inutilia
370 555 447 602 sunt.

279 630 326 696 (C)
339 631 420 687 Iusto
429 653 439 685 .·
458 631 513 688 Illa
526 633 618 702 gratia
633 650 693 689 non
707 643 751 690 est
764 631 922 698 sufficiens,
935 647 1002 700 quae
1016 645 1075 685 non
1090 636 1189 700 potest
1202 627 1230 683 in
1243 627 1342 682 actum

243 715 329 783 exire,
343 717 396 773 nisi
416 718 507 775 altera
525 718 658 787 accedat,
674 717 812 775 videlicet
832 717 925 787 gratia
943 715 1064 783 efficax;
1083 713 1165 784 atqui
1186 713 1225 769 ita
1242 723 1284 768 est
1303 712 1343 768 de

243 801 335 870 gratia
352 802 524 860 sufficiente.
564 804 748 875 Respondent
766 802 927 859 Molr'm'stoe
945 820 1005 858 non
1025 800 1133 871 requiri
1155 817 1261 856 noram
1280 816 1343 868 gra-

244 888 314 944 tiam
328 898 359 945 ut
373 889 452 960 prior
463 907 550 947 suum
564 892 701 948 sortiatur
711 890 860 956 effectum,
871 889 923 946 sed
937 887 1061 960 gratiam
1074 887 1267 944 sufficientem
1282 886 1343 942 fieri

243 972 393 1030 efficacem
413 975 506 1033 libero
525 993 674 1033 consensu
693 975 854 1032 voluntatis
874 985 991 1030 nostrae.
1030 973 1118 1045 Juxta
1136 973 1296 1028 Thouristas
1314 985 1343 1027 cr

246 1059 444 1131 Congruistas,
465 1063 622 1134 requiritur
640 1063 763 1133 quidem
782 1061 874 1119 altera
892 1061 991 1132 gratia,
1015 1070 1121 1132 praeter
1138 1059 1341 1120 sufficientem,

243 1147 295 1205 sed
310 1148 373 1206 haec
387 1148 507 1206 offertur
520 1149 555 1205 iis
568 1148 709 1206 omnibus
728 1149 779 1219 qui
796 1147 910 1204 nullum
926 1146 1113 1203 obstaculum
1135 1146 1162 1203 ei
1179 1157 1345 1217 opponunt.

242 1233 282 1290 ita
302 1244 333 1291 ut
351 1252 418 1292 vere
437 1235 474 1291 sit
493 1235 523 1291 in
543 1233 673 1293 hominis
690 1245 846 1307 potestate.
885 1235 972 1306 Ergo,
989 1234 1206 1305 quodcumque
1218 1243 1345 1303 systema

242 1320 422 1390 admittatur,
434 1322 528 1392 gratia
540 1321 690 1380 sufficiens
703 1332 747 1379 est
762 1339 829 1378 vere
842 1320 930 1378 utilis.

310 1461 326 1545 t
353 1465 397 1527 11.
422 1464 726 1528 Carrrocrconuru
750 1477 1036 1528 rnuouooonum
1062 1476 1281 1526 srsrasrarn

647 1583 910 1632 EXPONUNTUR
923 1581 942 1630 ¹.

287 1726 354 1790 104
404 1713 521 1776 Status
535 1713 727 1792 questionis.
770 1713 933 1778 Catholici
950 1733 1067 1776 omnes
1083 1713 1263 1793 quamdam
1282 1713 1346 1772 dis-

243 1811 437 1876 tinctionem
455 1815 640 1886 admittunt
657 1816 742 1878 inter
757 1817 898 1895 gratiam
919 1814 1139 1878 sufficientem
1155 1826 1188 1877 et
1205 1816 1346 1894 gratiam

242 1915 433 1979 efficacem:
457 1916 545 1998 prior
566 1919 731 1998 siquidem
755 1939 830 1980 vere
854 1918 975 1982 sufficit
998 1929 1035 1981 ut
1056 1917 1348 2000 supernaturaliter

242 2039 341 2100 agere
349 2020 522 2099 possimus
534 2022 590 2083 sed
609 2022 651 2083 de
667 2020 765 2096 sacto,
777 2032 943 2102 quatenus
956 2042 1045 2084 mere
1058 2021 1224 2084 sufficiens
1241 2041 1344 2081 rema-

242 2134 307 2198 net,
321 2143 417 2184 suum
436 2143 501 2184 non
519 2121 648 2186 obtinet
664 2107 819 2186 esset-tum
836 2146 842 2187 :
862 2125 1025 2206 posterior
1039 2133 1152 2186 autem
1170 2121 1347 2184 infallibili·
1385 2165 1386 2228 i

241 2236 291 2289 ter
303 2245 378 2288 curn
392 2223 511 2288 effectu
525 2224 739 2288 conncttitur.
767 2228 890 2289 lterum
903 2247 1020 2289 omnes
1033 2227 1220 2288 concedunt
1232 2225 1348 2286 volun·
1385 2231 1386 2271 i

241 2339 345 2392 tatem
371 2338 529 2403 nostram,
550 2330 612 2390 sub
634 2329 763 2392 influxu
788 2332 904 2411 gratiae
928 2329 1078 2404 efficacis,
1103 2328 1240 2390 liberam
1264 2347 1348 2388 esse.

243 2431 393 2512 Quaestio
417 2441 467 2493 est
491 2431 592 2510 igitur
612 2434 783 2511 quomodo
808 2431 941 2496 libertas
961 2441 1074 2494 nostra
1091 2451 1166 2493 cum
1185 2429 1348 2492 infallibili

241 2535 357 2614 gratiae
374 2533 571 2596 efficacitate
588 2534 755 2596 conciliari
772 2536 885 2616 possit.

287 2636 395 2698 Multa
419 2636 481 2698 hac
504 2635 546 2698 dc
570 2656 603 2698 re
627 2637 779 2717 prodiere
802 2646 996 2718 systemata,
1012 2655 1153 2715 quorum
1179 2635 1348 2716 praecipua

241 2747 318 2798 sunt
349 2735 571 2810 Mole'nismus,
602 2737 654 2796 cui
694 2735 802 2796 affinis
840 2746 890 2798 cst
923 2734 1167 2817 Congruismus,
1198 2747 1230 2797 et
1266 2735 1348 2796 Tlm-

242 2839 387 2912 rm'smus,
400 2839 450 2900 cui
468 2836 575 2898 affinis
592 2849 642 2899 est
655 2839 685 2898 A
692 2839 996 2918 ugustim'amsmus.
1036 2840 1146 2902 Prima
1158 2838 1254 2918 hujus
1268 2859 1349 2899 corr-

243 2941 410 3002 troversiae
434 2942 561 3002 semina
586 2942 617 3002 in
638 2941 811 3022 Hispaniis
828 2961 917 3004 anno
939 2945 1014 3020 1581
1033 2939 1124 3021 jana
1141 2951 1228 3014 sunt,
1243 2961 1346 3021 quum

244 3043 387 3116 Bannez,
404 3043 445 3106 Ο.
464 3045 506 3115 Ρ.,
524 3043 733 3123 impugnavit
755 3045 924 3105 Prudentii
949 3045 990 3106 de
1014 3043 1242 3124 Montemajor
1263 3043 1296 3106 S.
1317 3043 1347 3122 J.

243 3147 352 3207 theses
369 3144 573 3224 theologicas
588 3167 595 3220 ;
617 3147 722 3207 acrior
738 3148 842 3208 evasit
855 3167 969 3227 pugna
981 3167 1084 3226 quum
1101 3145 1229 3208 Molina
1243 3145 1348 3206 lamo-

243 3268 315 3310 sum
341 3248 457 3309 librum
481 3268 570 3309 anno
592 3251 671 3324 1588
689 3249 793 3310 edidit
810 3250 852 3310 de
870 3247 983 3309 Liberi
996 3248 1133 3309 arbitrii
1145 3248 1350 3327 cumgratia

242 3351 337 3412 donis
354 3349 529 3413 Concordia
540 3371 553 3420 ,·
579 3371 628 3410 res
645 3351 687 3411 ad
707 3350 740 3413 S.
755 3350 949 3412 Pontificem
965 3351 1173 3414 Clementem
1188 3350 1252 3412 Vll
1259 3349 1273 3410 l
1292 3350 1347 3410 de-

243 3453 309 3516 lata
326 3452 396 3527 suit,
412 3454 478 3533 qui,
495 3451 537 3514 ad
556 3452 647 3514 litem
665 3454 943 3534 componendam,
960 3454 1139 3535 specialem
1158 3453 1346 3534 Congrcga-

279 3667 285 3688 ¹
298 3653 388 3720 Hujus
402 3651 601 3706 controversiae
615 3651 760 3704 historiam
774 3654 866 3720 legere
880 3664 923 3706 est
937 3654 1012 3721 apud
1026 3654 1067 3712 H.
1081 3654 1178 3721 Scrry,
1193 3653 1226 3706 Ο.
1240 3653 1277 3716 Ρ.,
1295 3651 1342 3702 lli-

244 3739 328 3790 storia
343 3739 600 3806 Congregationum
616 3737 650 3790 de
664 3737 799 3802 Auxiliis;
819 3741 924 3807 Meyer,
942 3741 969 3792 S.
981 3741 1017 3807 J.,
1036 3739 1162 3793 Historia
1177 3740 1344 3806 Congregat.

244 3825 279 3876 de
299 3824 401 3876 dirime
421 3837 491 3892 grat.
508 3823 638 3888 auxiliis;
658 3825 797 3886 Br'llrarrt,
815 3827 847 3876 O.
865 3827 907 3888 P.,
929 3825 964 3877 de
987 3827 1058 3891 De0,
1072 3825 1140 3878 diss.
1155 3825 1191 3885 l',
1207 3843 1231 3876 a.
1245 3825 1269 3876 6.
1288 3825 1345 3891 58:

244 3911 404 3978 Santrrgna,
419 3913 447 3962 S.
463 3912 487 3978 J.
505 3911 580 3978 apud
594 3911 738 3962 illusaellu
757 3911 791 3963 cle
807 3912 913 3978 Gratia,
931 3928 957 3979 p.
975 3926 1025 3976 497
1040 3929 1097 3981 sq.;
1118 3910 1345 3964 Duurmmuaa'v.

244 3997 278 4049 O.
297 3977 378 4061 P.,S.
395 3997 521 4048 'l'lronras
535 4009 561 4050 et
576 3995 704 4048 tlot'lrina
719 3999 911 4066 praernotionis
925 3999 1062 4066 physicam
1077 4000 1256 4060 Sclmeennm,
1272 4001 1300 4050 S.
1315 3995 1347 4066 J

245 4084 377 4134 Controv.
394 4083 429 4135 de
442 4083 537 4134 divinat
551 4081 648 4136 Gratia
657 4103 664 4145 ;
687 4083 832 4151 Guyraud,
846 4089 880 4140 Ο.
897 4089 935 4152 Ρ.,
950 4089 1116 4143 Thornisme
1129 4101 1157 4142 et
1175 4086 1346 4142 llolinismer

244 4171 368 4237 lregmm,
385 4171 412 4222 S.
427 4171 463 4238 J..
479 4169 711 4224 Bannesianisme
726 4183 752 4224 et
769 4174 940 4229 llolinisme.
