2752 4648
257 183 311 231 DE
323 173 619 232 SACRAMENTO
632 171 954 227 EUCHARISTIAE.
1086 167 1142 216 411

64 361 110 441 ib)
127 362 329 435 timentibus,
346 363 401 444 qui
418 359 668 428 lucidahabent
687 355 867 430 intervalla,
884 351 1020 416 concedi
1034 356 1144 431 potest

63 465 134 526 dum
149 476 222 529 sunt
237 467 269 528 in
286 476 374 530 statu
391 465 570 529 luciditatis
586 473 619 526 et
635 462 814 544 quamdam
827 456 1038 521 devotionem
1055 451 1146 514 exhi·

63 565 143 629 bent.

62 668 107 748 (c)
124 669 186 732 Illis
202 672 256 751 qui
273 691 369 734 usum
386 670 521 734 rationis
539 668 734 738 habuerunt,
749 666 807 727 sed
832 672 948 746 postea
971 661 1003 722 in
1028 677 1142 740 perpe-

61 780 146 834 tuam
167 775 345 837 amentiam
374 765 567 846 inciderunt,
589 769 792 854 probabilius
815 763 952 828 concedi
976 770 1085 843 potest
1109 761 1141 821 in

61 877 188 940 articulo
215 879 340 954 mortis,
364 877 548 940 dummodo
575 874 752 937 christiane
778 869 932 944 vixerint,
956 877 989 928 et
1017 864 1143 928 nullum

61 979 99 1040 sit
115 979 327 1043 irreverentiae
343 981 534 1063 periculum,
550 999 616 1040 non
634 986 746 1040 autem
762 982 860 1037 extra
874 972 961 1033 hunc
979 987 1100 1032 casum.

61 1081 108 1161 (d)
124 1082 334 1158 Semi-fatuis,
349 1095 382 1146 et
399 1083 532 1146 senibus
548 1082 603 1163 qui
620 1087 855 1162 repuerascunt
870 1076 1007 1138 concedi
1024 1081 1144 1154 potest,

62 1205 121 1246 non
133 1188 237 1250 solum
256 1189 286 1248 in
302 1188 417 1250 mortis
433 1186 654 1270 pericul0,sed
672 1193 821 1263 tempore
834 1177 989 1261 praecepti
1007 1175 1144 1258 pascha-

61 1288 104 1363 lis,
120 1291 181 1354 imo
196 1300 229 1354 et
246 1291 457 1372 frequentius,
473 1291 499 1352 si
521 1289 665 1370 aliquam
690 1284 843 1348 notitiam
861 1281 920 1346 SS.
938 1277 1143 1345 Sacramenti

60 1389 201 1457 habeant.
395 1463 396 1466 Ἴ

105 1496 165 1574 136.
212 1510 246 1576 30
263 1497 313 1560 Do
327 1497 548 1568 delirantibus,
561 1494 737 1576 epilepticis,
748 1489 971 1562 surdo-irrutis,
989 1486 1072 1548 tussi
1085 1494 1145 1546 aut

61 1599 172 1662 vorrritu
195 1600 425 1676 laborantibus,
446 1610 477 1663 et
498 1600 598 1679 capite
618 1597 792 1659 minoratis.
845 1592 895 1674 (a)
912 1589 1145 1662 Delirantibus‚

63 1712 114 1764 aut
136 1704 197 1765 illis
220 1705 277 1784 qui
294 1703 439 1766 sensibus
456 1713 533 1764 sunt
550 1698 706 1772 destituti,
721 1698 878 1760 viaticum
895 1695 965 1758 dari
982 1701 1101 1774 potest,
1116 1691 1143 1751 si

61 1815 150 1868 antea
175 1807 329 1890 dispositi
356 1806 489 1881 suerint,
516 1815 549 1867 et
580 1805 665 1866 absit
696 1801 915 1864 irreverentiae
945 1795 1146 1878 periculum;

61 1913 188 1990 expedit
212 1913 245 1973 in
270 1912 378 1992 primo
401 1930 477 1972 casu
501 1907 697 1991 particulam
722 1927 788 1969 nnn
812 1913 1037 1967 consecratam
1055 1903 1145 1983 prius

62 2015 204 2091 praebere,
216 2025 252 2077 ut
268 2024 426 2095 appareat
443 2023 551 2076 utrum
570 2011 718 2074 infirmus
734 2011 889 2072 decenter
901 2007 1145 2069 communicare

60 2115 163 2190 possit.
871 2187 874 2192 Ι

64 2213 106 2294 (b)
127 2217 312 2298 Epilepticis
332 2227 363 2278 et
384 2216 516 2280 obsessis
538 2214 608 2276 dari
633 2224 743 2297 potest
766 2214 966 2290 communio,
985 2232 1050 2274 non
1075 2211 1145 2292 qui-

60 2317 128 2381 dem
143 2321 174 2382 in
192 2319 313 2383 actuali
335 2339 548 2402 paroxysmo,
566 2319 623 2380 sed
640 2320 775 2399 quando
791 2318 841 2380 sui
857 2326 1029 2398 compotes
1044 2334 1147 2396 appa-

61 2431 131 2484 rent.

60 2520 102 2600 (c)
119 2523 183 2586 lllis
199 2527 254 2607 qui
272 2524 369 2587 simul
387 2524 479 2599 inriti,
487 2523 585 2586 surdi
597 2535 628 2585 et
641 2525 713 2587 coci
726 2534 804 2587 sunt
820 2545 839 2586 a
855 2525 1030 2587 nativitate
1046 2521 1145 2583 dene·

62 2628 122 2702 gari
139 2628 237 2691 debet
253 2629 442 2691 communio
458 2629 534 2709 quia
552 2626 740 2690 nullatenus
756 2638 896 2708 possunt
912 2637 1064 2689 naturam
1081 2623 1144 2686 cibi

63 2725 268 2794 Eucharistici
293 2731 483 2812 intelligere.
537 2729 764 2793 Sardo-mutis
779 2753 798 2794 a
815 2733 988 2794 nativitate
1008 2727 1145 2792 concedi

61 2830 149 2895 debet
170 2855 262 2897 sacra
286 2835 485 2908 communio,
508 2833 643 2914 quando
668 2836 901 2897 discretionem
926 2833 1143 2897 sufficientem

60 2930 191 3012 habent;
217 2939 244 2998 si
269 2947 380 3000 autem
404 2936 528 2998 nullam
545 2937 776 3000 discretionem
800 2939 969 3012 exhibent,
986 2937 1065 3017 ipsis
1086 2935 1141 2996 de-

61 3043 202 3119 neganda
217 3051 276 3104 est.

62 3136 105 3219 ld)
121 3142 150 3206 S.
167 3143 376 3206 Eucharistia
392 3143 462 3204 dari
484 3153 595 3224 potest
610 3163 699 3223 aegro
715 3144 770 3224 qui
789 3145 874 3206 tussi
894 3144 1031 3217 laborat,
1047 3143 1142 3204 dum·

62 3247 151 3308 modo
162 3248 260 3309 tussis
273 3267 336 3308 non
349 3247 392 3308 sit
408 3249 453 3308 ita
469 3248 602 3309 assidua
614 3257 650 3308 ut
667 3248 826 3328 impediat
842 3248 1020 3328 quominus
1037 3245 1146 3307 hostia

62 3349 177 3423 possint
192 3352 224 3412 in
242 3349 450 3412 stomachum
468 3351 613 3412 transire.
661 3349 806 3431 Quando
823 3349 970 3411 infirmus
983 3346 1144 3427 frequenti

61 3451 170 3514 nonritu
187 3453 324 3528 laborat,
341 3473 407 3514 non
427 3461 538 3533 potest
558 3453 619 3533 ipsi
636 3453 707 3514 dari
723 3453 915 3515 communio
932 3451 993 3512 nisi
1011 3447 1144 3512 morali·

60 3557 101 3614 ter
119 3567 246 3619 constet
267 3576 393 3618 sacram
416 3556 610 3637 particulam
632 3576 730 3638 posse
752 3557 783 3616 in
807 3553 982 3618 stomacho
1003 3549 1144 3648 servari:

61 3652 114 3720 hoc
128 3671 237 3723 autem
255 3670 380 3722 certum
403 3668 513 3741 potest
536 3658 603 3722 fieri
626 3660 694 3721 sive
716 3659 881 3720 medicum
899 3654 1151 3740 interrogando,

61 3758 118 3824 sive
133 3765 220 3845 prius
236 3763 350 3825 dando
366 3762 510 3843 aliquam
524 3761 696 3843 particlam
708 3781 774 3821 non
788 3767 1024 3830 consecratam,
1042 3774 1145 3835 quan-

61 3861 98 3924 do
112 3869 215 3948 agitur
232 3868 275 3929 de
291 3867 424 3932 viatic0.

61 3964 101 4048 le)
118 3968 225 4050 Capite
239 3969 407 4032 darrinotis
422 3969 502 4031 olim
521 3970 552 4029 in
575 3966 775 4048 quibusdam
793 3963 983 4046 regionibus
1000 3963 1144 4044 denega-

62 4065 146 4133 batur
161 4073 316 4135 viaticum
336 4094 343 4147 ;
360 4073 435 4135 talis
451 4092 530 4134 usus
547 4069 741 4151 reprobatus
753 4069 843 4132 suita
862 4070 899 4130 R.
913 4067 1139 4140 Pontificibus,

61 4179 88 4232 et
102 4174 194 4237 hodie
211 4177 254 4239 nil
272 4175 425 4258 prohibet
439 4177 518 4256 quin
533 4174 577 4236 illi
591 4174 838 4236 communicent
851 4193 909 4255 per
921 4173 1058 4234 modum
1076 4170 1142 4231 via·

61 4273 107 4337 tici
121 4280 216 4342 etiam
234 4282 307 4362 ipso
321 4281 377 4343 die
395 4279 610 4354 executionis
622 4278 805 4340 dummodo
829 4293 940 4342 tamen
953 4272 1144 4337 communio
