2780 4646
330 183 386 233 DE
404 185 564 233 enam
585 184 828 234 HABITUALI
1077 185 1138 234 10³

31 380 96 423 non
116 381 298 442 possumus
321 366 409 427 enim
430 385 504 428 esse
529 365 591 428 Dei
615 366 754 428 heredes
777 365 857 447 quin
880 365 1081 448 adoptemur
1104 367 1136 426 in

32 447 128 524 filios
147 469 207 512 nec
222 452 375 534 adoptari
393 452 424 513 in
442 451 536 530 filios,
553 453 614 515 nisi
635 453 772 515 interius
796 453 1019 526 immutemur,
1034 472 1138 532 quum

31 559 134 612 antea
152 552 228 614 Deo
243 553 384 624 odibiles
399 574 555 618 essemus

77 649 149 738 (C)
167 655 320 719 Tandem
339 656 533 737 justificatio
556 657 752 720 describitur
775 659 822 720 uti
846 655 949 732 attus,
966 678 1024 739 per
1039 677 1138 739 quem

33 777 235 819 renovamur
248 759 283 820 in
297 769 385 822 statu
395 760 578 840 primitive
591 759 785 834 sanctitatis,
799 761 900 841 juxta
916 760 996 823 illud
1012 782 1018 822 :
1043 766 1058 790 ‘⁴
1074 761 1139 822 Re·

34 856 205 919 novamini
223 858 340 940 spiritu
355 861 474 923 mentis
491 872 617 937 vestrae,
630 870 663 922 et
676 861 804 922 induite
822 880 945 922 novum
959 860 1139 936 hominem,

34 958 87 1036 qui
106 961 294 1023 seeundum
313 961 422 1026 Deum
440 975 569 1027 creatus
585 973 636 1026 est
653 965 685 1026 in
701 963 837 1043 justitia,
850 974 882 1027 et
895 960 1072 1026 sanetitate
1084 983 1139 1025 ve·

35 1062 169 1123 ritatis’'
183 1074 203 1125 ¹.
251 1062 356 1146 Atqui
373 1075 480 1129 status
492 1065 628 1148 justitiae
645 1067 829 1149 primitivae,
839 1066 938 1146 juxta
955 1067 1043 1147 ipsos
1062 1068 1139 1128 Pro·

35 1173 208 1242 testantes,
222 1178 293 1229 erat
303 1180 409 1232 status
421 1171 583 1232 interioris
594 1180 627 1232 et
639 1170 825 1233 intrinsecae
836 1165 1035 1246 santlitatis;
1051 1189 1138 1250 ergo.

77 1295 148 1360 134.
189 1297 225 1345 2⁰
237 1285 385 1348 Ratione.
425 1286 516 1349 Deus
530 1306 595 1349 non
608 1295 719 1368 potest
730 1285 898 1347 declarare
907 1285 1034 1365 justum
1046 1284 1138 1347 illum

38 1383 88 1461 qui
108 1403 223 1447 revera
240 1387 416 1451 intrinsece
433 1398 582 1451 remanet
599 1388 756 1470 injustos;
780 1387 843 1450 hoc
859 1388 947 1449 enim
965 1389 1140 1468 opponitur

39 1495 105 1547 tum
130 1489 268 1550 veritali
289 1499 360 1552 tum
373 1490 518 1570 justitio
540 1492 683 1568 divinae3
707 1489 810 1572 atqui,
823 1487 924 1568 juxta
949 1487 1140 1550 Protestan·

41 1597 93 1663 tes,
106 1603 265 1671 peccator
281 1593 313 1654 in
327 1593 566 1674 justificatione
581 1594 768 1658 declaratur
782 1593 891 1675 justus
904 1587 947 1653 ab
960 1591 1033 1671 ipso
1047 1591 1141 1654 Deo:
1222 1607 1225 1614 ·

41 1711 114 1771 ergo
131 1691 171 1756 fit
187 1695 364 1758 intrinsece
378 1697 495 1782 justus
535 1698 678 1761 Accedit
695 1698 783 1778 quod
798 1695 898 1758 verba
915 1695 977 1757 Dei
995 1694 1141 1758 efficacia

42 1807 112 1857 sunt
129 1805 164 1858 et
181 1799 370 1877 producunt
386 1801 549 1882 quidquid
572 1799 780 1882 significant:
803 1821 832 1861 ν.
848 1821 878 1881 g.
895 1799 1030 1880 quando
1048 1799 1140 1862 Deus

42 1895 123 1959 dixit
142 1903 158 1928 “
171 1897 229 1962 liat
253 1899 349 1978 lux”,
365 1923 477 1965 revera
500 1909 516 1934 “
529 1902 617 1966 satta
640 1912 693 1966 est
717 1903 851 1980 lux”²;
875 1904 966 1984 atqui
992 1903 1083 1965 Deus
1108 1905 1139 1966 in

41 1997 275 2073 justificatione
291 2005 438 2066 declarat
456 2005 626 2066 hominem
647 2005 775 2086 justum
800 2025 894 2081 esse;
917 2024 996 2084 ergo
1012 2025 1052 2067 eo
1068 2007 1141 2086 ipso

43 2117 111 2162 eum
126 2102 257 2183 justum
274 2125 350 2167 vere
367 2106 466 2183 sacit;
490 2127 584 2168 secus
600 2107 671 2187 ejus
687 2107 824 2170 verbum
842 2116 929 2168 esset
946 2107 1073 2168 inanes.

74 2219 125 2273 135
167 2225 197 2280 3⁰
211 2209 287 2268 Salv.
304 2211 388 2282 diffie
427 2213 474 2282 (A)
489 2211 679 2270 Vocabulum
702 2213 867 2284 “justifico
888 2209 1023 2263 δικαιόω”
1043 2229 1141 2283 neque

44 2295 115 2360 apud
130 2297 272 2367 profanos
286 2316 384 2369 neque
396 2299 476 2370 apud
491 2317 588 2357 sacros
601 2299 737 2357 auetores
750 2299 896 2371 significat
908 2300 1021 2370 justum
1033 2298 1137 2369 lacere,

46 2379 90 2436 sed
102 2391 219 2440 tantum
231 2384 344 2456 justum
357 2385 518 2453 declarare
531 2404 602 2458 ergo
615 2405 668 2458 per
676 2386 919 2457 justificationem
931 2396 1070 2457 peccator
1080 2404 1140 2442 non

45 2465 71 2522 fit
83 2467 241 2528 intrinsece
253 2472 357 2543 justus,
373 2474 426 2531 sed
446 2473 542 2530 solum
563 2475 734 2545 extrinsece,
748 2485 777 2531 et
798 2493 849 2546 per
868 2476 991 2532 modum
1012 2475 1140 2532 declara-

47 2551 124 2612 tionis
139 2556 265 2615 lorensis
274 2565 290 2614 ⁴.

75 2641 156 2714 Resp.
194 2644 278 2716 Nego
291 2647 469 2714 antecedens,·
488 2665 556 2703 nam
571 2647 638 2705 licet
652 2648 824 2717 hujusmodi
839 2648 1018 2705 vocabulum
1035 2647 1140 2720 printa-

46 2725 83 2782 rio
94 2739 121 2786 et
134 2732 334 2802 etymologine
348 2732 426 2790 idem
441 2744 527 2792 sonet
540 2751 574 2790 ac
588 2735 737 2792 declarare
749 2737 872 2806 justum,
882 2747 983 2793 tamen
997 2735 1140 2793 secunda-

47 2813 83 2868 rio
95 2827 122 2872 et
135 2835 171 2874 ex
184 2819 334 2889 adjunctis
349 2821 496 2890 significat
515 2822 603 2879 etiam
610 2821 707 2893 jacere
712 2823 836 2894 justum,
850 2841 876 2879 v.
892 2841 918 2892 g.
933 2822 983 2880 ubi
997 2822 1140 2880 diciturr:

47 2899 1139 2979 “Quijustusest,jusltficeluradlluc;et‘sanetussanttiliceturadbuc'',ibi

76 3105 194 3184 1ΕρΙιεε.
211 3114 259 3181 IV,
278 3129 319 3181 23.
335 3115 391 3154 -2
406 3117 471 3170 Gen.
489 3117 511 3182 l,
525 3131 549 3184 3.

76 3201 175 3269 ³Quod
189 3213 386 3270 argumentum
401 3203 504 3257 diserte
517 3203 619 3256 evolvit
626 3204 659 3271 J.
670 3204 710 3256 H.
720 3205 860 3256 Νιῑυηιαιι
870 3203 927 3272 (op.
939 3203 985 3257 cit.
997 3221 1022 3272 p.
1037 3203 1142 3274 78-84);

49 3299 126 3349 pauca
139 3306 172 3342 ex
186 3290 247 3358 ejus
260 3289 352 3343 verbis
366 3291 467 3345 referre
477 3292 576 3360 juvat:
600 3291 615 3316 ‘⁶
626 3291 683 3344 Res
695 3290 843 3344 miranda!
880 3293 977 3344 Altera
994 3292 1143 3360 theologiae

51 3371 142 3440 schola,
155 3377 192 3429 de
206 3393 264 3446 qua
277 3376 362 3429 locuti
383 3383 479 3430 sumus
498 3376 658 3444 (lutherana
677 3376 803 3446 scilicet),
816 3387 943 3432 autumat
964 3379 1066 3444 Deum,
1079 3395 1143 3432 cum

51 3471 92 3510 nos
100 3461 190 3528 justos
203 3463 338 3530 appellat,
354 3463 513 3532 significare
531 3481 584 3517 nos
603 3481 660 3517 non
678 3465 769 3517 solum
782 3481 839 3517 non
852 3465 946 3530 luisse,
960 3464 1011 3518 sed
1024 3476 1050 3517 et
1064 3481 1143 3519 num·

52 3557 121 3608 quarn
131 3547 224 3614 justos
237 3549 353 3604 tuturos.
396 3551 564 3605 Incredibile
577 3568 656 3614 sane,
666 3552 773 3622 aliquid
787 3569 843 3606 non
856 3569 919 3606 esse
931 3552 1051 3620 eoquod
1064 3553 1143 3608 Deus

52 3625 73 3680 ld
85 3649 141 3690 esse
154 3635 254 3689 dicat:
273 3637 399 3692 solemne
418 3635 539 3692 viventis
558 3653 591 3689 ac
611 3637 767 3690 infallibilis
788 3637 841 3690 Dei
862 3635 1053 3705 testimonium
1066 3638 1142 3692 aliud

54 3729 102 3772 esse
120 3737 135 3774 a
154 3739 183 3774 re
203 3738 290 3791 quam
308 3733 439 3789 testatur;
460 3725 553 3778 Deum
573 3733 677 3776 nostrae
696 3723 865 3776 obedientiae
885 3723 1052 3792 obsequium
1071 3725 1144 3778 acci-

54 3801 140 3864 piendo
154 3809 297 3876 prohiberi
310 3810 461 3878 quominus
475 3821 601 3864 nostram
614 3810 807 3864 obedientiam
820 3811 1023 3878 acceptabilem
1034 3813 1143 3880 reddat,

55 3897 122 3958 alque
132 3895 252 3962 gloriam
266 3896 428 3950 declarandi
442 3913 494 3950 nos
505 3897 606 3966 justos,
620 3899 646 3950 in
664 3899 718 3951 hoc
739 3897 822 3952 sitam
837 3908 944 3952 esseut
958 3915 1009 3952 nos
1024 3899 1143 3968 injustos

55 3975 204 4050 relinqunt
220 4011 252 4020 -
269 3984 294 4034 N
298 4000 331 4038 ec
343 3984 424 4039 aliter
437 3986 575 4051 Sabatier,
589 4002 634 4054 op.
650 3985 697 4040 cit.
713 4003 740 4054 p.
754 3998 860 4051 321·22.

81 4066 134 4121 rlta
146 4087 171 4122 v.
184 4085 212 4138 g.
225 4071 365 4137 llsorison,
377 4071 490 4126 Critical
500 4089 594 4140 expos.
604 4072 636 4126 ol
643 4071 782 4138 Romans,
797 4071 870 4139 1866,
881 4089 906 4142 p.
917 4074 965 4142 163
976 4090 1032 4142 sq.;
1048 4074 1142 4144 Cedet,

56 4145 193 4210 Conment.
210 4173 258 4209 sur
272 4153 421 4225 Romains,
437 4158 513 4224 1883,
528 4173 554 4225 p.
569 4172 629 4228 337.

82 4231 179 4309 lepor.
196 4243 295 4312 XXll,
313 4259 353 4298 11.
