<?xml version="1.0" encoding="UTF-8"?>
<!DOCTYPE html PUBLIC "-//W3C//DTD XHTML 1.0 Transitional//EN"
    "http://www.w3.org/TR/xhtml1/DTD/xhtml1-transitional.dtd">
<html xmlns="http://www.w3.org/1999/xhtml" xml:lang="en" lang="en">
 <head>
  <title>
</title>
<meta http-equiv="Content-Type" content="text/html;charset=utf-8" />
  <meta name='ocr-system' content='tesseract 3.04.00' />
  <meta name='ocr-capabilities' content='ocr_page ocr_carea ocr_par ocr_line ocrx_word'/>
</head>
<body>
  <div class='ocr_page' id='page_1' title='image "./synopsistheolog01tanqgoog_0275.png"; bbox 0 0 2738 4646; ppageno 0'>
   <div class='ocr_carea' id='block_1_1' title="bbox 236 159 894 212">
    <p class='ocr_par' dir='ltr' id='par_1_1' title="bbox 236 159 894 212">
     <span class='ocr_line' id='line_1_1' title="bbox 236 159 894 212; baseline -0.003 -3"><span class='ocrx_word' id='word_1_1' title='bbox 236 161 303 210; x_wconf 79' lang='lat'>260</span> <span class='ocrx_word' id='word_1_2' title='bbox 682 159 823 212; x_wconf 69' lang='lat' dir='ltr'>caput*</span> <span class='ocrx_word' id='word_1_3' title='bbox 840 161 894 209; x_wconf 82' lang='lat' dir='ltr'>tu.</span> 
     </span>
    </p>
   </div>
   <div class='ocr_carea' id='block_1_2' title="bbox 237 337 1307 524">
    <p class='ocr_par' dir='ltr' id='par_1_2' title="bbox 237 337 1307 524">
     <span class='ocr_line' id='line_1_2' title="bbox 280 337 1306 429; baseline -0.011 -23"><span class='ocrx_word' id='word_1_4' title='bbox 280 344 474 424; x_wconf 78' lang='lat' dir='ltr'>Explicatur</span> <span class='ocrx_word' id='word_1_5' title='bbox 483 367 496 416; x_wconf 87' lang='grc'>,·</span> <span class='ocrx_word' id='word_1_6' title='bbox 527 341 592 429; x_wconf 87' lang='lat' dir='ltr'>(A)</span> <span class='ocrx_word' id='word_1_7' title='bbox 610 365 682 405; x_wconf 85' lang='lat' dir='ltr'>cum</span> <span class='ocrx_word' id='word_1_8' title='bbox 699 353 770 406; x_wconf 85' lang='lat' dir='ltr'>voto</span> <span class='ocrx_word' id='word_1_9' title='bbox 784 343 899 406; x_wconf 81' lang='lat' dir='ltr'>saltem</span> <span class='ocrx_word' id='word_1_10' title='bbox 920 341 1083 422; x_wconf 82' lang='lat' dir='ltr'>implicito,</span> <span class='ocrx_word' id='word_1_11' title='bbox 1100 341 1184 420; x_wconf 93' lang='lat' dir='ltr'>quod</span> <span class='ocrx_word' id='word_1_12' title='bbox 1202 337 1306 399; x_wconf 86' lang='lat' dir='ltr'>scilicet</span> 
     </span>
     <span class='ocr_line' id='line_1_3' title="bbox 237 438 1307 524; baseline -0.007 -20"><span class='ocrx_word' id='word_1_13' title='bbox 237 443 415 505; x_wconf 87' lang='lat' dir='ltr'>includitur</span> <span class='ocrx_word' id='word_1_14' title='bbox 439 445 470 504; x_wconf 90' lang='lat' dir='ltr'>in</span> <span class='ocrx_word' id='word_1_15' title='bbox 495 443 642 524; x_wconf 89' lang='lat' dir='ltr'>generali</span> <span class='ocrx_word' id='word_1_16' title='bbox 666 443 832 506; x_wconf 89' lang='lat' dir='ltr'>desiderio</span> <span class='ocrx_word' id='word_1_17' title='bbox 847 444 961 506; x_wconf 91' lang='lat' dir='ltr'>omnia</span> <span class='ocrx_word' id='word_1_18' title='bbox 984 442 1125 505; x_wconf 82' lang='lat' dir='ltr'>faciendi</span> <span class='ocrx_word' id='word_1_19' title='bbox 1148 460 1215 522; x_wconf 84' lang='lat' dir='ltr'>quae</span> <span class='ocrx_word' id='word_1_20' title='bbox 1230 438 1307 499; x_wconf 84' lang='lat' dir='ltr'>Deus</span> 
     </span>
    </p>
   </div>
   <div class='ocr_carea' id='block_1_3' title="bbox 234 539 1356 4013">
    <p class='ocr_par' dir='ltr' id='par_1_3' title="bbox 236 539 1311 1343">
     <span class='ocr_line' id='line_1_4' title="bbox 237 539 1308 627; baseline -0.006 -21"><span class='ocrx_word' id='word_1_21' title='bbox 237 545 416 626; x_wconf 82' lang='lat' dir='ltr'>praecepit;</span> <span class='ocrx_word' id='word_1_22' title='bbox 439 546 526 625; x_wconf 91' lang='lat' dir='ltr'>quia,</span> <span class='ocrx_word' id='word_1_23' title='bbox 540 545 641 624; x_wconf 86' lang='lat' dir='ltr'>juxta</span> <span class='ocrx_word' id='word_1_24' title='bbox 657 565 783 621; x_wconf 71' lang='lat' dir='ltr'>omneS,</span> <span class='ocrx_word' id='word_1_25' title='bbox 800 547 881 609; x_wconf 91' lang='lat' dir='ltr'>illud</span> <span class='ocrx_word' id='word_1_26' title='bbox 897 557 1012 609; x_wconf 89' lang='lat' dir='ltr'>votum</span> <span class='ocrx_word' id='word_1_27' title='bbox 1030 545 1219 627; x_wconf 91' lang='lat' dir='ltr'>implicitum</span> <span class='ocrx_word' id='word_1_28' title='bbox 1234 539 1308 603; x_wconf 84' lang='lat' dir='ltr'>suffi-</span> 
     </span>
     <span class='ocr_line' id='line_1_5' title="bbox 237 644 1307 730; baseline -0.001 -21"><span class='ocrx_word' id='word_1_29' title='bbox 237 649 282 710; x_wconf 91' lang='lat' dir='ltr'>cit</span> <span class='ocrx_word' id='word_1_30' title='bbox 304 649 336 709; x_wconf 94' lang='lat' dir='ltr'>in</span> <span class='ocrx_word' id='word_1_31' title='bbox 354 667 395 710; x_wconf 92' lang='lat' dir='ltr'>eo</span> <span class='ocrx_word' id='word_1_32' title='bbox 410 650 466 729; x_wconf 89' lang='lat' dir='ltr'>qui</span> <span class='ocrx_word' id='word_1_33' title='bbox 486 649 648 728; x_wconf 90' lang='lat' dir='ltr'>Baptismi</span> <span class='ocrx_word' id='word_1_34' title='bbox 673 650 780 730; x_wconf 90' lang='lat' dir='ltr'>legem</span> <span class='ocrx_word' id='word_1_35' title='bbox 802 649 1037 712; x_wconf 87' lang='lat' dir='ltr'>invincibiliter</span> <span class='ocrx_word' id='word_1_36' title='bbox 1053 651 1190 730; x_wconf 84' lang='lat' dir='ltr'>ignorat,</span> <span class='ocrx_word' id='word_1_37' title='bbox 1203 667 1227 708; x_wconf 91' lang='lat' dir='ltr'>v.</span> <span class='ocrx_word' id='word_1_38' title='bbox 1242 663 1266 725; x_wconf 86' lang='lat' dir='ltr'>g.</span> <span class='ocrx_word' id='word_1_39' title='bbox 1280 644 1307 702; x_wconf 84' lang='lat' dir='ltr'>in</span> 
     </span>
     <span class='ocr_line' id='line_1_6' title="bbox 238 747 1309 834; baseline -0.003 -24"><span class='ocrx_word' id='word_1_40' title='bbox 238 748 362 812; x_wconf 87' lang='lat' dir='ltr'>infideli</span> <span class='ocrx_word' id='word_1_41' title='bbox 387 751 545 832; x_wconf 82' lang='lat' dir='ltr'>negativo</span> <span class='ocrx_word' id='word_1_42' title='bbox 561 771 567 826; x_wconf 91' lang='lat'>;</span> <span class='ocrx_word' id='word_1_43' title='bbox 596 752 665 825; x_wconf 90' lang='lat' dir='ltr'>sed,</span> <span class='ocrx_word' id='word_1_44' title='bbox 679 751 779 831; x_wconf 89' lang='lat' dir='ltr'>juxta</span> <span class='ocrx_word' id='word_1_45' title='bbox 799 753 963 834; x_wconf 91' lang='lat' dir='ltr'>quosdam</span> <span class='ocrx_word' id='word_1_46' title='bbox 980 752 1179 832; x_wconf 85' lang='lat' dir='ltr'>Theologos,</span> <span class='ocrx_word' id='word_1_47' title='bbox 1194 747 1309 828; x_wconf 86' lang='lat' dir='ltr'>explici-</span> 
     </span>
     <span class='ocr_line' id='line_1_7' title="bbox 237 849 1311 936; baseline -0.002 -21"><span class='ocrx_word' id='word_1_48' title='bbox 237 863 308 915; x_wconf 93' lang='lat' dir='ltr'>tum</span> <span class='ocrx_word' id='word_1_49' title='bbox 325 873 397 916; x_wconf 88' lang='lat' dir='ltr'>esse</span> <span class='ocrx_word' id='word_1_50' title='bbox 412 853 513 916; x_wconf 87' lang='lat' dir='ltr'>debet</span> <span class='ocrx_word' id='word_1_51' title='bbox 535 853 567 915; x_wconf 93' lang='lat' dir='ltr'>in</span> <span class='ocrx_word' id='word_1_52' title='bbox 591 873 631 915; x_wconf 91' lang='lat' dir='ltr'>eo</span> <span class='ocrx_word' id='word_1_53' title='bbox 650 855 706 934; x_wconf 88' lang='lat' dir='ltr'>qui</span> <span class='ocrx_word' id='word_1_54' title='bbox 725 855 888 936; x_wconf 88' lang='lat' dir='ltr'>Baptismi</span> <span class='ocrx_word' id='word_1_55' title='bbox 906 855 1136 919; x_wconf 90' lang='lat' dir='ltr'>necessitatem</span> <span class='ocrx_word' id='word_1_56' title='bbox 1154 849 1311 932; x_wconf 82' lang='lat' dir='ltr'>cognoscit.</span> 
     </span>
     <span class='ocr_line' id='line_1_8' title="bbox 237 954 1310 1036; baseline -0.005 -20"><span class='ocrx_word' id='word_1_57' title='bbox 237 976 263 1016; x_wconf 93' lang='lat' dir='ltr'>v.</span> <span class='ocrx_word' id='word_1_58' title='bbox 275 975 304 1036; x_wconf 88' lang='lat' dir='ltr'>g.</span> <span class='ocrx_word' id='word_1_59' title='bbox 318 956 348 1017; x_wconf 95' lang='lat' dir='ltr'>in</span> <span class='ocrx_word' id='word_1_60' title='bbox 363 957 612 1032; x_wconf 84' lang='lat' dir='ltr'>catechumeno,</span> <span class='ocrx_word' id='word_1_61' title='bbox 624 957 700 1020; x_wconf 92' lang='lat' dir='ltr'>licet</span> <span class='ocrx_word' id='word_1_62' title='bbox 711 960 920 1020; x_wconf 92' lang='lat' dir='ltr'>communior</span> <span class='ocrx_word' id='word_1_63' title='bbox 930 958 1096 1021; x_wconf 89' lang='lat' dir='ltr'>sententia</span> <span class='ocrx_word' id='word_1_64' title='bbox 1107 965 1217 1018; x_wconf 88' lang='lat' dir='ltr'>teneat</span> <span class='ocrx_word' id='word_1_65' title='bbox 1228 954 1310 1015; x_wconf 88' lang='lat' dir='ltr'>etiarn</span> 
     </span>
     <span class='ocr_line' id='line_1_9' title="bbox 238 1053 1311 1141; baseline 0 -22"><span class='ocrx_word' id='word_1_66' title='bbox 238 1059 268 1119; x_wconf 92' lang='lat' dir='ltr'>in</span> <span class='ocrx_word' id='word_1_67' title='bbox 287 1058 349 1119; x_wconf 90' lang='lat' dir='ltr'>hoc</span> <span class='ocrx_word' id='word_1_68' title='bbox 366 1058 484 1120; x_wconf 91' lang='lat' dir='ltr'>ultimo</span> <span class='ocrx_word' id='word_1_69' title='bbox 500 1079 577 1120; x_wconf 89' lang='lat' dir='ltr'>casu</span> <span class='ocrx_word' id='word_1_70' title='bbox 595 1059 744 1122; x_wconf 87' lang='lat' dir='ltr'>sufficere</span> <span class='ocrx_word' id='word_1_71' title='bbox 760 1061 959 1141; x_wconf 87' lang='lat' dir='ltr'>implicitum</span> <span class='ocrx_word' id='word_1_72' title='bbox 973 1071 1097 1132; x_wconf 90' lang='lat' dir='ltr'>votum,</span> <span class='ocrx_word' id='word_1_73' title='bbox 1108 1078 1209 1140; x_wconf 93' lang='lat' dir='ltr'>quum</span> <span class='ocrx_word' id='word_1_74' title='bbox 1225 1053 1311 1138; x_wconf 80' lang='lat' dir='ltr'><strong>possit</strong></span> 
     </span>
     <span class='ocr_line' id='line_1_10' title="bbox 236 1159 1311 1246; baseline -0.004 -24"><span class='ocrx_word' id='word_1_75' title='bbox 236 1161 309 1242; x_wconf 87' lang='lat' dir='ltr'>quis</span> <span class='ocrx_word' id='word_1_76' title='bbox 326 1159 436 1224; x_wconf 71' lang='lat' dir='ltr'>attum</span> <span class='ocrx_word' id='word_1_77' title='bbox 454 1163 600 1224; x_wconf 91' lang='lat' dir='ltr'>caritatis</span> <span class='ocrx_word' id='word_1_78' title='bbox 616 1161 769 1243; x_wconf 72' lang='lat' dir='ltr'>perfetta</span> <span class='ocrx_word' id='word_1_79' title='bbox 785 1165 913 1240; x_wconf 84' lang='lat' dir='ltr'>elicere,</span> <span class='ocrx_word' id='word_1_80' title='bbox 928 1166 1007 1246; x_wconf 90' lang='lat' dir='ltr'>quin</span> <span class='ocrx_word' id='word_1_81' title='bbox 1030 1166 1072 1227; x_wconf 92' lang='lat' dir='ltr'>de</span> <span class='ocrx_word' id='word_1_82' title='bbox 1090 1163 1257 1242; x_wconf 91' lang='lat' dir='ltr'>Baptismo</span> <span class='ocrx_word' id='word_1_83' title='bbox 1270 1177 1311 1218; x_wconf 89' lang='lat' dir='ltr'>co·</span> 
     </span>
     <span class='ocr_line' id='line_1_11' title="bbox 236 1264 326 1343; baseline 0.011 -20"><span class='ocrx_word' id='word_1_84' title='bbox 236 1264 326 1343; x_wconf 88' lang='lat' dir='ltr'>gitet.</span> 
     </span>
    </p>

    <p class='ocr_par' dir='ltr' id='par_1_4' title="bbox 236 1363 1356 2172">
     <span class='ocr_line' id='line_1_12' title="bbox 279 1363 1313 1449; baseline -0.008 -19"><span class='ocrx_word' id='word_1_85' title='bbox 279 1367 338 1444; x_wconf 82' lang='lat' dir='ltr'>(B)</span> <span class='ocrx_word' id='word_1_86' title='bbox 354 1367 462 1445; x_wconf 83' lang='lat' dir='ltr'>quoad</span> <span class='ocrx_word' id='word_1_87' title='bbox 475 1367 721 1429; x_wconf 80' lang='lat' dir='ltr'>renu‘ssionem...</span> <span class='ocrx_word' id='word_1_88' title='bbox 739 1391 750 1428; x_wconf 95' lang='lat'>.·</span> <span class='ocrx_word' id='word_1_89' title='bbox 775 1389 852 1430; x_wconf 92' lang='lat' dir='ltr'>nam</span> <span class='ocrx_word' id='word_1_90' title='bbox 870 1369 989 1430; x_wconf 88' lang='lat' dir='ltr'>caritas</span> <span class='ocrx_word' id='word_1_91' title='bbox 1006 1365 1161 1449; x_wconf 66' lang='lat' dir='ltr'>perfetta,</span> <span class='ocrx_word' id='word_1_92' title='bbox 1178 1385 1249 1428; x_wconf 90' lang='lat' dir='ltr'>cum</span> <span class='ocrx_word' id='word_1_93' title='bbox 1264 1363 1313 1424; x_wconf 86' lang='lat' dir='ltr'>Ba·</span> 
     </span>
     <span class='ocr_line' id='line_1_13' title="bbox 237 1469 1314 1552; baseline -0.002 -24"><span class='ocrx_word' id='word_1_94' title='bbox 237 1469 348 1548; x_wconf 91' lang='lat' dir='ltr'>ptismi</span> <span class='ocrx_word' id='word_1_95' title='bbox 363 1479 455 1544; x_wconf 86' lang='lat' dir='ltr'>voto,</span> <span class='ocrx_word' id='word_1_96' title='bbox 469 1471 608 1532; x_wconf 85' lang='lat' dir='ltr'>remittit</span> <span class='ocrx_word' id='word_1_97' title='bbox 624 1471 759 1550; x_wconf 90' lang='lat' dir='ltr'>quidem</span> <span class='ocrx_word' id='word_1_98' title='bbox 778 1483 951 1551; x_wconf 88' lang='lat' dir='ltr'>peccatum</span> <span class='ocrx_word' id='word_1_99' title='bbox 968 1470 1130 1552; x_wconf 85' lang='lat' dir='ltr'>originale</span> <span class='ocrx_word' id='word_1_100' title='bbox 1146 1479 1180 1530; x_wconf 89' lang='lat' dir='ltr'>et</span> <span class='ocrx_word' id='word_1_101' title='bbox 1195 1477 1314 1549; x_wconf 84' lang='lat' dir='ltr'>peccata</span> 
     </span>
     <span class='ocr_line' id='line_1_14' title="bbox 236 1567 1312 1654; baseline -0.003 -24"><span class='ocrx_word' id='word_1_102' title='bbox 236 1567 387 1644; x_wconf 69' lang='lat' dir='ltr'>atlualia,</span> <span class='ocrx_word' id='word_1_103' title='bbox 403 1591 441 1633; x_wconf 91' lang='lat' dir='ltr'>ac</span> <span class='ocrx_word' id='word_1_104' title='bbox 466 1573 604 1652; x_wconf 89' lang='lat' dir='ltr'>proinde</span> <span class='ocrx_word' id='word_1_105' title='bbox 627 1573 768 1654; x_wconf 85' lang='lat' dir='ltr'>gratiam</span> <span class='ocrx_word' id='word_1_106' title='bbox 791 1571 1054 1636; x_wconf 69' lang='lat' dir='ltr'>santtiticantem</span> <span class='ocrx_word' id='word_1_107' title='bbox 1081 1570 1243 1648; x_wconf 81' lang='lat' dir='ltr'>infundit;</span> <span class='ocrx_word' id='word_1_108' title='bbox 1266 1569 1312 1628; x_wconf 86' lang='lat' dir='ltr'>scd</span> 
     </span>
     <span class='ocr_line' id='line_1_15' title="bbox 237 1667 1314 1756; baseline -0.005 -24"><span class='ocrx_word' id='word_1_109' title='bbox 237 1671 469 1752; x_wconf 89' lang='lat' dir='ltr'>baptismalem</span> <span class='ocrx_word' id='word_1_110' title='bbox 487 1672 711 1736; x_wconf 73' lang='lat' dir='ltr'>charat&#39;terem</span> <span class='ocrx_word' id='word_1_111' title='bbox 728 1695 794 1737; x_wconf 91' lang='lat' dir='ltr'>non</span> <span class='ocrx_word' id='word_1_112' title='bbox 813 1676 987 1756; x_wconf 87' lang='lat' dir='ltr'>imprimit,</span> <span class='ocrx_word' id='word_1_113' title='bbox 1004 1694 1064 1735; x_wconf 91' lang='lat' dir='ltr'>nec</span> <span class='ocrx_word' id='word_1_114' title='bbox 1080 1693 1123 1734; x_wconf 90' lang='lat' dir='ltr'>ex</span> <span class='ocrx_word' id='word_1_115' title='bbox 1142 1691 1177 1733; x_wconf 90' lang='lat' dir='ltr'>se</span> <span class='ocrx_word' id='word_1_116' title='bbox 1194 1667 1314 1732; x_wconf 89' lang='lat' dir='ltr'>remittit</span> 
     </span>
     <span class='ocr_line' id='line_1_16' title="bbox 237 1776 1314 1858; baseline -0.007 -22"><span class='ocrx_word' id='word_1_117' title='bbox 237 1783 342 1836; x_wconf 90' lang='lat' dir='ltr'>totam</span> <span class='ocrx_word' id='word_1_118' title='bbox 357 1795 491 1855; x_wconf 87' lang='lat' dir='ltr'>poenam</span> <span class='ocrx_word' id='word_1_119' title='bbox 506 1777 722 1858; x_wconf 87' lang='lat' dir='ltr'>temporalem</span> <span class='ocrx_word' id='word_1_120' title='bbox 738 1788 875 1857; x_wconf 91' lang='lat' dir='ltr'>peccato</span> <span class='ocrx_word' id='word_1_121' title='bbox 887 1778 1035 1841; x_wconf 84' lang='lat' dir='ltr'>debitam</span> <span class='ocrx_word' id='word_1_122' title='bbox 1051 1797 1058 1852; x_wconf 90' lang='lat'>;</span> <span class='ocrx_word' id='word_1_123' title='bbox 1082 1776 1171 1837; x_wconf 89' lang='lat' dir='ltr'>unde</span> <span class='ocrx_word' id='word_1_124' title='bbox 1184 1778 1314 1836; x_wconf 89' lang='lat' dir='ltr'>remanet</span> 
     </span>
     <span class='ocr_line' id='line_1_17' title="bbox 237 1876 1312 1960; baseline -0.004 -23"><span class='ocrx_word' id='word_1_125' title='bbox 237 1895 296 1956; x_wconf 93' lang='lat' dir='ltr'>pro</span> <span class='ocrx_word' id='word_1_126' title='bbox 310 1876 366 1938; x_wconf 93' lang='lat' dir='ltr'>illo</span> <span class='ocrx_word' id='word_1_127' title='bbox 379 1879 435 1958; x_wconf 93' lang='lat' dir='ltr'>qui</span> <span class='ocrx_word' id='word_1_128' title='bbox 449 1878 511 1940; x_wconf 90' lang='lat' dir='ltr'>hoc</span> <span class='ocrx_word' id='word_1_129' title='bbox 526 1880 626 1941; x_wconf 91' lang='lat' dir='ltr'>modo</span> <span class='ocrx_word' id='word_1_130' title='bbox 639 1877 864 1942; x_wconf 66' lang='lat' dir='ltr'>sanetificatus</span> <span class='ocrx_word' id='word_1_131' title='bbox 876 1880 937 1942; x_wconf 87' lang='lat' dir='ltr'>suit</span> <span class='ocrx_word' id='word_1_132' title='bbox 949 1879 1111 1960; x_wconf 87' lang='lat' dir='ltr'>obligatio</span> <span class='ocrx_word' id='word_1_133' title='bbox 1122 1877 1312 1957; x_wconf 90' lang='lat' dir='ltr'>Baptismum</span> 
     </span>
     <span class='ocr_line' id='line_1_18' title="bbox 237 1979 1356 2062; baseline -0.001 -21"><span class='ocrx_word' id='word_1_134' title='bbox 237 1989 340 2060; x_wconf 67' lang='lat' dir='ltr'>aquae,</span> <span class='ocrx_word' id='word_1_135' title='bbox 352 1982 431 2044; x_wconf 80' lang='lat' dir='ltr'>data</span> <span class='ocrx_word' id='word_1_136' title='bbox 444 1983 703 2062; x_wconf 90' lang='lat' dir='ltr'>opportunitate,</span> <span class='ocrx_word' id='word_1_137' title='bbox 718 1983 906 2062; x_wconf 90' lang='lat' dir='ltr'>recipiendi,</span> <span class='ocrx_word' id='word_1_138' title='bbox 918 1993 951 2044; x_wconf 91' lang='lat' dir='ltr'>et</span> <span class='ocrx_word' id='word_1_139' title='bbox 965 1983 1026 2045; x_wconf 91' lang='lat' dir='ltr'>nisi</span> <span class='ocrx_word' id='word_1_140' title='bbox 1044 1982 1134 2062; x_wconf 90' lang='lat' dir='ltr'>prius</span> <span class='ocrx_word' id='word_1_141' title='bbox 1147 1979 1314 2059; x_wconf 87' lang='lat' dir='ltr'>recipiatur,</span> <span class='ocrx_word' id='word_1_142' title='bbox 1355 2035 1356 2040; x_wconf 73' lang='grc'>,</span> 
     </span>
     <span class='ocr_line' id='line_1_19' title="bbox 237 2082 1356 2172; baseline 0.001 -29"><span class='ocrx_word' id='word_1_143' title='bbox 237 2082 362 2144; x_wconf 88' lang='lat' dir='ltr'>nullum</span> <span class='ocrx_word' id='word_1_144' title='bbox 381 2083 469 2145; x_wconf 94' lang='lat' dir='ltr'>aliud</span> <span class='ocrx_word' id='word_1_145' title='bbox 487 2094 730 2146; x_wconf 88' lang='lat' dir='ltr'>sacramentum</span> <span class='ocrx_word' id='word_1_146' title='bbox 744 2085 852 2146; x_wconf 91' lang='lat' dir='ltr'>valide</span> <span class='ocrx_word' id='word_1_147' title='bbox 869 2085 968 2164; x_wconf 90' lang='lat' dir='ltr'>recipi</span> <span class='ocrx_word' id='word_1_148' title='bbox 986 2094 1103 2165; x_wconf 90' lang='lat' dir='ltr'>potest.</span> <span class='ocrx_word' id='word_1_149' title='bbox 1355 2149 1356 2172; x_wconf 54' lang='lat'>,</span> 
     </span>
    </p>

    <p class='ocr_par' dir='ltr' id='par_1_5' title="bbox 234 2179 1356 4013">
     <span class='ocr_line' id='line_1_20' title="bbox 278 2185 1313 2267; baseline -0.008 -15"><span class='ocrx_word' id='word_1_150' title='bbox 278 2203 326 2266; x_wconf 85' lang='lat'>41.</span> <span class='ocrx_word' id='word_1_151' title='bbox 374 2185 541 2248; x_wconf 78' lang='lat' dir='ltr'>Probatur</span> <span class='ocrx_word' id='word_1_152' title='bbox 555 2187 614 2267; x_wconf 83' lang='lat' dir='ltr'>(A)</span> <span class='ocrx_word' id='word_1_153' title='bbox 632 2187 747 2266; x_wconf 73' lang='lat' dir='ltr'>Scra&#39;pt.</span> <span class='ocrx_word' id='word_1_154' title='bbox 793 2187 843 2267; x_wconf 85' lang='lat' dir='ltr'>(a)</span> <span class='ocrx_word' id='word_1_155' title='bbox 861 2186 1021 2260; x_wconf 89' lang='lat' dir='ltr'>Christus,</span> <span class='ocrx_word' id='word_1_156' title='bbox 1036 2187 1137 2249; x_wconf 90' lang='lat' dir='ltr'>etiam</span> <span class='ocrx_word' id='word_1_157' title='bbox 1161 2196 1235 2266; x_wconf 91' lang='lat' dir='ltr'>post</span> <span class='ocrx_word' id='word_1_158' title='bbox 1252 2203 1313 2244; x_wconf 89' lang='lat' dir='ltr'>san·</span> 
     </span>
     <span class='ocr_line' id='line_1_21' title="bbox 236 2286 1313 2370; baseline -0.003 -22"><span class='ocrx_word' id='word_1_159' title='bbox 236 2288 335 2348; x_wconf 87' lang='lat' dir='ltr'>citam</span> <span class='ocrx_word' id='word_1_160' title='bbox 364 2289 595 2350; x_wconf 87' lang='lat' dir='ltr'>necessitatem</span> <span class='ocrx_word' id='word_1_161' title='bbox 622 2288 784 2369; x_wconf 90' lang='lat' dir='ltr'>Baptismi</span> <span class='ocrx_word' id='word_1_162' title='bbox 808 2307 918 2368; x_wconf 86' lang='lat' dir='ltr'>aquae,</span> <span class='ocrx_word' id='word_1_163' title='bbox 941 2288 1157 2352; x_wconf 84' lang='lat' dir='ltr'>infallibiliter</span> <span class='ocrx_word' id='word_1_164' title='bbox 1180 2286 1313 2370; x_wconf 87' lang='lat' dir='ltr'>promisit</span> 
     </span>
     <span class='ocr_line' id='line_1_22' title="bbox 236 2387 1313 2472; baseline -0.003 -21"><span class='ocrx_word' id='word_1_165' title='bbox 236 2392 377 2470; x_wconf 85' lang='lat' dir='ltr'>gratiam</span> <span class='ocrx_word' id='word_1_166' title='bbox 402 2389 667 2452; x_wconf 73' lang='lat' dir='ltr'>santtificantem</span> <span class='ocrx_word' id='word_1_167' title='bbox 693 2389 755 2452; x_wconf 88' lang='lat' dir='ltr'>illis</span> <span class='ocrx_word' id='word_1_168' title='bbox 779 2390 934 2453; x_wconf 90' lang='lat' dir='ltr'>omnibus</span> <span class='ocrx_word' id='word_1_169' title='bbox 957 2393 1013 2472; x_wconf 91' lang='lat' dir='ltr'>qui</span> <span class='ocrx_word' id='word_1_170' title='bbox 1037 2393 1210 2453; x_wconf 88' lang='lat' dir='ltr'>caritatem</span> <span class='ocrx_word' id='word_1_171' title='bbox 1227 2387 1313 2471; x_wconf 86' lang='lat' dir='ltr'>perle-</span> 
     </span>
     <span class='ocr_line' id='line_1_23' title="bbox 236 2491 1313 2575; baseline -0.004 -22"><span class='ocrx_word' id='word_1_172' title='bbox 236 2491 323 2554; x_wconf 75' lang='lat' dir='ltr'>ttam</span> <span class='ocrx_word' id='word_1_173' title='bbox 342 2493 523 2554; x_wconf 89' lang='lat' dir='ltr'>haberent:</span> <span class='ocrx_word' id='word_1_174' title='bbox 549 2493 643 2574; x_wconf 81' lang='lat' dir='ltr'>“Qui</span> <span class='ocrx_word' id='word_1_175' title='bbox 666 2493 775 2574; x_wconf 86' lang='lat' dir='ltr'>diligit</span> <span class='ocrx_word' id='word_1_176' title='bbox 798 2513 859 2567; x_wconf 88' lang='lat' dir='ltr'>me,</span> <span class='ocrx_word' id='word_1_177' title='bbox 876 2494 1032 2575; x_wconf 87' lang='lat' dir='ltr'>diligetur</span> <span class='ocrx_word' id='word_1_178' title='bbox 1048 2513 1067 2554; x_wconf 92' lang='lat' dir='ltr'>a</span> <span class='ocrx_word' id='word_1_179' title='bbox 1085 2494 1183 2555; x_wconf 89' lang='lat' dir='ltr'>Patre</span> <span class='ocrx_word' id='word_1_180' title='bbox 1200 2511 1274 2563; x_wconf 88' lang='lat' dir='ltr'>meo,</span> <span class='ocrx_word' id='word_1_181' title='bbox 1287 2499 1313 2550; x_wconf 88' lang='lat' dir='ltr'>et</span> 
     </span>
     <span class='ocr_line' id='line_1_24' title="bbox 236 2595 1355 2677; baseline -0.004 -21"><span class='ocrx_word' id='word_1_182' title='bbox 236 2615 299 2674; x_wconf 89' lang='lat' dir='ltr'>ego</span> <span class='ocrx_word' id='word_1_183' title='bbox 314 2595 452 2674; x_wconf 87' lang='lat' dir='ltr'>diligam</span> <span class='ocrx_word' id='word_1_184' title='bbox 470 2615 581 2658; x_wconf 89' lang='lat' dir='ltr'>eum</span> <span class='ocrx_word' id='word_1_185' title='bbox 630 2596 664 2658; x_wconf 89' lang='lat' dir='ltr'>Si</span> <span class='ocrx_word' id='word_1_186' title='bbox 681 2596 755 2677; x_wconf 89' lang='lat' dir='ltr'>quis</span> <span class='ocrx_word' id='word_1_187' title='bbox 772 2595 881 2676; x_wconf 92' lang='lat' dir='ltr'>diligit</span> <span class='ocrx_word' id='word_1_188' title='bbox 899 2616 987 2658; x_wconf 89' lang='lat' dir='ltr'>me</span> <span class='ocrx_word' id='word_1_189' title='bbox 1001 2597 1042 2658; x_wconf 93' lang='lat' dir='ltr'>ad</span> <span class='ocrx_word' id='word_1_190' title='bbox 1060 2615 1137 2658; x_wconf 90' lang='lat' dir='ltr'>eum</span> <span class='ocrx_word' id='word_1_191' title='bbox 1155 2597 1313 2657; x_wconf 80' lang='lat' dir='ltr'>veniemus,</span> <span class='ocrx_word' id='word_1_192' title='bbox 1354 2607 1355 2614; x_wconf 53' lang='lat'>¹</span> 
     </span>
     <span class='ocr_line' id='line_1_25' title="bbox 236 2693 1355 2778; baseline -0.002 -20"><span class='ocrx_word' id='word_1_193' title='bbox 236 2705 268 2758; x_wconf 93' lang='lat' dir='ltr'>et</span> <span class='ocrx_word' id='word_1_194' title='bbox 286 2699 492 2759; x_wconf 88' lang='lat' dir='ltr'>mansionem</span> <span class='ocrx_word' id='word_1_195' title='bbox 511 2701 599 2778; x_wconf 93' lang='lat' dir='ltr'>apud</span> <span class='ocrx_word' id='word_1_196' title='bbox 618 2719 693 2760; x_wconf 91' lang='lat' dir='ltr'>eum</span> <span class='ocrx_word' id='word_1_197' title='bbox 712 2699 867 2760; x_wconf 84' lang='lat' dir='ltr'>faciemus</span> <span class='ocrx_word' id='word_1_198' title='bbox 878 2699 893 2724; x_wconf 88' lang='lat'>’¹</span> <span class='ocrx_word' id='word_1_199' title='bbox 906 2713 938 2778; x_wconf 87' lang='lat'>1;</span> <span class='ocrx_word' id='word_1_200' title='bbox 963 2699 1035 2761; x_wconf 80' lang='lat' dir='ltr'>haec</span> <span class='ocrx_word' id='word_1_201' title='bbox 1051 2699 1140 2760; x_wconf 90' lang='lat' dir='ltr'>enim</span> <span class='ocrx_word' id='word_1_202' title='bbox 1160 2699 1222 2760; x_wconf 91' lang='lat' dir='ltr'>Dei</span> <span class='ocrx_word' id='word_1_203' title='bbox 1239 2697 1313 2759; x_wconf 85' lang='lat' dir='ltr'>habi·</span> <span class='ocrx_word' id='word_1_204' title='bbox 1354 2693 1355 2726; x_wconf 67' lang='lat'><em>³</em></span> 
     </span>
     <span class='ocr_line' id='line_1_26' title="bbox 236 2799 1314 2884; baseline -0.006 -20"><span class='ocrx_word' id='word_1_205' title='bbox 236 2804 319 2864; x_wconf 91' lang='lat' dir='ltr'>tatio</span> <span class='ocrx_word' id='word_1_206' title='bbox 332 2823 396 2864; x_wconf 91' lang='lat' dir='ltr'>non</span> <span class='ocrx_word' id='word_1_207' title='bbox 412 2802 448 2865; x_wconf 86' lang='lat' dir='ltr'>fit</span> <span class='ocrx_word' id='word_1_208' title='bbox 465 2804 527 2866; x_wconf 92' lang='lat' dir='ltr'>nisi</span> <span class='ocrx_word' id='word_1_209' title='bbox 545 2805 577 2865; x_wconf 91' lang='lat' dir='ltr'>in</span> <span class='ocrx_word' id='word_1_210' title='bbox 595 2807 706 2866; x_wconf 79' lang='lat' dir='ltr'>anima</span> <span class='ocrx_word' id='word_1_211' title='bbox 720 2804 810 2884; x_wconf 76' lang='lat' dir='ltr'>justa</span> <span class='ocrx_word' id='word_1_212' title='bbox 824 2825 831 2879; x_wconf 90' lang='lat'>;</span> <span class='ocrx_word' id='word_1_213' title='bbox 853 2803 944 2882; x_wconf 89' lang='lat' dir='ltr'>atqui</span> <span class='ocrx_word' id='word_1_214' title='bbox 955 2799 1151 2882; x_wconf 85' lang='lat' dir='ltr'>justificatio</span> <span class='ocrx_word' id='word_1_215' title='bbox 1164 2821 1221 2863; x_wconf 92' lang='lat' dir='ltr'>seu</span> <span class='ocrx_word' id='word_1_216' title='bbox 1233 2799 1314 2862; x_wconf 91' lang='lat' dir='ltr'>colla-</span> 
     </span>
     <span class='ocr_line' id='line_1_27' title="bbox 236 2905 1313 2988; baseline -0.005 -21"><span class='ocrx_word' id='word_1_217' title='bbox 236 2907 283 2967; x_wconf 93' lang='lat' dir='ltr'>tio</span> <span class='ocrx_word' id='word_1_218' title='bbox 298 2907 414 2988; x_wconf 73' lang='lat' dir='ltr'>gratiae</span> <span class='ocrx_word' id='word_1_219' title='bbox 433 2905 669 2970; x_wconf 75' lang='lat' dir='ltr'>sant&#39;tificantis</span> <span class='ocrx_word' id='word_1_220' title='bbox 686 2907 845 2988; x_wconf 89' lang='lat' dir='ltr'>supponit</span> <span class='ocrx_word' id='word_1_221' title='bbox 862 2905 1089 2966; x_wconf 86' lang='lat' dir='ltr'>remissionem</span> <span class='ocrx_word' id='word_1_222' title='bbox 1107 2914 1313 2984; x_wconf 87' lang='lat' dir='ltr'>peccatorum:</span> 
     </span>
     <span class='ocr_line' id='line_1_28' title="bbox 235 3008 1313 3090; baseline -0.005 -20"><span class='ocrx_word' id='word_1_223' title='bbox 235 3029 313 3088; x_wconf 88' lang='lat' dir='ltr'>ergo</span> <span class='ocrx_word' id='word_1_224' title='bbox 337 3011 457 3070; x_wconf 91' lang='lat' dir='ltr'>caritas</span> <span class='ocrx_word' id='word_1_225' title='bbox 481 3008 627 3090; x_wconf 71' lang='lat' dir='ltr'>perfetta</span> <span class='ocrx_word' id='word_1_226' title='bbox 650 3009 771 3072; x_wconf 84' lang='lat' dir='ltr'>sufficit</span> <span class='ocrx_word' id='word_1_227' title='bbox 795 3010 836 3070; x_wconf 92' lang='lat' dir='ltr'>ad</span> <span class='ocrx_word' id='word_1_228' title='bbox 861 3010 1088 3070; x_wconf 87' lang='lat' dir='ltr'>remissionem</span> <span class='ocrx_word' id='word_1_229' title='bbox 1110 3018 1313 3088; x_wconf 84' lang='lat' dir='ltr'>peccatorum,</span> 
     </span>
     <span class='ocr_line' id='line_1_29' title="bbox 235 3109 1313 3192; baseline -0.006 -20"><span class='ocrx_word' id='word_1_230' title='bbox 235 3122 267 3172; x_wconf 92' lang='lat' dir='ltr'>et</span> <span class='ocrx_word' id='word_1_231' title='bbox 285 3112 371 3172; x_wconf 87' lang='lat' dir='ltr'>vices</span> <span class='ocrx_word' id='word_1_232' title='bbox 390 3111 551 3192; x_wconf 87' lang='lat' dir='ltr'>Baptismi</span> <span class='ocrx_word' id='word_1_233' title='bbox 572 3114 634 3174; x_wconf 90' lang='lat' dir='ltr'>sub</span> <span class='ocrx_word' id='word_1_234' title='bbox 655 3113 717 3174; x_wconf 90' lang='lat' dir='ltr'>hoc</span> <span class='ocrx_word' id='word_1_235' title='bbox 737 3109 888 3192; x_wconf 65' lang='lat' dir='ltr'>respectu</span> <span class='ocrx_word' id='word_1_236' title='bbox 909 3111 1062 3192; x_wconf 90' lang='lat' dir='ltr'>supplere</span> <span class='ocrx_word' id='word_1_237' title='bbox 1079 3119 1199 3190; x_wconf 87' lang='lat' dir='ltr'>potest.</span> <span class='ocrx_word' id='word_1_238' title='bbox 1243 3109 1313 3172; x_wconf 90' lang='lat' dir='ltr'>Con·</span> 
     </span>
     <span class='ocr_line' id='line_1_30' title="bbox 236 3213 1312 3295; baseline -0.002 -23"><span class='ocrx_word' id='word_1_239' title='bbox 236 3222 302 3274; x_wconf 86' lang='lat' dir='ltr'>stat</span> <span class='ocrx_word' id='word_1_240' title='bbox 316 3213 447 3293; x_wconf 90' lang='lat' dir='ltr'>insuper</span> <span class='ocrx_word' id='word_1_241' title='bbox 460 3215 619 3295; x_wconf 84' lang='lat' dir='ltr'>exemplo</span> <span class='ocrx_word' id='word_1_242' title='bbox 631 3215 841 3289; x_wconf 64' lang='lat' dir='ltr'>centurionis</span> <span class='ocrx_word' id='word_1_243' title='bbox 852 3215 917 3294; x_wconf 90' lang='lat' dir='ltr'>qui,</span> <span class='ocrx_word' id='word_1_244' title='bbox 927 3223 1108 3294; x_wconf 89' lang='lat' dir='ltr'>antequam</span> <span class='ocrx_word' id='word_1_245' title='bbox 1122 3213 1312 3294; x_wconf 89' lang='lat' dir='ltr'>Baptismum</span> 
     </span>
     <span class='ocr_line' id='line_1_31' title="bbox 237 3314 1295 3397; baseline -0.002 -23"><span class='ocrx_word' id='word_1_246' title='bbox 237 3315 403 3394; x_wconf 88' lang='lat' dir='ltr'>reciperet,</span> <span class='ocrx_word' id='word_1_247' title='bbox 419 3315 580 3395; x_wconf 81' lang='lat' dir='ltr'>Spiritum</span> <span class='ocrx_word' id='word_1_248' title='bbox 597 3314 760 3392; x_wconf 63' lang='lat' dir='ltr'>sandtum,</span> <span class='ocrx_word' id='word_1_249' title='bbox 773 3337 811 3378; x_wconf 90' lang='lat' dir='ltr'>ac</span> <span class='ocrx_word' id='word_1_250' title='bbox 828 3317 967 3397; x_wconf 90' lang='lat' dir='ltr'>proinde</span> <span class='ocrx_word' id='word_1_251' title='bbox 982 3315 1136 3396; x_wconf 89' lang='lat' dir='ltr'>gratiam,</span> <span class='ocrx_word' id='word_1_252' title='bbox 1149 3315 1271 3396; x_wconf 90' lang='lat' dir='ltr'>accepit</span> <span class='ocrx_word' id='word_1_253' title='bbox 1279 3324 1295 3372; x_wconf 84' lang='lat'>².</span> 
     </span>
     <span class='ocr_line' id='line_1_32' title="bbox 235 3415 1312 3500; baseline -0.006 -20"><span class='ocrx_word' id='word_1_254' title='bbox 235 3417 283 3496; x_wconf 85' lang='lat' dir='ltr'>(b)</span> <span class='ocrx_word' id='word_1_255' title='bbox 307 3417 399 3479; x_wconf 89' lang='lat' dir='ltr'>ldem</span> <span class='ocrx_word' id='word_1_256' title='bbox 425 3429 657 3498; x_wconf 89' lang='lat' dir='ltr'>argumentum</span> <span class='ocrx_word' id='word_1_257' title='bbox 676 3420 765 3482; x_wconf 91' lang='lat' dir='ltr'>valet</span> <span class='ocrx_word' id='word_1_258' title='bbox 788 3440 849 3500; x_wconf 93' lang='lat' dir='ltr'>pro</span> <span class='ocrx_word' id='word_1_259' title='bbox 865 3419 1066 3481; x_wconf 91' lang='lat' dir='ltr'>contritione</span> <span class='ocrx_word' id='word_1_260' title='bbox 1082 3415 1235 3499; x_wconf 69' lang='lat' dir='ltr'>persedta,</span> <span class='ocrx_word' id='word_1_261' title='bbox 1250 3417 1312 3496; x_wconf 84' lang='lat' dir='ltr'>quia</span> 
     </span>
     <span class='ocr_line' id='line_1_33' title="bbox 235 3520 1312 3602; baseline -0.004 -21"><span class='ocrx_word' id='word_1_262' title='bbox 235 3520 309 3581; x_wconf 86' lang='lat' dir='ltr'>talis</span> <span class='ocrx_word' id='word_1_263' title='bbox 322 3521 479 3582; x_wconf 89' lang='lat' dir='ltr'>contritio</span> <span class='ocrx_word' id='word_1_264' title='bbox 497 3520 528 3582; x_wconf 90' lang='lat' dir='ltr'>iu</span> <span class='ocrx_word' id='word_1_265' title='bbox 546 3543 582 3583; x_wconf 88' lang='lat' dir='ltr'>se</span> <span class='ocrx_word' id='word_1_266' title='bbox 599 3521 778 3602; x_wconf 71' lang='lat' dir='ltr'>perfettam</span> <span class='ocrx_word' id='word_1_267' title='bbox 793 3524 965 3584; x_wconf 89' lang='lat' dir='ltr'>caritatem</span> <span class='ocrx_word' id='word_1_268' title='bbox 983 3520 1143 3596; x_wconf 89' lang='lat' dir='ltr'>involvit;</span> <span class='ocrx_word' id='word_1_269' title='bbox 1168 3522 1224 3582; x_wconf 91' lang='lat' dir='ltr'>sed</span> <span class='ocrx_word' id='word_1_270' title='bbox 1241 3521 1312 3580; x_wconf 87' lang='lat' dir='ltr'>insu-</span> 
     </span>
     <span class='ocr_line' id='line_1_34' title="bbox 234 3619 1311 3704; baseline -0.003 -21"><span class='ocrx_word' id='word_1_271' title='bbox 234 3625 350 3703; x_wconf 90' lang='lat' dir='ltr'>perde</span> <span class='ocrx_word' id='word_1_272' title='bbox 368 3625 565 3704; x_wconf 65' lang='lat' dir='ltr'>poenitentia</span> <span class='ocrx_word' id='word_1_273' title='bbox 582 3623 737 3704; x_wconf 72' lang='lat' dir='ltr'>perfetta,</span> <span class='ocrx_word' id='word_1_274' title='bbox 753 3645 810 3686; x_wconf 90' lang='lat' dir='ltr'>seu</span> <span class='ocrx_word' id='word_1_275' title='bbox 828 3625 869 3685; x_wconf 91' lang='lat' dir='ltr'>dc</span> <span class='ocrx_word' id='word_1_276' title='bbox 886 3624 1086 3686; x_wconf 90' lang='lat' dir='ltr'>contritione</span> <span class='ocrx_word' id='word_1_277' title='bbox 1102 3623 1241 3688; x_wconf 92' lang='lat' dir='ltr'>dicitur:</span> <span class='ocrx_word' id='word_1_278' title='bbox 1262 3619 1311 3680; x_wconf 75' lang='lat' dir='ltr'>“Si</span> 
     </span>
     <span class='ocr_line' id='line_1_35' title="bbox 235 3725 1310 3808; baseline -0.003 -24"><span class='ocrx_word' id='word_1_279' title='bbox 235 3727 355 3806; x_wconf 86' lang='lat' dir='ltr'>impius</span> <span class='ocrx_word' id='word_1_280' title='bbox 379 3729 482 3808; x_wconf 85' lang='lat' dir='ltr'>egerit</span> <span class='ocrx_word' id='word_1_281' title='bbox 507 3729 738 3808; x_wconf 80' lang='lat' dir='ltr'>poenitentiam</span> <span class='ocrx_word' id='word_1_282' title='bbox 762 3729 804 3790; x_wconf 93' lang='lat' dir='ltr'>ab</span> <span class='ocrx_word' id='word_1_283' title='bbox 825 3728 981 3789; x_wconf 90' lang='lat' dir='ltr'>omnibus</span> <span class='ocrx_word' id='word_1_284' title='bbox 1003 3727 1148 3806; x_wconf 87' lang='lat' dir='ltr'>peccatis</span> <span class='ocrx_word' id='word_1_285' title='bbox 1172 3725 1310 3800; x_wconf 79' lang='lat' dir='ltr'>suis,vitl</span> 
     </span>
     <span class='ocr_line' id='line_1_36' title="bbox 234 3827 1310 3911; baseline 0.002 -25"><span class='ocrx_word' id='word_1_286' title='bbox 234 3827 322 3889; x_wconf 82' lang='lat' dir='ltr'>vivet</span> <span class='ocrx_word' id='word_1_287' title='bbox 339 3838 371 3889; x_wconf 89' lang='lat' dir='ltr'>ct</span> <span class='ocrx_word' id='word_1_288' title='bbox 390 3849 454 3890; x_wconf 90' lang='lat' dir='ltr'>non</span> <span class='ocrx_word' id='word_1_289' title='bbox 470 3832 628 3892; x_wconf 89' lang='lat' dir='ltr'>morietur</span> <span class='ocrx_word' id='word_1_290' title='bbox 639 3832 653 3854; x_wconf 89' lang='lat'>“</span> <span class='ocrx_word' id='word_1_291' title='bbox 664 3843 685 3892; x_wconf 84' lang='lat'>3.</span> <span class='ocrx_word' id='word_1_292' title='bbox 733 3831 786 3892; x_wconf 83' lang='lat' dir='ltr'>Ex</span> <span class='ocrx_word' id='word_1_293' title='bbox 805 3829 855 3890; x_wconf 92' lang='lat' dir='ltr'>his</span> <span class='ocrx_word' id='word_1_294' title='bbox 868 3829 1018 3891; x_wconf 86' lang='lat' dir='ltr'>textibus</span> <span class='ocrx_word' id='word_1_295' title='bbox 1031 3839 1164 3891; x_wconf 90' lang='lat' dir='ltr'>constat</span> <span class='ocrx_word' id='word_1_296' title='bbox 1180 3839 1310 3911; x_wconf 88' lang='lat' dir='ltr'>peccato·</span> 
     </span>
     <span class='ocr_line' id='line_1_37' title="bbox 235 3927 1309 4013; baseline -0.001 -24"><span class='ocrx_word' id='word_1_297' title='bbox 235 3949 306 3990; x_wconf 91' lang='lat' dir='ltr'>rum</span> <span class='ocrx_word' id='word_1_298' title='bbox 329 3933 555 3994; x_wconf 88' lang='lat' dir='ltr'>remissionem</span> <span class='ocrx_word' id='word_1_299' title='bbox 573 3953 644 3994; x_wconf 89' lang='lat' dir='ltr'>esse</span> <span class='ocrx_word' id='word_1_300' title='bbox 660 3953 736 3994; x_wconf 92' lang='lat' dir='ltr'>cum</span> <span class='ocrx_word' id='word_1_301' title='bbox 754 3935 952 3995; x_wconf 92' lang='lat' dir='ltr'>contritione</span> <span class='ocrx_word' id='word_1_302' title='bbox 974 3929 1211 4013; x_wconf 67' lang='lat' dir='ltr'>conJunttam;</span> <span class='ocrx_word' id='word_1_303' title='bbox 1236 3927 1309 4010; x_wconf 89' lang='lat' dir='ltr'>atqui</span> 
     </span>
    </p>
   </div>
   <div class='ocr_carea' id='block_1_4' title="bbox 272 4155 779 4223">
    <p class='ocr_par' dir='ltr' id='par_1_6' title="bbox 272 4155 779 4223">
     <span class='ocr_line' id='line_1_38' title="bbox 272 4155 779 4223; baseline 0.008 -18"><span class='ocrx_word' id='word_1_304' title='bbox 272 4155 440 4222; x_wconf 64' lang='lat' dir='ltr'>=J0‹1,.t1V,</span> <span class='ocrx_word' id='word_1_305' title='bbox 456 4171 535 4218; x_wconf 70' lang='lat'>21-23</span> <span class='ocrx_word' id='word_1_306' title='bbox 555 4187 587 4194; x_wconf 80' lang='lat'>—-</span> <span class='ocrx_word' id='word_1_307' title='bbox 599 4157 679 4208; x_wconf 53' lang='grc' dir='ltr'>ΒΑιῆἱ</span> <span class='ocrx_word' id='word_1_308' title='bbox 693 4157 727 4222; x_wconf 83' lang='lat' dir='ltr'>X,</span> <span class='ocrx_word' id='word_1_309' title='bbox 738 4173 779 4223; x_wconf 72' lang='lat'>44.</span> 
     </span>
    </p>
   </div>
   <div class='ocr_carea' id='block_1_5' title="bbox 520 4197 543 4223">
    <p class='ocr_par' dir='ltr' id='par_1_7' title="bbox 520 4197 543 4223">
     <span class='ocr_line' id='line_1_39' title="bbox 537 4197 543 4207; baseline 0 0"><span class='ocrx_word' id='word_1_310' title='bbox 537 4197 543 4207; x_wconf 74' lang='grc' dir='ltr'><strong>ι</strong></span> 
     </span>
     <span class='ocr_line' id='line_1_40' title="bbox 520 4212 528 4223; baseline 0 0"><span class='ocrx_word' id='word_1_311' title='bbox 520 4212 528 4223; x_wconf 71' lang='grc' dir='ltr'>ι</span> 
     </span>
    </p>
   </div>
   <div class='ocr_carea' id='block_1_6' title="bbox 269 4239 1184 4310">
    <p class='ocr_par' dir='ltr' id='par_1_8' title="bbox 269 4239 1184 4310">
     <span class='ocr_line' id='line_1_41' title="bbox 269 4239 1184 4310; baseline 0.002 -18"><span class='ocrx_word' id='word_1_312' title='bbox 269 4239 388 4292; x_wconf 56' lang='lat' dir='ltr'>*lca-l.</span> <span class='ocrx_word' id='word_1_313' title='bbox 402 4241 511 4304; x_wconf 78' lang='lat' dir='ltr'>xt&#39;lll,</span> <span class='ocrx_word' id='word_1_314' title='bbox 527 4258 574 4299; x_wconf 80' lang='lat'>21;</span> <span class='ocrx_word' id='word_1_315' title='bbox 595 4243 642 4294; x_wconf 78' lang='lat' dir='ltr'>cfr.</span> <span class='ocrx_word' id='word_1_316' title='bbox 657 4243 712 4294; x_wconf 77' lang='lat' dir='ltr'>[sa.</span> <span class='ocrx_word' id='word_1_317' title='bbox 730 4243 751 4303; x_wconf 96' lang='lat' dir='ltr'>l,</span> <span class='ocrx_word' id='word_1_318' title='bbox 768 4241 812 4304; x_wconf 82' lang='lat'>163</span> <span class='ocrx_word' id='word_1_319' title='bbox 837 4243 882 4294; x_wconf 89' lang='lat' dir='ltr'>Tr.</span> <span class='ocrx_word' id='word_1_320' title='bbox 893 4243 1091 4306; x_wconf 72' lang='lat' dir='ltr'>dePrenitent,</span> <span class='ocrx_word' id='word_1_321' title='bbox 1104 4257 1129 4294; x_wconf 91' lang='lat' dir='ltr'>n.</span> <span class='ocrx_word' id='word_1_322' title='bbox 1145 4255 1184 4310; x_wconf 80' lang='lat'>53.</span> 
     </span>
    </p>
   </div>
   <div class='ocr_carea' id='block_1_7' title="bbox 0 0 1374 4646">
    <p class='ocr_par' dir='ltr' id='par_1_9' title="bbox 0 0 1374 4646">
     <span class='ocr_line' id='line_1_42' title="bbox 0 0 1374 4646; baseline 0 0"><span class='ocrx_word' id='word_1_323' title='bbox 0 0 1374 4646; x_wconf 95' lang='lat' dir='ltr'> </span> 
     </span>
    </p>
   </div>
  </div>
 </body>
</html>
