2686 4950
118 143 186 194 456
559 139 699 193 CAPUT
715 139 776 190 111.

117 318 320 402 perpendere
337 317 468 400 possint
489 326 560 380 turn
579 317 727 381 redditus
743 315 941 399 assignatos,
957 323 1032 379 turn
1055 310 1197 398 possibili·

116 432 220 486 tatem
238 422 309 484 haec
325 441 425 483 onera
438 421 643 502 adimplendi
662 421 694 483 in
712 429 918 503 perpetuum.
967 414 1036 505 (Β)
1051 418 1092 482 In
1106 418 1195 498 singu·

116 526 156 588 lis
172 525 319 588 ecclesiis
336 523 549 586 saecularibus
566 544 604 585 ac
621 523 826 606 regularibus
841 523 931 587 adsit
953 521 1124 605 catalogus
1143 520 1195 582 sire

116 629 236 692 tabella
251 647 389 691 onerum
409 647 484 707 quae
506 626 549 689 ad
571 636 765 708 perpetuum
782 625 834 690 vel
857 625 901 689 ad
924 635 1054 689 certum
1078 621 1194 706 praeiini·

117 741 254 811 tumque
271 738 403 810 tempus
426 729 584 810 imposita
605 729 684 811 ipsis
701 749 739 790 ac
756 725 940 811 respedtive
954 736 1127 809 acceptata
1143 725 1193 788 lue

117 842 209 912 runt;
231 843 334 913 utque
351 831 474 893 ibidem
493 831 526 892 in
543 831 686 893 sacrario
702 839 912 895 asserventur
928 828 1012 904 libri,
1028 829 1062 893 in
1078 844 1192 911 quorun

117 938 222 1000 altero
238 946 399 1019 perpetua
420 935 611 1017 hujusmodi
633 937 703 999 sive
724 935 922 1018 temporalia
938 956 1050 1011 onera,
1065 936 1097 998 ln
1113 932 1192 997 altero

116 1061 194 1102 vero
211 1040 325 1102 Missae
349 1038 516 1101 manuales
538 1048 570 1100 et
590 1038 780 1102 adventitia
801 1037 1032 1112 inscribantun
1055 1056 1119 1101 una
1136 1050 1191 1097 cum

116 1141 205 1205 fideli
222 1162 260 1204 ac
277 1139 434 1204 distincta
451 1141 670 1202 adnotatione
686 1141 853 1204 subsecuti
870 1149 1088 1222 utrorumque
1103 1135 1191 1219 imple·

117 1246 220 1307 menti
233 1245 248 1268 '³
268 1244 316 1324 (C.
333 1243 419 1306 Balt.
438 1243 483 1317 II,
501 1246 586 1323 371).
634 1239 698 1327 (C)
717 1240 846 1307 Omnes
861 1243 1071 1307 conditiones
1092 1250 1190 1321 tempo·

116 1351 160 1410 ris
176 1359 210 1411 et
232 1348 294 1409 loci
318 1346 520 1409 adamussim
538 1355 710 1408 serventur
725 1369 733 1426 3
759 1347 787 1407 si
810 1346 935 1410 reditus
951 1345 1108 1411 deficiant
1122 1344 1190 1406 into·

118 1461 196 1524 tum,
209 1451 280 1512 sine
297 1450 439 1531 pastoris
455 1449 562 1530 culpa,
576 1468 642 1510 non
660 1459 791 1511 tenetur
804 1449 925 1512 Missas
942 1449 1118 1525 celebrare;
1136 1443 1190 1507 siin

110 1564 215 1636 parte,
229 1563 262 1615 et
278 1552 358 1613 nihil
376 1551 438 1614 hac
451 1553 492 1615 de
509 1572 544 1615 re
560 1554 593 1614 in
611 1552 806 1615 fundatione
822 1563 985 1617 statutum
1004 1552 1109 1629 suerit,
1120 1551 1192 1614 adea·

118 1667 179 1730 tur,
196 1677 255 1739 per
277 1655 492 1737 Episcopum,
509 1654 613 1719 Sedes
634 1656 835 1737 Apostolica,
852 1677 927 1739 quae
949 1656 1020 1720 sola
1042 1657 1192 1720 Missarun

118 1779 219 1822 onera
236 1759 391 1820 reducere
408 1768 527 1840 potest,
545 1779 588 1820 ex
603 1758 715 1822 Const.
732 1758 813 1823 Cum
831 1761 921 1842 Sceps
935 1761 1066 1825 Urbani
1078 1756 1163 1824 VIII.

163 1860 230 1939 187.
277 1861 411 1943 Regula
432 1861 541 1941 qrroad
552 1860 697 1923 Missam
713 1872 777 1941 pro
792 1864 940 1944 populo:
962 1863 1022 1945 (A)
1032 1863 1118 1947 Jure
1136 1875 1195 1922 curu·

119 1964 214 2026 rnuni
243 1973 394 2046 pastores
429 1965 614 2026 animarum
647 1964 710 2026 sub
741 1967 832 2046 gravi
868 1976 1024 2030 tenentur
1056 1965 1197 2049 applicare

120 2069 259 2130 Missam
285 2089 345 2149 pro
369 2067 494 2149 populo
517 2067 655 2149 singulis
676 2067 793 2130 diebus
813 2070 999 2146 dominicis,
1014 2081 1074 2134 aut
1097 2061 1198 2132 festivis

118 2174 161 2234 de
178 2180 355 2253 praecepto,
367 2172 467 2232 etiam
485 2171 669 2253 suppressis
683 2183 701 2233 ¹.
749 2170 820 2235 Sub
832 2170 967 2232 nomine
980 2181 1093 2234 autem
1109 2173 1198 2251 pastu

119 2294 191 2336 rum
215 2274 379 2337 veniunt:
402 2274 450 2354 (a)
470 2273 628 2355 Episcopi
653 2274 709 2355 qui
733 2273 904 2336 dioecesim
928 2284 1059 2354 regunt,
1075 2293 1137 2335 non
1157 2284 1199 2329 au·
1239 2336 1241 2353 Ξ

119 2387 187 2440 tem
205 2377 328 2439 Vicarii
354 2376 528 2457 apostolici
554 2396 660 2456 neque
685 2376 843 2457 Episcopi
868 2396 957 2438 mere
980 2377 1137 2449 titulares,
1154 2362 1200 2433 nisi

119 2478 217 2540 simul
231 2478 318 2539 sedis
326 2478 533 2540 vacantisvel
547 2499 716 2559 suspensae
729 2481 1052 2543 administrationem
1065 2477 1202 2542 habeant}

118 2579 170 2640 vel
198 2577 485 2639 administratores
509 2578 662 2641 dioecesis
685 2580 844 2641 canonice
859 2577 990 2655 eredlae,
1015 2600 1082 2641 non
1110 2583 1202 2640 autesss

119 2681 230 2743 vicarii
255 2679 475 2762 capitulares;
504 2680 555 2762 (b)
579 2679 726 2754 abbates,
747 2678 1012 2759 jurisdidtionem
1037 2682 1129 2762 quasi
1151 2667 1205 2755 epi·

120 2783 287 2866 scopalcm
305 2784 336 2843 in
355 2781 478 2844 clerum
496 2791 529 2844 et
545 2782 707 2864 populum
725 2803 800 2844 cum
819 2784 982 2847 territorio
995 2792 1147 2867 separato
1161 2780 1207 2842 ha·

119 2889 249 2962 bentes;
273 2886 321 2967 (c)
338 2885 473 2967 parochi
491 2886 622 2966 proprie
639 2883 727 2959 dieti,
743 2886 812 2948 sive
828 2887 991 2951 seculares
1009 2888 1080 2949 sive
1097 2880 1208 2968 regula·

120 3011 180 3065 res,
192 2991 260 3052 sive
273 2989 468 3051 amovibiles
481 2991 549 3050 sive
562 2989 793 3051 inamovibiles
806 3000 864 3052 aut
877 2991 976 3052 etiam
991 2976 1209 3070 vice-parochi.

92 3151 95 3168 ,
120 3093 176 3172 qui
193 3092 235 3153 ad
253 3090 398 3153 officium
416 3090 550 3172 parochi
569 3091 791 3172 supplendum
809 3093 961 3173 deputati
977 3102 1065 3155 sunt.

163 3194 224 3275 (B)
243 3195 280 3255 In
301 3194 452 3255 Statibus
469 3195 655 3268 Fcrdcratir,
671 3214 746 3255 cum
769 3197 923 3275 paroeciae
946 3214 1011 3256 non
1035 3196 1103 3257 sint
1126 3209 1212 3256 cano·

121 3298 193 3359 nice
210 3293 337 3369 erediae,
354 3306 504 3377 pastores
521 3318 584 3359 non
603 3294 716 3359 stridte
733 3307 888 3359 tenentur
904 3314 1011 3375 neque
1031 3314 1075 3355 ex
1095 3290 1214 3376 justitia

122 3545 348 3599 Cr'ncr'nnatensri
372 3542 466 3612 (1863)
491 3543 699 3598 desumuntur:
732 3543 935 3598 “Censuerunt
962 3544 1061 3597 Patres
1087 3539 1219 3614 ejusmodi

121 3632 310 3694 fundationes,
326 3631 447 3684 maxime
462 3630 576 3699 quando
595 3642 660 3684 sunt
679 3641 830 3700 perpetuae,
847 3647 911 3684 cum
930 3632 1034 3699 magna
1052 3630 1221 3694 cauteli1‚ob

120 3718 273 3785 peculiaria
292 3719 320 3769 in
340 3718 441 3788 quibus
459 3733 605 3770 versamur
622 3733 713 3770 rerum
732 3716 867 3786 adjundla
885 3727 912 3770 et
931 3715 1044 3770 nonnisi
1065 3717 1094 3770 in
1115 3719 1223 3772 casibus

38 3800 42 3807 '
120 3804 280 3870 specialiter
302 3803 339 3856 ab
362 3802 515 3856 Ordinatio
537 3803 737 3872 approbandis,
763 3820 826 3857 esse
849 3802 1059 3867 admittendas;
1088 3807 1124 3858 eri
1144 3806 1226 3859 etiam

120 3889 240 3954 ratione,
260 3900 290 3942 ut
313 3907 364 3957 pro
384 3890 475 3943 Missa
497 3889 605 3959 privata
625 3891 724 3943 saltem
744 3890 948 3960 quinquaginta
967 3900 1155 3958 scutatorum,
1179 3908 1226 3962 pro

120 3974 234 4026 cantati
247 3990 313 4026 vero
327 3985 441 4028 centum
455 3987 626 4029 scutatorum
641 3976 716 4045 prius
730 3976 838 4041 existat,
853 3987 966 4029 curante
979 3993 1092 4047 quoque
1107 3979 1226 4033 Ordina-

120 4060 171 4122 rio,
187 4070 216 4112 ut
230 4062 407 4116 conditiones
426 4063 623 4117 fundationum
643 4063 818 4117 adamussim
837 4063 1045 4131 adimpleantur
1054 4065 1067 4090 '³
1081 4064 1138 4133 (cf,
1156 4065 1224 4120 Acta

121 4147 151 4200 C.
166 4146 243 4199 Ball.
264 4147 302 4208 11,
320 4165 345 4216 p.
361 4149 431 4217 319).

131 4290 134 4294 ,
158 4233 165 4264 ¹
178 4234 238 4286 Hos
253 4233 314 4287 dies
329 4235 482 4289 recensitos
496 4235 620 4289 invenire
633 4245 677 4289 est
690 4235 717 4287 in
734 4235 840 4288 Ordine
852 4235 949 4288 divini
961 4236 1056 4306 Officii
1066 4246 1122 4292 etc.
