2770 4646
252 163 314 214 160
708 164 848 216 CAPUT
867 165 893 214 1.

250 347 350 409 etiam
367 345 501 428 aliquod
518 347 636 410 horum
654 359 781 430 septem
799 370 864 413 non
882 369 954 414 esse
969 370 1044 414 vere
1056 361 1089 413 et
1102 351 1231 432 proprie
1244 369 1341 412 sacra-

250 462 410 527 mentum,
426 452 469 516 A.
487 452 539 516 S.”

292 555 520 617 Proenotnmus
536 555 656 617 thesim
679 575 745 617 non
766 576 863 637 posse
886 556 1056 640 Scriptura
1075 559 1146 621 sola
1166 554 1339 640 apodielice

249 658 469 719 demonstrari
487 678 546 738 pro
562 659 717 720 omnibus
734 661 957 736 sacramentis,
970 680 1073 742 quum
1091 661 1206 724 nullibi
1223 661 1339 722 dicatur

249 762 317 823 sive
341 760 509 844 implicite,
528 762 596 823 sive
617 763 784 842 explicite,
805 773 931 845 septem
953 774 986 826 et
1004 773 1132 846 septem
1153 763 1257 826 solum
1276 783 1338 824 esse

249 874 476 939 sacramenta;
500 884 654 946 quaenam
675 876 786 927 autem
804 877 1012 930 sacramenta
1028 887 1071 928 ex
1089 866 1259 949 Scriptura
1273 886 1336 947 pro-

249 966 317 1028 bari
338 968 474 1048 possint,
496 967 580 1029 inira
603 979 800 1048 exponetur,
822 969 877 1030 ubi
899 968 941 1030 de
963 969 1111 1051 quolibet
1131 981 1336 1032 sacramento·

253 1069 400 1132 Traditio
411 1071 669 1134 monumentalis
681 1080 713 1133 et
725 1072 824 1134 oralis
835 1074 981 1154 priorum
995 1073 1192 1136 saeculorum
1203 1075 1335 1136 existen-

248 1173 327 1235 tiam
350 1176 580 1254 quorumdam,
601 1195 667 1237 non
689 1187 800 1238 autem
821 1187 948 1258 septem
971 1188 1253 1242 sacramentorum
1272 1197 1336 1259 pro·

247 1277 324 1352 bat;
355 1279 413 1340 sed
438 1263 605 1340 uhanirnis
630 1278 861 1360 theologorum
887 1300 1068 1343 consensus
1090 1302 1110 1343 a
1132 1282 1254 1343 saeculo
1275 1279 1333 1342 XII

247 1381 406 1460 usquead
421 1401 490 1456 nos,
501 1401 629 1443 necnon
643 1382 901 1463 praescriptionis
914 1393 1147 1464 argumentum
1166 1403 1234 1446 rem
1250 1383 1335 1466 plene

247 1483 488 1547 demonstrant.

289 1615 338 1668 21.
391 1615 422 1664 10
438 1601 469 1666 T
467 1603 535 1665 rad.
547 1623 677 1665 monum
689 1615 709 1666 1.
756 1603 909 1685 Quatuor
918 1603 969 1665 vel
982 1605 1129 1686 quinque
1140 1617 1335 1667 sacramenta

247 1715 485 1786 repraesentata
501 1706 551 1767 vel
568 1707 735 1787 descripta
752 1707 963 1770 inveniuntur
976 1709 1006 1769 in
1021 1707 1166 1789 antiquis
1181 1707 1334 1773 caiacum-

247 1808 363 1870 barum
390 1806 526 1890 picturis
552 1810 603 1871 vel
632 1809 922 1891 inscriptionibus;
950 1811 999 1892 (a)
1026 1811 1193 1893 Baptismi
1216 1811 1334 1873 collatio

247 1911 371 1993 duplici
389 1913 490 1975 modo
506 1911 687 1993 figuratur:
711 1933 769 1994 per
784 1915 995 1995 piscatorem,
1010 1915 1065 1996 qui
1089 1915 1275 1996 pisciculum
1295 1934 1333 1974 ex

247 2019 333 2100 aqua
357 2015 510 2091 extrahit,
526 2018 614 2097 quod
637 2037 656 2078 a
677 2017 889 2096 Tertulliano,
906 2019 947 2081 de
966 2019 1138 2099 Baptismo
1155 2019 1333 2100 interpreta-

248 2129 345 2197 tur²;
368 2129 401 2182 et
420 2120 567 2200 apertius
587 2140 644 2200 per
665 2121 871 2183 sacerdotem
891 2123 946 2204 qui
970 2141 1091 2202 aquarn
1108 2141 1208 2203 super
1222 2121 1334 2203 parvuli

247 2205 348 2307 caput
370 2221 532 2302 effundit;
559 2225 610 2305 (b)
636 2223 855 2305 Confirmatio,
878 2245 936 2305 per
959 2224 1206 2304 impositionem
1229 2243 1333 2285 manus

247 2347 345 2409 super
368 2335 467 2407 caput
495 2327 654 2408 baptizati
682 2325 861 2408 figuratur:
888 2327 959 2388 haec
986 2326 1073 2388 enirn
1101 2337 1331 2389 sacramentum
1376 2356 1377 2440 p

248 2429 519 2492 Confirmationis
535 2430 698 2511 designat,
715 2439 750 2491 ut
766 2451 809 2491 ex
826 2429 888 2492 hac
906 2429 1109 2492 Damasiana
1127 2431 1333 2512 inscriptione,
1376 2493 1377 2496 ,

248 2532 280 2593 in
307 2532 445 2612 antiquo
473 2532 631 2594 Ecclesiae
655 2533 829 2594 Vaticanae
856 2533 1050 2614 baptisterio
1077 2538 1214 2614 reperta,
1237 2533 1333 2614 colligi
1376 2533 1377 2540 ’

272 2645 360 2697 otest
373 2655 379 2697 :

249 2656 270 2716 p
389 2739 406 2762 ‘¹
419 2733 490 2790 Istic
503 2734 635 2792 insontes
649 2735 760 2793 coelesti
776 2735 898 2793 tluinine
911 2736 986 2792 lotas

425 2822 554 2879 Pastoris
567 2823 676 2880 summi
689 2823 808 2881 dextera
821 2824 918 2894 signat
931 2839 1016 2893 oves3

389 2905 460 2962 Huc
474 2906 562 2964 undis
575 2918 715 2978 generate
728 2908 794 2964 veni
809 2924 870 2978 quo
884 2905 1010 2964 Saneius
1022 2903 1060 2962 ad
1075 2922 1169 2962 unum

424 2993 548 3064 Spiritus
562 3004 594 3051 ut
606 2995 706 3067 capies
720 3005 749 3052 te
762 3012 815 3050 sua
828 2994 909 3051 dona
922 3004 1007 3050 vocat
1016 2991 1041 3047 ''.

248 3102 296 3182 (c)
318 3102 571 3166 Sacramentum
591 3103 801 3176 Poenitcnn'oe,
813 3103 914 3183 juxta
936 3105 1069 3178 multos,
1093 3115 1334 3186 repraesentatur

248 3223 306 3284 per
326 3203 554 3283 paralyticum.
579 3204 635 3284 qui
660 3204 835 3284 grabatum
863 3226 959 3269 suum
987 3207 1083 3280 tollit,
1110 3218 1284 3289 postquam
1310 3205 1333 3264 ei

248 3305 374 3370 dictum
399 3317 457 3382 est,
482 3315 496 3338 ‘¹
510 3308 740 3370 Remittuntur
761 3308 820 3371 tibi
845 3321 981 3390 peccata
1004 3321 1062 3374 tua
1073 3311 1133 3388 ”3;
1160 3311 1215 3374 alii
1236 3323 1332 3374 tamen

248 3413 362 3474 dicunt
379 3413 432 3473 hic
449 3412 502 3492 agi
520 3421 650 3474 tantum
674 3412 715 3472 de
732 3413 907 3493 Baptisrrro,
924 3415 1002 3494 quia
1018 3414 1063 3476 ibi
1081 3414 1273 3476 describitur
1288 3433 1333 3494 pa·

284 3591 291 3613 ¹
306 3574 347 3628 Cl.
362 3575 394 3627 P.
408 3575 524 3640 Allurd,
536 3575 630 3626 Rome
644 3575 824 3636 souterraine,
841 3593 864 3628 c.
882 3578 930 3641 Vl,
944 3577 990 3631 ubi
1009 3578 1085 3632 brevi
1099 3579 1262 3633 exhibentur
1275 3592 1332 3631 cour·

248 3660 351 3726 pendio
364 3677 398 3713 ea
411 3679 475 3731 quae
488 3661 575 3714 lusius
589 3661 701 3728 exponit
714 3662 747 3715 dc
760 3663 850 3726 Russe}
868 3661 961 3716 Roma
980 3676 1169 3730 sotterranea;
1188 3667 1331 3720 Northrutn

248 3741 310 3794 The
326 3743 434 3795 Roman
450 3745 629 3810 Catacombs,
647 3765 669 3800 c.
684 3763 712 3818 33
733 3751 891 3819 illartr'gny,
911 3749 1105 3807 Didlionnaire
1123 3753 1174 3806 des
1190 3749 1332 3823 Antiquite's

248 3828 433 3896 chretiennes,
457 3832 601 3886 vocabulis
622 3836 761 3903 Bapte‘me,
784 3837 996 3904 Confirmatr'on,
1017 3839 1208 3906 Euctus-istie,
1230 3840 1331 3894 Onlriu-

250 3916 324 3974 tiore·
342 3917 508 3980 firmemur,
528 3919 636 3973 Lezioni
652 3922 679 3974 di
695 3923 892 3992 Archaeologia
908 3925 1077 3994 Christiana,
1096 3927 1196 3992 Roma,
1214 3929 1283 3994 1898.

283 3999 393 4053 l‘ihios
408 4003 533 4069 pisciculi
548 4007 703 4060 secundum
725 4003 797 4075 ἰχθὺν
817 4021 944 4063 nostrum
957 4013 1054 4080 Jesum
1069 4013 1220 4080 Christum,
1235 4015 1260 4067 in
1273 4007 1330 4079 aqul

249 4085 399 4152 nascimur,
421 4105 473 4142 nec
498 4090 579 4144 aliter
601 4109 686 4160 quam
710 4095 736 4146 in
763 4097 836 4164 aqui
859 4099 1051 4166 permanendo
1073 4099 1142 4153 salvi
1165 4101 1279 4154 sumus¹’
1295 4095 1331 4162 (de

384 4189 406 4236 a,
422 4191 445 4227 c.
465 4173 498 4242 r).

413 4261 462 4326 lX,
478 4279 502 4314 2.
