2770 4646
259 164 318 214 198
694 165 832 218 CAPUT
849 167 901 217 tv.

258 349 426 425 nitentur;
462 348 554 430 atqui
591 347 719 410 nullum
756 358 895 430 apparet
928 347 1120 430 hujusmodi
1159 348 1345 429 vestigium

258 451 369 532 ergo(

301 559 351 638 84,
391 554 772 634 30P0sreri0rsenre'nn'a.
804 555 911 635 Juxta
924 553 1343 632 &Bonanenturamdnffit

260 656 532 721 Salmantr'censes
546 657 696 739 aliosque
707 670 728 732 1,
744 659 882 721 materia
898 667 930 720 ct
947 657 1053 720 forma
1068 660 1283 740 quommdam
1298 677 1342 716 sa-

258 771 501 823 cramentorum
531 781 595 822 non
624 760 756 824 suerunt
781 761 815 824 in
841 761 938 842 specie
961 762 1192 825 determinatae
1215 761 1258 824 ab
1280 760 1342 840 ipso

260 863 402 939 Christo,
419 863 477 926 sed
495 865 537 926 ab
555 863 715 952 Ecclesia,
731 884 805 926 cum
824 873 990 945 potestate
1006 865 1048 926 ab
1065 864 1117 926 Eo‘
1133 867 1277 946 accepte.

301 965 361 1048 (A)
376 967 541 1048 Imprimis
557 967 672 1028 nullibi
690 966 807 1048 legitur
823 967 854 1028 in
873 966 990 1048 Script.
1001 977 1035 1029 et
1047 968 1173 1030 Tradit.
1187 967 1341 1031 Christum

259 1069 366 1150 ipsum
383 1069 417 1132 in
431 1072 529 1152 specie
543 1071 816 1134 determinavisse
832 1071 1005 1132 materiam
1030 1081 1087 1133 aut
1109 1056 1251 1134 sormam
1268 1069 1342 1132 Con·

258 1170 462 1250 firmationis,
475 1175 571 1238 Extr.
583 1171 761 1239 Unttionis
773 1173 824 1236 vel
838 1173 990 1252 Ordinis;
1007 1176 1073 1236 imo
1085 1175 1288 1237 Innocentius
1298 1172 1317 1233 I
1322 1171 1343 1233 V

257 1275 303 1355 (in
321 1297 390 1358 cap.
408 1277 585 1356 Presbyter,
601 1278 643 1340 de
667 1297 746 1339 sacr.
764 1276 935 1358 iterandis)
956 1279 1159 1340 contrarium
1181 1277 1341 1339 manifeste

256 1379 434 1460 supponit;
463 1379 510 1442 ait
539 1380 653 1441 enim:
680 1379 810 1443 “Unde
840 1363 1003 1442 credimus
1033 1381 1123 1460 quod
1156 1380 1218 1442 nisi
1245 1391 1338 1441 essent

257 1480 372 1562 formae
402 1492 520 1563 postea
550 1482 706 1555 inventae,
733 1480 898 1544 sufficeret
933 1482 1115 1545 ordinatori
1145 1483 1279 1545 dicere:
1304 1480 1337 1539 sis

256 1585 417 1662 sacerdos,
443 1586 495 1648 vel
526 1585 590 1648 alia
620 1583 868 1666 aequipollentia
898 1587 1009 1662 verba,
1036 1586 1094 1648 sed
1125 1584 1337 1666 subsequenti·

246 1685 316 1748 'bus
342 1687 547 1768 temporibus
575 1687 705 1764 formas,
732 1707 807 1768 quae
837 1697 1018 1762 servantur,
1045 1687 1197 1751 Ecclesia
1222 1687 1336 1750 ordina·

254 1789 302 1850 vit
315 1787 339 1854 ”.
405 1863 406 1870 ἵ

299 1889 357 1972 (Β)
375 1891 429 1954 Ex
445 1891 580 1976 historiis
597 1901 728 1954 constat
745 1892 946 1955 mutationes
961 1895 1141 1957 occurrisse
1157 1895 1189 1956 in
1207 1891 1336 1956 rrraten'r's

245 1994 418 2072 'etfhrmr's
433 2004 725 2068 sacramentorum,
741 2005 774 2058 et
790 1997 924 2076 quidem
941 1997 1027 2059 circa
1044 2017 1094 2058 res
1110 2017 1186 2076 quae
1202 1997 1294 2059 hodie
1307 2007 1334 2057 ut

252 2096 434 2159 essentiales
448 2118 468 2160 a
484 2097 648 2179 plerisque
664 2097 829 2178 theologis
841 2097 1011 2160 habentur.
1048 2099 1099 2179 (a)
1112 2099 1168 2164 Sic
1178 2122 1207 2162 v.
1217 2120 1246 2182 g.
1257 2101 1333 2162 theo

254 2197 319 2279 logi
343 2201 563 2286 communiter
589 2202 711 2262 docent
738 2200 837 2262 verba
860 2201 983 2281 “signo
1009 2210 1042 2263 te
1068 2202 1165 2282 signo
1190 2205 1287 2265 crucis
1308 2213 1333 2262 et
1363 2227 1364 2256 ι

252 2299 413 2364 confirmo
428 2313 461 2365 te
471 2353 476 2364 .
487 2353 493 2365 .
505 2353 511 2365 .
525 2304 556 2363 in
574 2303 708 2364 nomine
726 2303 831 2365 Patris
843 2303 858 2328 ”
925 2285 1108 2366 necessaria
1125 2325 1198 2368 esse
1214 2308 1255 2369 ad
1270 2306 1332 2368 vali·

252 2405 330 2466 dam
346 2405 666 2468 administrationem
684 2404 953 2468 Confirmationis
977 2408 1008 2470 in
1034 2407 1185 2470 Ecclesia
1210 2409 1331 2478 Latini:

249 2505 398 2588 jamvero
412 2519 539 2572 certum
563 2518 613 2571 est
636 2509 790 2588 quaedam
818 2528 861 2570 ex
884 2509 935 2571 his
958 2511 1067 2572 verbis
1090 2531 1150 2592 per
1169 2513 1330 2576 multasae·

252 2608 325 2672 cula
342 2629 407 2672 non
425 2611 523 2673 luisse
540 2611 572 2673 in
590 2631 660 2686 usu,
677 2631 737 2673 nec
753 2612 853 2673 etiam
876 2631 962 2674 nunc
984 2633 1003 2674 a
1023 2612 1149 2676 Graeeis
1168 2615 1305 2678 adhiberi
1315 2627 1329 2680 ².
1362 2591 1363 2610 l

252 2722 285 2775 et
311 2712 430 2776 frustra
457 2714 602 2795 theologi
631 2715 785 2795 antiquas
812 2714 970 2777 formulas
997 2726 1155 2798 torquent
1180 2727 1218 2781 ut
1243 2718 1328 2780 ineis

252 2815 429 2892 inveniant,
441 2819 540 2880 ctiam
557 2816 667 2898 quoad
684 2836 826 2889 sensum,
839 2819 951 2880 omnia
963 2819 1062 2880 verba
1073 2839 1149 2900 quae
1162 2821 1328 2884 essentialia

251 2918 427 2982 declarant.
476 2921 599 2982 Iterum
618 2919 649 2981 in
667 2929 874 2982 sacramento
892 2921 1102 2983 Poenitentiae
1121 2922 1228 2986 forma
1242 2925 1327 3004 deprc·
1361 3005 1362 3010 ἵ

251 3022 357 3082 catina
377 3023 409 3084 in
432 3044 491 3086 usu
512 3034 583 3086 erat
604 3024 635 3085 in
661 3023 828 3085 nonnullis
850 3022 1123 3087 Occidentalibus
1144 3026 1290 3100 eeclesiis,
1303 3033 1326 3087 et

285 3229 291 3252 ¹
307 3228 471 3281 Salnmntr'c.
489 3230 594 3284 Cursus
611 3231 695 3284 theol.
710 3246 778 3282 mor.
794 3229 830 3282 de
844 3231 969 3283 Sacram.
986 3229 1013 3282 in
1026 3246 1139 3298 genere,
1152 3248 1177 3284 c.
1197 3233 1278 3296 1v‚n.
1290 3233 1324 3300 48;

248 3312 340 3384 Lngn,
356 3315 391 3369 de
406 3317 576 3370 Sacrament.
592 3317 619 3369 in
638 3333 710 3385 gen,
728 3315 799 3384 disp.
819 3317 866 3383 lV,
884 3313 951 3370 sett.
970 3329 993 3383 5,
1012 3333 1039 3370 n.
1053 3313 1088 3370 86
1101 3333 1159 3387 sq.;
1178 3319 1288 3383 Hurter,
1299 3319 1324 3370 de
1360 3359 1361 3395 ,

250 3403 365 3466 Ordine,
381 3421 407 3456 n.
426 3417 487 3468 7¹²3
507 3405 611 3474 finger,
625 3421 651 3458 n.
668 3405 735 3468 64&
755 3402 890 3471 multique
903 3401 949 3454 alii
963 3402 1085 3471 theologi
1100 3403 1147 3456 ubi
1161 3405 1198 3459 de
1212 3405 1310 3458 Ordine.

283 3489 377 3544 2ΟΙίπι
390 3491 451 3544 haee
465 3502 574 3545 tantum
587 3493 672 3546 verba
686 3490 797 3544 dicebat
812 3489 965 3556 (Pontifex)
978 3507 983 3541 :
1004 3489 1020 3515 “
1034 3491 1066 3542 ln
1085 3490 1201 3545 nomine
1215 3491 1294 3546 Patris
1305 3501 1322 3545 et

249 3577 320 3645 Filii,
337 3588 364 3631 et
378 3579 496 3647 Spiritus
511 3581 550 3644 S.,
560 3595 613 3647 pax
628 3578 676 3631 tibi
687 3579 709 3641 ”,
721 3588 750 3630 ut
764 3576 858 3629 videre
872 3585 914 3629 est
928 3577 1003 3645 apud
1017 3577 1224 3632 Amalarium...
1249 3577 1321 3633 Grati
1359 3611 1360 3616 ,

247 3663 319 3720 hane
334 3665 450 3720 sormam
464 3667 616 3720 adhibent:
640 3668 655 3692 “
668 3665 848 3732 Signaculum
868 3663 934 3716 doni
956 3663 1075 3733 Spiritus
1095 3666 1140 3718 S.”
1221 3667 1321 3720 Adeas

247 3749 364 3803 sormam
378 3753 494 3805 multum
509 3751 619 3806 accedit
632 3769 666 3806 ea
679 3767 742 3820 quae
756 3761 831 3805 extat
851 3751 878 3804 in
899 3751 997 3806 ordine
1016 3752 1177 3820 Gelasiano,
1191 3764 1218 3809 et
1230 3754 1255 3806 in
1267 3755 1320 3808 anti·

247 3835 389 3902 quioribus
403 3851 641 3893 sacramentorum
655 3839 733 3892 libris
747 3857 753 3892 ι
776 3837 921 3904 “Signum
936 3838 1039 3892 Christi
1054 3839 1082 3892 in
1096 3840 1183 3894 vitam
1197 3851 1317 3894 aeternam.

247 3921 337 3972 Amen
347 3921 368 3974 ''.
407 3923 555 3990 (Μανίαν,
569 3927 605 3978 de
625 3925 755 3994 Antiquis
776 3924 854 3976 Eecl.
872 3924 994 3990 Ritibus,
1006 3925 1053 3980 lib
1069 3927 1092 3992 1,
1111 3943 1174 3995 cap.
1193 3927 1213 3994 l,
1233 3939 1278 3980 art.
1292 3927 1317 3992 3).

244 4003 324 4056 Alias
337 4005 469 4060 formulas
482 4011 545 4064 vide
558 4013 632 4080 apud
650 4009 792 4072 Clrnrdon,
805 4027 849 4078 op.
866 4012 923 4077 cit,
940 4011 1066 4066 Histoire
1078 4013 1115 4066 du
1130 4013 1206 4067 Sacr.
1218 4013 1252 4067 de
1263 4015 1319 4068 Con·

247 4089 395 4154 firmation,
408 4109 466 4161 cap.
483 4096 503 4146 1.
542 4097 716 4167 Quicumque
730 4099 790 4150 btee
809 4100 865 4154 duo
884 4115 970 4167 opera
982 4107 1091 4154 attente
1104 4099 1255 4169 perlegerit,
1269 4117 1318 4154 can·
1358 4109 1359 4127 ¹

245 4175 311 4232 dide
323 4175 403 4230 fateri
414 4192 526 4246 cogetur
535 4184 637 4237 multas
646 4183 750 4238 formas
761 4185 827 4238 olim
838 4185 980 4240 adhibitas
989 4185 1087 4250 fuisse,
1099 4203 1162 4256 quae
1172 4185 1251 4240 bodie
1260 4203 1317 4241 cont·

245 4259 365 4314 muniter
377 4279 394 4314 a
407 4262 544 4334 theologis
557 4279 586 4322 ut
600 4270 728 4324 invalidae
742 4273 918 4327 haberentur.
