2780 4646
98 1284 165 1350 114.
213 1269 330 1334 Gratia
352 1270 501 1348 aetualis,
515 1273 558 1336 de
582 1277 648 1356 qua
664 1274 804 1356 egimus,
820 1271 900 1334 nihil
918 1271 1008 1334 aliud
1024 1281 1077 1333 est
1091 1270 1156 1332 nisi

56 1374 254 1453 praeparatio
269 1375 312 1438 ad
328 1375 471 1455 gratiam
488 1375 697 1450 habitualem,
709 1396 786 1457 quae
802 1394 879 1437 vere
895 1394 956 1458 nos
972 1370 1106 1436 sandius
1121 1380 1157 1434 et

56 1474 158 1552 justos
173 1476 284 1551 efficit,
300 1479 506 1558 proindeque
522 1478 731 1561 santlr'ficans
742 1476 995 1559 veljustifimas
1009 1483 1154 1537 vocatur.

58 1575 142 1656 Quia
173 1598 251 1640 vero
281 1580 388 1659 gratia
418 1579 598 1643 habitualis
630 1581 661 1643 in
688 1579 927 1660 justificatione
958 1577 1151 1652 infunditur,

58 1699 160 1759 pauca
181 1681 223 1744 de
238 1681 301 1744 hac
325 1682 560 1762 praemittenda
576 1691 661 1745 sunt.
711 1681 898 1763 Justificare
915 1683 947 1744 in
964 1681 1066 1743 sacris
1084 1678 1154 1740 Lit-

59 1783 131 1843 teris
148 1782 245 1864 plura
261 1782 427 1864 significat
442 1797 452 1827 ¹
467 1808 474 1846 ε
492 1785 541 1865 (a)
557 1785 697 1865 alicujus
713 1785 952 1866 praerogativas
968 1782 1155 1864 approbare

58 1903 111 1945 seu
123 1905 305 1966 agnoscere
315 1897 344 1964 2;
360 1887 411 1966 (b)
423 1889 545 1968 agendi
562 1886 700 1950 modum
714 1886 884 1967 explicare
899 1896 933 1949 et
945 1885 1114 1948 vindicare
1124 1895 1155 1958 ³3

59 1985 103 2066 (c)
112 1988 280 2051 declarare
293 1987 437 2068 aliquem
451 1990 616 2069 justum4;
643 1988 695 2070 (d)
706 1988 813 2052 facere
823 1989 967 2070 aliquem
982 1985 1133 2068 justum⁵
1148 2008 1156 2050 ι

60 2107 128 2168 quae
150 2091 287 2170 quidem
310 2091 386 2153 duae
409 2093 609 2174 posteriores
632 2091 893 2174 significationes
917 2090 1155 2170 frequentiores

60 2201 132 2254 sunt
149 2193 182 2254 in
199 2193 382 2274 Scriptura,
394 2204 437 2268 et,
453 2196 590 2276 quando
605 2196 648 2258 de
666 2196 740 2257 Deo
755 2195 873 2275 agitur,
887 2193 918 2255 in
936 2193 1024 2256 idem
1042 2191 1156 2252 reinci-

62 2295 156 2371 dunt;
175 2317 251 2359 nam
272 2299 365 2362 Deus
382 2317 448 2359 non
473 2305 584 2380 potest
606 2297 773 2360 declarare
792 2296 920 2377 justum
942 2315 1018 2357 eum
1034 2293 1091 2375 qui
1107 2312 1156 2354 re-

62 2417 133 2459 vera
149 2398 257 2480 justus
280 2422 348 2465 non
369 2411 427 2465 est.
473 2400 676 2481 Justificatio
697 2401 798 2480 igitur
820 2399 924 2461 aliive
944 2406 1087 2478 sumpta,
1105 2405 1157 2458 est

61 2503 195 2580 operatio
209 2504 278 2566 Dei
290 2503 355 2585 qud
370 2504 530 2566 harnr'nem
536 2505 671 2586 justum
687 2503 831 2565 declarat
840 2513 872 2565 et
878 2501 984 2582 facit,·
996 2499 1156 2581 justifica·

63 2602 104 2664 tio
119 2623 198 2667 vero
205 2608 338 2686 passive
352 2617 496 2688 sumpta,
512 2615 561 2669 est
578 2606 786 2670 translation
801 2613 890 2668 stata
899 2603 1023 2685 peccati
1036 2613 1174 2677 morta,

62 2703 99 2765 lis
115 2707 149 2767 in
163 2709 438 2790 statumjastr'tr'oe
450 2729 506 2771 seu
522 2711 664 2790 gratim·
692 2707 819 2788 duplex
837 2708 938 2787 igitur
953 2706 1156 2768 elementum

63 2808 298 2890 complectitur,
314 2831 416 2872 unum
443 2811 644 2892 negativum,
661 2830 704 2874 sc.
726 2809 917 2872 mortalium
942 2816 1156 2889 peccatorum

64 2912 297 2986 remissionem,
313 2913 454 2976 alterum
475 2914 664 2994 positivum,
681 2933 724 2975 sc.
740 2913 856 2993 gratia:
872 2909 1052 2973 habitualis
1072 2908 1157 2971 infu-

64 3011 192 3075 sionem.
242 3014 290 3078 Ut
311 3015 420 3096 logico
443 3017 663 3096 procedamus
685 3015 810 3090 ordine,
826 3023 971 3093 quatuor
993 3011 1157 3074 describe-

66 3133 142 3186 mus,
157 3117 379 3198 despositrhnes
393 3119 435 3180 ad
453 3118 728 3199 justificationem
753 3118 937 3197 requisitas,
953 3126 1108 3178 naturam
1124 3124 1159 3176 et

62 3220 265 3296 proprietates
287 3219 545 3300 justificationis
574 3222 711 3282 tandem
743 3219 882 3282 virtutes
912 3228 942 3280 at
971 3217 1055 3280 dona
1082 3236 1157 3295 quae

67 3316 149 3381 illam
164 3322 372 3383 comitantur.

100 3470 152 3525 1¹5
190 3455 362 3525 Antequam
376 3471 446 3511 vero
460 3453 577 3524 singula
590 3469 786 3525 exponamus,
800 3452 855 3509 abs
868 3469 899 3509 re
912 3467 972 3508 non
987 3449 1040 3507 erit
1060 3467 1094 3505 ea
1112 3465 1160 3506 ex·

68 3538 186 3597 scribere
199 3557 267 3611 quae
279 3540 318 3598 de
329 3540 549 3610 justificationis
561 3542 671 3596 natura
685 3551 713 3596 et
724 3537 1034 3595 carrsr'sTridentinum
1049 3534 1139 3591 habet
1153 3556 1159 3592 :

68 3625 83 3652 “
91 3625 175 3684 Hanc
188 3627 418 3698 dispositionem
429 3645 481 3686 seu
493 3627 738 3699 praeparationem
747 3625 920 3697 justificatio
934 3624 997 3694 ipsa
1005 3622 1161 3693 consequi·

100 3805 315 3875 mimarum,
331 3804 463 3862 Ledures
473 3824 510 3860 on
525 3807 572 3860 the
581 3805 709 3861 doc‘lrine
717 3807 749 3860 of
763 3805 960 3876 Justification,
973 3789 1036 3860 lect.
1050 3806 1163 3875 111-1V,

73 3889 189 3962 Primary
202 3909 293 3959 sense,
308 3893 472 3962 Secosdary
484 3909 583 3947 senses
596 3894 628 3947 ol
643 3894 691 3946 the
705 3903 776 3947 term
782 3891 981 3960 justificatian.

102 3979 181 4033 'Luc
196 3981 264 4042 Vll,
275 3993 306 4050 35
326 3998 332 4034 :
351 3982 367 4007 ‘⁴
379 3981 416 4034 Et
426 3980 582 4049 justificata
596 3990 639 4034 est
652 3980 792 4048 sapientia
805 3979 841 4034 ab
852 3978 983 4033 omnibus
995 3979 1059 4034 filiis
1071 3981 1128 4034 suis
1139 3983 1160 4035 '’.

102 4061 182 4120 ’Lae
198 4068 233 4130 X,
247 4083 281 4136 ²9
298 4086 304 4122 :
324 4067 341 4095 ⁴‘
353 4067 404 4121 Ille
417 4077 512 4122 autem
521 4068 618 4120 uolens
629 4067 782 4136 justificare
796 4066 920 4135 seipsum
929 4068 943 4092 '¹

105 4152 202 4207 ⁴Mett.
216 4155 287 4216 x11,
302 4167 336 4221 37
353 4172 359 4206 :
379 4154 450 4208 “Ex
462 4153 556 4208 verbis
569 4154 646 4208 enim
660 4154 715 4206 tuis
725 4153 924 4221 justificaberis
935 4151 950 4180 '’

104 4238 200 4306 ialpac.
216 4241 313 4306 XXII,
330 4256 357 4295 11
377 4259 383 4294 :
403 4241 419 4268 “
430 4241 484 4310 Qui
493 4243 584 4310 justus
599 4251 651 4302 est,
663 4241 830 4310 justificetur
842 4241 957 4294 adhuc”
