2780 4646
236 591 304 662 DE
332 591 562 663 NATURA
590 593 660 662 ET
687 589 1011 662 EXISTENTIA

368 701 878 773 SACRAMENTORUM.

161 910 1080 979 xemenmmmrzxtzxrz

218 1221 302 1298 Art.
333 1221 364 1299 1.
394 1221 457 1298 De
484 1237 826 1298 sacramentorum
859 1219 997 1294 nature
1010 1247 1032 1294 1.

111 1401 164 1464 Ut
183 1409 463 1464 sacramentorum
482 1409 598 1463 natura
615 1401 732 1463 melius
754 1401 948 1476 innotescat,
964 1417 1077 1462 eorum
1095 1398 1173 1482 defi-

62 1506 235 1582 nitionem,
251 1505 364 1586 species
379 1515 412 1567 et
427 1505 679 1568 convenientiam
695 1504 945 1586 explicabimus¹

502 1657 531 1712 1.
554 1655 746 1714 Definitio.

107 1799 140 1862 4.
195 1797 228 1846 1⁰
247 1783 364 1861 Quoad
384 1805 502 1847 nornen,
548 1784 628 1846 Vox
652 1793 896 1848 sacramentum
922 1782 958 1868 (a
976 1807 1065 1848 sacro
1087 1786 1172 1848 deri·

64 1886 179 1974 vata),
194 1888 320 1969 aliquid
342 1908 470 1950 sacrum
491 1887 652 1967 designat.
698 1887 758 1968 (A)
774 1888 880 1968 Apud
885 1889 1045 1969 prcffanos
1066 1891 1170 1951 aretio·

66 2013 125 2067 res,
143 1990 312 2074 significat
332 1991 383 2053 vel
397 1989 577 2070 pecuniam,
595 2011 615 2051 a
639 1989 846 2070 litigantibus
869 1993 957 2072 apud
980 1991 1170 2073 pontificem

65 2097 274 2177 depositam,
298 2099 336 2156 ea
360 2094 491 2174 legent
515 2094 569 2174 qui
593 2093 726 2156 vicisset
752 2114 846 2156 suam
872 2097 1043 2177 reciperet,
1066 2094 1171 2159 vietus

67 2211 182 2263 autem
208 2218 303 2261 suam
329 2199 535 2279 relinqueret,
557 2208 593 2258 ut
620 2198 651 2258 in
678 2217 789 2259 sacros
817 2217 894 2260 usus
919 2199 1172 2279 impenderetur,

66 2303 117 2365 vel
125 2305 359 2384 juramentum
383 2321 402 2362 a
424 2299 584 2362 militibus
601 2319 713 2362 coram
730 2300 871 2364 tribunis
887 2302 1094 2383 praestitum
1120 2302 1170 2364 vel

67 2406 247 2487 quodlibet
261 2405 489 2485 juramentum
515 2403 547 2464 ln
575 2422 704 2483 genere,
728 2403 805 2484 quia
830 2403 1072 2487 juramentum,
1098 2406 1172 2468 Deo

67 2506 211 2581 ladtum',
239 2517 289 2570 est
317 2505 440 2588 aliquid
469 2525 607 2566 sacrum.
659 2501 726 2589 (B)
758 2506 862 2586 Apud
885 2526 992 2568 sacros
1020 2507 1171 2584 nudiores,

66 2618 317 2674 sacramentum
344 2606 467 2693 (graece
490 2608 651 2690 μυστήριον
662 2605 692 2692 ²)
718 2609 780 2670 tria
800 2610 982 2690 praesertim
998 2609 1172 2692 designat:

66 2717 118 2797 (a)
136 2735 206 2777 rem
222 2715 382 2787 occultam,
397 2733 454 2775 seu
470 2719 630 2774 secretam
646 2736 653 2773 :
676 2713 959 2776 “Sacramentum
976 2713 1009 2794 (i.
1026 2735 1052 2776 e.
1068 2735 1171 2778 secre-

66 2820 157 2900 tum)
174 2819 261 2899 regis
276 2816 478 2878 abscondere
494 2813 618 2877 bonum
632 2825 682 2877 est
692 2816 708 2841 '¹
720 2829 742 2878 3,
780 2816 832 2897 (b)
846 2817 998 2898 Signrnn,
1015 2837 1071 2880 seu
1087 2839 1171 2896 syrn-

67 2925 176 2987 bolnrn
203 2923 252 2985 νεῖ
270 2941 390 2984 sacrn:
412 2920 515 3000 “Ego
541 2919 648 2982 dicam
674 2921 733 2983 tibi
756 2931 1000 2984 sacramentum
1026 2921 1171 2985 mulieris

67 3039 100 3091 et
117 3025 308 3090 bestiae'’4:
331 3044 398 3105 quo
419 3042 516 3086 sensu
540 3023 746 3086 caeremoniae
768 3025 875 3086 cultus
899 3025 1028 3086 externi
1045 3026 1169 3107 passim

67 3153 86 3194 a
108 3131 264 3195 Patribus
287 3137 494 3190 sacramenta
513 3125 674 3189 dicuntur.
724 3127 770 3206 (c)
793 3125 937 3208 Signum
959 3129 1009 3190 rn'
1024 3149 1124 3192 sacro
1138 3139 1172 3190 et

66 3233 173 3298 simul
183 3231 436 3314 sanilificann's,·
462 3251 529 3312 quo
552 3231 671 3293 ultimo
693 3249 791 3292 sensu
808 3251 876 3292 vox
894 3231 948 3292 illa
965 3230 996 3293 in
1014 3233 1169 3314 praesenti

67 3336 212 3402 trattatu
229 3323 412 3398 adhibeturss

111 3459 143 3526 5.
191 3452 227 3503 2⁰
240 3437 358 3517 Quoad
366 3459 442 3512 rem,
454 3446 698 3500 sacramentum
714 3437 744 3498 in
758 3457 886 3517 genere,
901 3448 998 3519 prout
1011 3439 1052 3500 de
1065 3459 1171 3502 sacra-

69 3545 193 3609 mentis
208 3543 378 3623 utriusque
402 3541 501 3622 Legis
524 3541 732 3622 praedicatur,
748 3539 922 3602 definitur:
944 3539 1086 3618 Signum
1102 3561 1171 3602 sen-

103 3735 111 3766 ¹
126 3740 183 3795 Cir.
200 3740 231 3792 S.
252 3739 278 3790 T
274 3738 301 3792 n.
318 3755 334 3806 3
347 3755 374 3806 p.
391 3755 417 3806 q.
431 3737 481 3801 60;
496 3735 613 3798 Suana,
628 3736 665 3789 de
679 3737 879 3802 Sacramentis,
894 3735 965 3804 disp.
984 3736 1012 3800 l;
1030 3735 1171 3790 obliniant.

67 3829 103 3884 de
118 3829 295 3882 sacrament.
311 3823 383 3892 disp.
403 3825 430 3888 l;
450 3823 571 3889 Drouin,
589 3839 614 3891 q.
633 3837 654 3888 r,
668 3840 691 3875 c.
712 3840 740 3888 r;
759 3824 792 3876 de
804 3823 986 3891 Angnsn'rnln
1000 3839 1025 3890 p.
1044 3837 1066 3885 r,
1081 3839 1105 3876 a.
1124 3841 1146 3876 1.

101 3910 112 3942 ²
127 3915 200 3967 Haec
213 3929 275 3976 vox,
288 3911 317 3964 in
332 3911 368 3966 N.
386 3912 475 3977 Test,
489 3907 628 3978 significat
642 3908 770 3978 quamvis
786 3925 844 3963 rem
862 3920 890 3964 et
907 3907 1066 3964 doctrinam
1081 3911 1172 3964 occul·

66 4015 125 4056 ram
143 4011 172 4055 et
191 3997 353 4052 hominibus
372 3997 508 4066 ignotam,
523 4011 607 4048 omne
627 3995 703 4063 quod
721 4006 764 4050 est
784 4011 888 4050 novum
901 4007 929 4049 et
943 3995 1109 4062 inauditum,
1123 4005 1172 4050 aut

68 4089 107 4142 ita
130 4085 301 4158 profundum
326 4093 354 4138 et
378 4082 497 4138 sublime
519 4091 548 4134 ut
574 4080 656 4136 facile
682 4081 798 4150 intelligi
825 4093 954 4152 nequeat.
983 4081 1171 4152 (Schleusner,

71 4172 215 4240 Lexicon.)

104 4260 195 4314 sTobr
208 4260 277 4327 Xll,
291 4271 315 4325 7.
331 4289 366 4298 —
379 4257 389 4286 ⁴
401 4258 489 4328 Apoc.
505 4257 602 4322 XVII,
620 4271 641 4326 7.
