2686 4950
121 163 185 214 468
490 160 547 210 DE
565 159 853 210 mmmmm.

118 340 321 397 confitendam
334 356 408 404 esse,
424 356 533 411 nempe
546 356 685 411 peccasse
698 339 728 396 in
742 339 868 397 tratrem.
908 336 970 396 Sed
983 347 1013 395 et
1028 335 1156 410 impium
1168 345 1213 399 est,

119 426 337 484 consessionem
351 443 418 498 quae
431 425 487 482 hac
500 426 613 484 ratione
628 425 689 484 tieri
704 425 881 498 praecipitur,
893 422 1113 497 impossibilem
1127 422 1216 481 dicere

118 525 169 570 aut
193 513 393 570 carnificinam
418 513 496 569 illam
520 513 769 570 conscientiarum
791 512 965 585 appellare:
990 521 1112 569 constat
1133 510 1210 577 eninr,

120 601 191 656 nihil
209 599 291 657 aliud
312 601 340 655 in
362 600 496 658 Ecclesiai
514 618 532 656 a
551 600 765 672 poenitentibus
784 599 870 671 exigi,
890 615 983 671 quam
1002 609 1046 664 ut,
1064 606 1211 670 postquam

118 686 245 758 quisque
255 686 426 757 diligentius
439 704 471 744 se
484 687 651 752 excusserit,
665 697 694 744 et
703 686 895 744 conscientiae
907 702 969 743 suae
981 685 1065 742 sinus
1076 700 1176 742 omnes
1186 693 1209 740 et

118 772 243 831 latebras
263 774 464 846 exploraverit,
482 791 516 831 ea
537 785 658 846 peccata
677 773 862 839 confiteatur,
877 770 988 844 quibus
1004 789 1036 829 se
1057 770 1208 828 Dominum

116 872 146 918 et
161 861 258 917 Deum
272 879 359 917 suum
373 860 533 918 mortaliter
546 859 705 917 offendisse
718 859 897 930 meminerit;
913 857 1028 931 reliqua
1040 868 1139 916 autem
1152 874 1207 930 pec·

117 957 193 1017 cata,
205 966 273 1019 quae
288 948 444 1018 diligenter
461 946 601 1018 cogitanti
622 965 682 1004 non
702 957 869 1016 occurrunt,
884 946 915 1002 in
931 946 1102 1003 universum
1115 945 1205 1003 eadem

117 1036 306 1093 consessione
326 1036 440 1092 inclusa
462 1053 526 1093 esse
547 1034 773 1104 intelliguntur:
799 1051 853 1105 pro
875 1032 985 1105 quibus
1005 1032 1131 1092 fideliter
1148 1048 1205 1088 cum

120 1122 268 1194 Propheta
281 1122 424 1179 dicitnus¹
437 1143 442 1178 :
458 1121 530 1178 “Ab
540 1121 664 1178 occultis
674 1121 746 1177 meis
757 1119 868 1177 tuunda
878 1137 934 1188 me,
946 1119 1080 1179 Domine
1087 1120 1112 1177 ²¹.
1148 1119 1205 1190 Ipsa

118 1226 187 1266 vero
201 1209 371 1279 hujusmodi
385 1207 589 1267 consessionis
603 1207 768 1277 difficultas,
783 1224 818 1263 ac
831 1217 954 1279 peccata
966 1205 1127 1278 detegendi
1138 1221 1205 1264 vere·

118 1296 237 1362 cundia,
249 1297 344 1366 gravis
357 1295 479 1366 quidem
494 1294 584 1351 videri
600 1305 708 1364 posset,
722 1293 776 1350 nisi
791 1303 834 1351 tot
846 1293 998 1366 tantisque
1010 1292 1172 1373 commodis
1182 1301 1206 1349 et

119 1382 372 1439 consolationibus
382 1384 535 1447 levaretur,
546 1399 614 1452 quae
624 1380 764 1439 omnibus
776 1380 867 1452 digne
879 1380 917 1438 ad
930 1380 990 1438 hoc
1003 1391 1205 1439 sacramentum

117 1469 338 1534 accedentibus,
354 1487 406 1540 per
418 1468 638 1526 absolutionem
651 1467 812 1525 certissime
825 1468 1025 1525 conseruntur.

130 1629 132 1633 ,
154 1555 305 1621 Ceterum,
318 1555 418 1625 quoad
438 1555 562 1612 modum
576 1553 736 1611 confitendi
750 1563 863 1611 secreto
874 1553 957 1626 apud
968 1554 1067 1611 solum
1081 1553 1207 1612 Sacerdo-

119 1652 188 1709 tem,
201 1642 254 1698 etsi
273 1642 408 1700 Christus
428 1660 488 1699 non
508 1643 641 1709 vetuerit,
657 1641 729 1712 quin
746 1640 853 1713 aliquis
872 1641 901 1697 in
919 1640 1083 1699 vindictam
1101 1659 1209 1699 suomnt

118 1728 263 1785 scelerum
277 1739 306 1785 et
320 1727 364 1784 sui
378 1727 613 1797 humilationem,
627 1738 691 1784 tum
709 1727 750 1784 ob
768 1726 893 1784 aliorum
906 1727 1088 1800 exemplum,
1103 1739 1164 1786 tunt
1177 1727 1211 1784 ob

120 1814 262 1873 Ecclesiae
275 1816 395 1874 offensae
408 1815 647 1881 aedificationem,
660 1814 768 1873 delicta
778 1832 831 1872 sua
841 1814 961 1886 publice
969 1816 1105 1873 confiteri
1119 1816 1214 1889 possit;

119 1921 180 1960 non
194 1914 238 1960 est
252 1913 350 1960 tamen
369 1902 426 1960 hoc
444 1903 546 1960 divino
563 1912 712 1972 praecepto
731 1899 915 1970 mandatum,
928 1918 984 1960 nec
1000 1902 1072 1960 satis
1088 1903 1216 1961 consulte

119 1991 249 2049 humana
261 1992 360 2064 aliqua
373 1991 438 2062 lege
451 1990 665 2061 praeciperetur,
683 2001 715 2046 ut
731 1989 840 2046 delicta
859 1990 1019 2061 praesertim
1033 2004 1157 2059 secreta,
1171 2010 1218 2064 pu·

120 2078 198 2136 blica
211 2090 308 2137 essent
321 2079 508 2136 consessione
520 2076 688 2148 aperienda.

156 2167 247 2225 Unde
260 2186 329 2224 cum
349 2184 366 2222 a
384 2165 576 2222 sanctissimis
593 2175 622 2221 et
639 2164 851 2235 antiquissimis
865 2165 1009 2234 Patribus
1022 2183 1135 2238 magno
1154 2187 1223 2226 una·

119 2253 252 2324 nimique
274 2270 421 2309 consensu
443 2262 556 2307 secreta
577 2251 724 2307 confessio
746 2251 975 2317 sacramentalis,
996 2253 1056 2322 qua
1075 2253 1117 2310 ab
1140 2254 1225 2312 initio

120 2336 254 2397 Ecclesia
271 2339 372 2395 sancta
392 2356 444 2394 usa
464 2348 516 2407 est,
532 2349 559 2394 et
574 2337 666 2394 modo
684 2337 772 2393 etiam
793 2337 892 2402 utitur,
908 2338 994 2395 suerit
1009 2356 1130 2411 semper
1144 2358 1226 2399 cont—

120 2429 275 2493 rncndata;
300 2426 453 2482 inanileste
472 2425 611 2482 refellitur
631 2425 726 2481 inanis
748 2442 851 2482 eorum
870 2424 1027 2494 calumnia,
1050 2427 1101 2495 qui
1122 2445 1191 2484 eam
1211 2448 1228 2484 a

118 2514 221 2570 divino
235 2513 376 2569 mandato
389 2513 525 2580 alienam,
542 2521 571 2569 et
589 2512 741 2569 inventum
760 2512 925 2568 humanum
943 2528 1016 2576 esse,
1031 2521 1125 2582 atque
1141 2532 1159 2571 a
1173 2515 1226 2572 Pa·

119 2599 211 2656 tribus
225 2600 254 2655 in
268 2599 405 2656 Concilio
420 2599 610 2655 Lateranensi
623 2599 809 2668 congregatis
822 2597 937 2654 initium
951 2597 1100 2663 habuisse,
1116 2599 1230 2660 docere

119 2704 181 2742 non
199 2695 340 2742 verentur.
383 2685 490 2755 Neque
510 2685 589 2741 enim
610 2703 662 2755 per
683 2684 880 2741 lateranense
899 2683 1068 2742 Concilium
1088 2685 1230 2745 Ecclesia

119 2774 229 2838 statuit,
249 2784 279 2830 ut
298 2771 408 2830 Christi
426 2772 529 2829 fideles
549 2772 766 2839 confiterentur,
788 2769 869 2841 quod
884 2771 949 2842 jure
967 2770 1070 2828 divino
1089 2789 1229 2831 necessa·

120 2862 194 2917 riunt
215 2872 244 2918 et
264 2860 429 2916 institutum
448 2875 512 2915 esse
529 2858 728 2927 intellexerat,
748 2857 800 2914 sed
816 2868 848 2913 ut
866 2868 1047 2928 praeceptum
1063 2859 1229 2917 consessio-

120 2951 174 3016 niS,
188 2950 291 3006 saltem
310 2947 400 3004 semel
420 2948 447 3002 in
468 2964 555 3015 anno,
576 2945 614 3001 ab
632 2944 772 3001 omnibus
789 2953 818 3001 et
837 2943 968 3014 singulis,
984 2961 1055 3000 cum
1071 2944 1111 3002 ad
1131 2964 1230 3006 annos

119 3035 306 3092 discretionis
326 3034 537 3104 pervenissent,
553 3032 743 3104 impleretur3
763 3031 843 3088 unde
855 3031 915 3102 jam
930 3031 959 3087 in
973 3032 1109 3090 universa
1124 3034 1229 3094 Eccle-

119 3122 243 3177 siacum
258 3121 368 3189 ingenti
383 3119 548 3175 animarum
563 3117 695 3175 fidelium
709 3117 806 3175 fructu
820 3117 991 3175 observatur
1008 3135 1074 3176 mos
1087 3118 1138 3178 ille
1151 3122 1228 3180 salu·

121 3208 188 3264 tatis
205 3206 366 3264 confitendi
384 3225 467 3264 sacro
485 3206 536 3263 illo
555 3216 583 3263 et
602 3206 728 3263 maxime
747 3204 923 3277 acceptabili
941 3214 1076 3278 tempore
1090 3207 1228 3280 Quadra·

120 3296 262 3370 gesimae:
291 3310 380 3363 quem
404 3311 516 3350 morem
540 3293 603 3351 baec
626 3291 729 3350 sancta
751 3293 888 3365 Synodus
914 3294 1041 3352 maxime
1066 3295 1175 3367 probat
1197 3310 1227 3356 et

119 3383 317 3455 amplectitur,
331 3394 471 3452 tanquam
487 3382 568 3452 pium
583 3392 611 3438 et
626 3381 730 3438 merito
744 3380 942 3439 retinendum.

250 3517 356 3577 CAP.
381 3517 416 3576 6.
442 3517 496 3574 De
520 3517 699 3575 ministro
721 3517 841 3588 hujus
865 3521 1100 3578 sacramenti

511 3618 550 3670 et
572 3612 825 3672 absolutione.

154 3740 241 3798 Circa
260 3739 426 3795 ministrum
446 3748 545 3794 autem
563 3736 652 3807 hujus
671 3736 855 3806 sacramenti,
868 3737 999 3796 declarat
1015 3740 1121 3800 sancta
1134 3743 1226 3815 Syno-

118 3825 183 3893 dus,
204 3826 288 3882 falsas
311 3843 375 3883 esse
394 3835 422 3882 et
444 3843 461 3881 a
482 3824 603 3882 veritate
624 3824 777 3895 Evangelii
801 3823 920 3894 penitus
939 3825 1051 3884 alienas
1071 3828 1226 3888 doctrinas

118 3928 311 3982 omnesquae
328 3912 366 3968 ad
385 3912 458 3969 alios
478 3912 598 3982 quosvis
618 3910 754 3969 homines
774 3921 879 3983 praeter
897 3912 1067 3986 Episcopus
1082 3927 1114 3975 et
1127 3917 1227 3976 Sacer-

117 3998 211 4067 doteS,
228 3996 355 4053 clavium
374 3998 569 4055 ministerium
589 3997 755 4070 perniciose
775 3998 938 4055 extendunt
948 4018 956 4070 ;
976 4011 1118 4071 putantes
1137 4005 1228 4064 verba

118 4083 166 4139 illa
182 4083 340 4139 Domini²:
362 4084 599 4156 “Quaecumque
618 4085 806 4155 alligaveritis
823 4098 1043 4159 superterram,
1061 4104 1150 4150 erunt
1167 4093 1229 4150 alli·

153 4275 160 4296 ¹
175 4271 220 4323 Ps.
238 4270 352 4332 XVIII,
372 4286 380 4323 r
385 4286 410 4340 3.
429 4273 582 4325 -21llatt,
596 4273 710 4338 XVlll,
726 4273 772 4337 183
784 4273 850 4341 soa.
865 4273 929 4340 XX,
943 4286 986 4342 23.
