2794 4662
408 206 463 256 DE
482 206 775 258 Marnmolvlo.
1078 205 1138 258 051

34 393 244 461 mutuatum,
272 406 373 469 quum
404 387 477 452 haec
503 389 634 452 nonnisi
667 408 717 451 an.
747 401 806 468 355
837 388 924 451 idem
957 387 1109 452 statuerit
1121 399 1139 450 ¹.

34 483 96 572 (c)
117 487 276 570 Synodus
300 490 548 555 Matisconcnsis
566 489 678 577 (505),
693 512 764 554 can.
785 493 832 566 16,
847 491 1028 554 declaravit
1052 491 1141 554 irrita

32 611 113 652 esse
132 593 344 657 matrimonia
359 615 379 656 a
394 595 501 658 viduis
518 596 709 658 clericorum
722 593 914 660 contrat'ta:
937 600 1049 658 “uxor
1065 595 1140 658 sub-

32 693 186 771 diaconi,
202 697 376 760 exorcistae
393 698 443 760 vel
460 699 615 780 acolythi,
632 708 763 763 mortuo
780 698 845 774 illo,
862 701 1006 762 secundo
1022 719 1058 762 se
1074 719 1140 762 non

34 798 167 860 audeat
184 799 307 862 sociare
325 801 537 863 matrimonio
547 802 585 878 '';
609 802 699 883 quod
723 801 755 863 in
781 801 871 864 nulla
886 801 973 868 civili
997 802 1070 884 lege
1094 823 1141 865 re·

35 901 178 982 peritur.
223 902 275 984 (d)
292 903 444 966 Tandem
462 905 494 967 in
518 904 705 968 Tridentino
721 903 879 970 Oratores
897 906 1000 987 Regis
1018 905 1141 970 Gallia-

35 1023 116 1066 rum
135 1005 298 1086 petienmt
314 1015 351 1068 ut
368 1007 578 1069 matrimonia
593 1006 810 1084 clandestina,
826 1018 860 1072 et
881 1009 1048 1086 connubia
1070 1009 1141 1072 sine

35 1117 222 1188 parentum
245 1128 406 1172 consensu
431 1107 609 1186 contradta,
633 1110 723 1174 irrita
745 1110 1016 1175 declararentur:
1050 1113 1140 1194 prius

36 1209 104 1272 suit
132 1229 335 1286 concessum,
356 1213 519 1292 posterius
543 1221 655 1276 autem
681 1223 839 1294 negatum
853 1237 862 1292 ;
894 1215 983 1294 quod
1007 1214 1141 1295 quidem

36 1313 231 1376 luculenter
246 1316 364 1396 probat
379 1313 610 1380 auctoritatem
629 1315 788 1380 Ecclesiae
812 1317 844 1380 in
868 1317 1062 1380 condiendis
1082 1319 1141 1380 im-

37 1417 247 1497 pedimentis
263 1417 362 1479 fuisse
380 1417 510 1498 penitus
527 1416 685 1496 agnitam,
702 1416 884 1498 etquidem
902 1437 921 1478 a
934 1415 1007 1497 jure
1024 1418 1142 1499 princi·

38 1541 125 1601 pum
153 1520 441 1601 independentem.
487 1517 586 1602 Quod
615 1529 848 1600 argumentum
871 1520 918 1582 sic
946 1519 1087 1583 breviter
1110 1530 1143 1584 et

39 1642 186 1685 nervose
202 1622 367 1686 contrahit
383 1623 448 1686 Leo
463 1621 564 1684 XIII
574 1622 781 1700 (Arcanum)
799 1647 810 1686 :
837 1629 852 1654 “
864 1622 949 1705 Quae
965 1622 1144 1705 (Ecclesia)

39 1735 250 1806 potestatem
275 1727 307 1789 in
331 1726 487 1807 conjugia
503 1725 776 1801 Christianorum,
792 1727 882 1788 omni
902 1745 977 1788 cum
995 1735 1144 1809 tempore

40 1838 117 1890 turn
137 1827 220 1902 loco,
229 1829 386 1904 exercuit,
397 1840 498 1911 atque
511 1829 557 1890 ita
569 1829 773 1903 exercuit,ut
790 1828 879 1892 illam
891 1831 1061 1910 propriam
1074 1832 1144 1911 ejus

40 1950 118 1992 esse
131 1939 316 2012 appareret,
327 1951 387 1993 nec
404 1931 576 1994 hominum
590 1949 748 1995 concessu
762 1933 1015 2013 quaesitam,sed
1032 1930 1144 1996 aucto-

40 2034 86 2095 ris
105 2033 159 2095 sui
176 2032 347 2098 voluntate
363 2035 521 2098 divinitus
537 2035 694 2116 adeptam
770 2036 881 2098 Nemo
898 2036 1027 2117 ignorat
1043 2057 1143 2119 quam

41 2137 155 2200 multa
177 2138 220 2199 de
243 2138 488 2219 impedimentis
512 2138 687 2224 ligaminis,
703 2140 778 2214 voti,
800 2140 1005 2221 disparitatis
1028 2141 1145 2216 cultus,

41 2240 357 2320 consanguinitatis,
381 2241 535 2317 criminis,
561 2241 700 2322 publicae
727 2241 913 2307 honestatis
940 2244 973 2306 in
997 2244 1145 2307 conciliis

44 2343 265 2420 Illiberitano,
277 2344 475 2420 Arelatensi,
493 2344 763 2421 chalcedonensi,
776 2345 971 2408 Milevitano
989 2347 1004 2409 Ι
1010 2347 1044 2409 1²
1060 2348 1145 2410 aliis-

43 2467 122 2528 que,
154 2445 274 2510 Iuerint
305 2448 348 2510 ab
379 2448 536 2510 Ecclesiae
574 2449 768 2528 praesulibus
798 2451 990 2525 constituta,
1021 2471 1096 2532 quae
1126 2472 1146 2513 a

43 2550 191 2612 decretis
219 2549 291 2631 jure
323 2551 535 2633 imperatorio
566 2552 700 2614 sancitis
733 2551 831 2632 longe
861 2573 951 2635 saepe
976 2553 1146 2618 distarent.
1190 2621 1195 2626 ,

44 2653 142 2735 Quin
166 2661 296 2716 tantum
320 2653 434 2728 abfuit,
451 2664 486 2716 ut
509 2655 567 2717 viri
591 2654 756 2737 principes
780 2654 842 2717 sibi
866 2656 1087 2720 adsciscerent
1111 2657 1144 2720 in

44 2754 264 2818 matrimonia
286 2756 464 2819 christiana
487 2766 697 2839 potestatem,
722 2769 757 2820 ut
781 2759 892 2839 potius
917 2779 999 2834 eam,
1022 2771 1147 2842 quanta

44 2867 109 2933 est,
125 2878 227 2940 penes
245 2858 427 2922 Ecclesiam
445 2881 516 2922 esse
532 2871 750 2942 agnoscerent
772 2872 805 2925 et
820 2861 1034 2924 declararent.
1082 2863 1147 2924 Re-

44 2981 128 3023 vera
147 2961 324 3038 Honorius‚
337 2961 546 3026 Theodosius
558 2962 678 3044 junior,
690 2963 898 3044 Justinianus
918 2961 1048 3049 (Noorl.
1069 2963 1145 3050 137)

46 3063 147 3127 sateri
171 3084 236 3125 non
254 3064 454 3142 dubitarunt,
471 3067 503 3127 in
528 3067 566 3128 iis
591 3065 697 3141 rebus,
713 3086 788 3147 qua⁵
812 3066 945 3150 nuptias
968 3068 1148 3150 attingunt,

46 3187 117 3229 non
150 3167 292 3248 amplius
319 3188 419 3249 quam
447 3169 640 3231 custodibus
667 3178 700 3231 et
727 3168 954 3232 defensoribus
981 3191 1146 3233 sacrorum

46 3290 217 3334 canonum
234 3271 294 3333 sibi
313 3272 416 3335 licere.
463 3273 508 3336 Et
524 3272 566 3334 de
583 3272 822 3336 connubiorum
848 3273 1104 3354 impedimentis,
1120 3276 1147 3336 si

46 3371 132 3454 quid
156 3391 215 3452 per
237 3369 346 3434 edicta
373 3384 564 3448 sanxerunt,
588 3394 721 3437 causam
748 3377 932 3438 docuerunt
955 3396 1020 3438 non
1046 3377 1148 3453 inviti,

47 3475 218 3550 nimirum,
241 3476 274 3538 id
302 3477 363 3539 sibi
391 3478 571 3560 sumpsisse
599 3500 643 3540 ex
672 3478 829 3541 Ecclesiae
857 3481 1019 3561 permissu
1048 3491 1148 3562 atque

47 3577 283 3643 audtoritate”.

92 3707 143 3777 35
191 3693 257 3781 (B)
282 3697 359 3758 Καὶ.
393 3696 493 3758 Tlreol.
542 3698 793 3760 Matrimonium
826 3700 911 3761 inter
942 3697 1148 3762 Christianos

48 3800 253 3864 celebratum
278 3811 328 3863 est
350 3813 604 3874 sacramentum,
620 3810 662 3876 et,
676 3819 721 3863 ex
744 3798 850 3876 ditiis,
866 3800 1055 3864 contraitus
1080 3813 1147 3864 tam

49 3903 140 3967 art'te
157 3925 232 3968 curn
249 3913 456 3966 sacramento
472 3902 689 3980 connestitur,
706 3914 741 3966 ut
763 3924 848 3967 unus
870 3905 940 3966 sine
957 3903 1062 3967 altero
1078 3907 1147 3968 exi·

49 4018 137 4070 stere
150 4015 304 4087 nequeat;
328 4007 419 4087 atqui
436 4017 679 4068 sacramentum
694 4016 744 4068 est
760 4007 840 4086 quid
857 4007 995 4069 omnino
1008 4028 1148 4083 sacrum,

85 4113 496 4119 —---.—-———————
576 4109 761 4117 ----—--.-
1026 4112 1150 4120 ὴ.-

57 4112 93 4175 ϊ
109 4153 172 4206 Cod.
191 4153 218 4204 T
214 4152 288 4205 head.
303 4152 319 4205 l.
338 4152 393 4214 111,
409 4152 449 4205 tit.
470 4167 509 4214 12,
521 4152 591 4203 Etsi
601 4152 720 4204 licitum.

84 4239 282 4308 'D'Agrrr'rre,
306 4240 392 4292 Conc.
417 4239 499 4306 Hisp.
523 4239 619 4305 toml,
642 4255 703 4291 can.
729 4251 769 4304 13,
795 4249 892 4305 15-173
912 4239 1059 4292 Harduin.
1083 4237 1145 4293 Aet.

52 4327 159 4382 Concil.
174 4337 239 4380 tom.
256 4327 279 4388 1,
292 4343 351 4378 can.
368 4340 406 4390 ιι,
423 4331 508 4390 iti-17.
