2794 4662
213 186 278 238 aaa
581 187 636 237 ma
655 161 945 239 mnrnruonro.

255 367 303 443 69.
353 364 540 431 Corollaria.
586 369 645 450 (A)
658 368 833 432 Vinculum
847 368 1021 452 conjugale
1037 389 1105 431 non
1119 367 1263 430 'solvitur
1275 387 1313 428 eo

215 471 350 532 instanti
367 490 433 552 quo
449 491 531 534 unus
548 472 726 554 conjugum
743 474 785 535 ad
802 470 902 536 fidem
919 473 1122 535 convertitur
1136 471 1188 534 vel
1206 471 1314 552 bapti·

215 581 328 649 zatur;
351 592 438 648 nam,
454 584 490 637 ut
509 575 555 637 ait
572 575 730 640 innocent.
746 576 808 638 III
820 576 853 658 (l.
869 577 938 654 cit),
959 582 1044 658 “per
1064 584 1314 638 sacramentum

217 667 378 758 Baptismi
395 697 460 740 non
475 678 647 743 solvuntur
659 680 823 762 conjugia,
833 679 890 742 sed
908 680 1047 742 crimina
1059 677 1316 747 dimittuntur”;

216 791 294 843 tunc
311 788 441 843 tantum
455 781 601 858 solvitur,
611 803 687 846 cum
700 783 825 865 conjux
838 802 1024 858 conversus,
1036 793 1198 845 renuente
1210 781 1317 843 altero

217 881 351 964 pacifice
363 883 560 960 cohabitare,
573 905 696 949 novum
713 886 807 949 inivit
823 885 1082 949 matrimonium.
1133 885 1209 946 Hoc
1226 885 1314 944 enim

216 997 329 1070 aperte
345 989 503 1070 supponit
517 988 677 1052 Innocent.
694 987 756 1051 III
768 989 800 1070 (l.
819 989 887 1070 cit.)
906 1010 913 1051 :
937 995 953 1018 “
964 987 1054 1070 quod
1071 987 1098 1049 si
1115 1006 1315 1050 conversum

217 1092 259 1154 ad
277 1089 376 1154 fidem
392 1101 425 1154 et
442 1091 497 1155 illa
512 1112 670 1155 conversa
685 1103 843 1173 sequatur
858 1091 961 1172 (uxor
975 1090 1043 1153 scil.
1060 1110 1136 1171 quae
1158 1091 1250 1172 prius
1267 1109 1316 1150 re·

218 1203 334 1257 nuerat
346 1195 558 1278 cohabitare),
567 1204 747 1277 antequam
760 1203 895 1276 propter
906 1213 1022 1257 causas
1038 1191 1218 1275 praedidtas
1235 1192 1313 1273 legi-

220 1299 334 1361 timam
352 1298 406 1362 ille
422 1299 522 1363 ducat
538 1319 689 1374 uxorem,
705 1318 778 1360 eam
795 1298 940 1379 recipere
955 1297 1174 1378 compelletur
1184 1293 1200 1324 '³
1216 1318 1223 1369 ;
1248 1316 1316 1358 ma·

220 1411 277 1464 net
293 1401 392 1483 igitur
408 1403 498 1484 prius
514 1402 682 1465 vinculum
699 1403 807 1464 donec
824 1420 943 1464 novum
966 1400 1075 1464 soedus
1091 1401 1315 1464 contrabatur.

221 1505 361 1570 Constat
377 1506 478 1568 etiam
495 1525 538 1567 ex
555 1505 724 1568 decisione
742 1505 777 1568 S.
797 1504 829 1569 C.
848 1503 936 1569 Conc.
959 1505 1040 1568 1680
1054 1514 1089 1567 et
1109 1509 1199 1581 1726,
1216 1523 1315 1585 quam

221 1608 318 1672 refert
342 1618 375 1672 et
398 1609 561 1691 approbat
576 1608 768 1672 Benediiius
782 1607 884 1684 XIV,
906 1608 925 1671 l.
940 1609 993 1670 cit.
1040 1607 1142 1670 Ratio
1165 1616 1217 1668 est
1241 1605 1316 1686 quia

222 1712 428 1795 privilegium
441 1722 491 1777 est
508 1714 540 1775 in
556 1714 697 1794 gratiam
715 1713 817 1776 solius
828 1711 986 1788 conversi,
996 1731 1038 1774 nc
1050 1710 1171 1774 caelebs
1184 1729 1317 1772 manere

222 1823 385 1897 cogatur:
413 1816 494 1878 satis
509 1825 560 1879 est
582 1817 681 1898 igitur
697 1825 734 1878 ut
755 1818 844 1898 prius
859 1815 1026 1878 vinculum
1044 1814 1193 1878 solvatur
1208 1834 1249 1876 eo
1271 1814 1316 1874 in·
1384 1815 1385 1818 ’

222 1920 324 1983 stanti
341 1939 408 2000 quo
423 1939 547 1982 novum
564 1919 762 1982 efformatur.
810 1920 932 1984 Statim
948 1939 1025 1982 vero
1046 1939 1084 1981 ac
1106 1939 1182 1999 pars
1203 1915 1316 1979 catho

224 2024 286 2087 lica
310 2025 559 2087 matrimonium
585 2025 686 2101 inivit,
709 2024 793 2087 alter
815 2023 949 2105 conjux,
972 2025 1041 2086 sive
1064 2024 1096 2085 in
1122 2021 1317 2085 infidelitate

225 2136 366 2201 maneat,
382 2126 451 2189 sive
467 2137 686 2204 convertatur,
702 2128 791 2192 aliud
808 2127 999 2210 conjugium
1017 2128 1099 2189 inire
1115 2136 1228 2208 potest
1239 2139 1258 2189 ¹.

267 2231 327 2312 (B)
345 2231 399 2292 Ex
415 2227 513 2292 dictis
530 2231 562 2293 in
580 2215 674 2306 thesi,
690 2232 809 2314 triplici
826 2233 868 2295 de
884 2234 984 2294 causa
999 2229 1124 2311 conjux
1141 2250 1317 2293 conversus

225 2332 266 2395 ad
283 2333 365 2394 alias
382 2333 514 2414 nuptias
531 2335 669 2396 transire
686 2343 817 2415 potest:
841 2334 891 2414 (a)
907 2335 933 2395 si
952 2332 1094 2396 infidelis
1111 2343 1229 2395 renuat
1245 2351 1316 2394 cum

224 2457 265 2499 eo
280 2434 450 2515 habitare;
473 2438 499 2498 si
517 2447 628 2499 tamen
648 2436 788 2499 infidelis
804 2437 954 2500 discedat
971 2445 1106 2517 propter
1121 2435 1316 2498 adulterium

226 2538 331 2602 fidelis
353 2547 429 2620 post
450 2538 654 2621 baptismum
670 2542 895 2614 commissum,
911 2558 976 2601 non
994 2540 1093 2601 datur
1109 2538 1201 2600 locus
1224 2539 1318 2620 privi-

227 2643 313 2724 legio
329 2664 336 2719 ;
358 2640 409 2722 (b)
425 2643 451 2702 si
468 2641 549 2704 velit
571 2642 729 2719 habitare,
745 2645 802 2707 sed
827 2665 892 2707 non
914 2643 985 2706 sine
1009 2641 1128 2722 injuria
1145 2642 1318 2716 Creatoris,

139 2733 144 2747 ’
225 2769 253 2808 v.
267 2767 297 2827 g.
310 2745 510 2808 concubinas
527 2747 707 2823 retinend0,
721 2745 804 2808 filios
818 2746 962 2807 minores
979 2764 1110 2826 pagane
1125 2745 1318 2822 educando;

227 2849 275 2931 (c)
287 2849 313 2910 si
327 2847 397 2910 vult
413 2846 542 2910 fidelem
555 2849 596 2910 ad
614 2859 786 2930 peccatum
800 2848 939 2911 mortale
952 2845 1080 2909 trahere
1093 2859 1210 2910 contra
1224 2847 1317 2911 fidem

226 2953 278 3014 vel
302 2971 434 3014 mores:
464 2953 496 3013 in
521 2951 571 3012 his
595 2953 684 3014 enim
707 2952 837 3014 casibus
859 2971 924 3013 non
941 2950 1012 3014 vult
1036 2949 1173 3032 pacifice
1189 2951 1318 3014 cohabi-

227 3065 304 3118 tare.
339 3055 464 3137 ,Potest
480 3066 591 3117 autem
609 3075 785 3117 conversus
801 3055 864 3117 hoc
881 3053 1054 3136 privilegio
1065 3055 1112 3116 uti
1131 3074 1199 3117 non
1216 3054 1317 3116 solum

226 3159 339 3220 statim
369 3166 444 3238 post
469 3157 677 3237 Baptismum
705 3160 763 3222 sed
791 3159 891 3221 etiam
920 3167 996 3238 post
1021 3157 1132 3238 plures
1158 3177 1274 3233 annos,
1295 3159 1319 3219 si

228 3259 377 3334 infidelis,
394 3259 449 3340 qui
474 3261 564 3340 prius
588 3260 723 3340 pacifice
747 3262 937 3324 cohabitare
953 3271 1177 3335 consenserat,
1195 3271 1319 3324 mutato

228 3364 373 3438 consilio,
387 3363 418 3426 id
436 3363 578 3444 amplius
596 3363 699 3427 lacere
717 3365 806 3428 nolit.
853 3365 902 3445 (S.
920 3365 955 3429 O.
971 3379 995 3444 5.
1009 3384 1082 3446 aug.
1101 3384 1110 3428 t
1121 3368 1208 3446 579.)

196 3501 199 3506 Δ
273 3463 337 3554 (C)
360 3465 405 3532 Ut
421 3467 543 3530 sciatur
560 3477 669 3548 utrum
695 3467 835 3530 infidelis
857 3469 936 3550 velit
959 3469 1105 3530 converti
1130 3469 1182 3531 vel
1208 3469 1318 3532 saltem

228 3571 363 3655 pacifice
386 3569 586 3646 cohabitare,
603 3571 815 3651 interpellatio
838 3574 989 3653 quadam
1014 3581 1090 3653 post
1115 3571 1319 3653 Baptismum

229 3677 295 3739 fieri
321 3675 420 3738 debet
444 3685 477 3738 et
501 3675 636 3756 quidem
660 3677 745 3737 circa
768 3677 859 3738 duo:
888 3686 999 3738 utrum
1018 3673 1162 3736 infidelis
1178 3675 1319 3737 converti

228 3781 315 3854 velit,
332 3799 373 3840 an
390 3778 507 3841 saltem
527 3779 662 3860 pacifice
677 3779 880 3842 cohabitare?
904 3799 997 3842 secus
1014 3779 1102 3841 enim
1120 3778 1320 3860 subsequens

232 3900 412 3908 ----.-..-—-—-
423 3901 566 3909 -——
579 3901 656 3910 -ιιι--ι

264 3954 270 3975 ¹
285 3946 410 4000 Dicimus
421 3953 492 4014 pars
501 3949 644 4010 catholica,
656 3959 685 4001 ut
699 3961 775 4002 certa
789 3949 826 4002 ab
840 3949 953 4002 incertis
967 3965 1155 4002 secernamus.
1196 3949 1322 4002 Probabi-

229 4034 281 4086 lius
301 4043 394 4084 tamen
416 4043 545 4100 putamus
565 4034 740 4101 privilegium
756 4034 903 4088 Paulinum
916 4034 1028 4089 extendi
1049 4051 1105 4086 non
1120 4035 1213 4088 solum
1228 4035 1265 4088 ad
1280 4051 1322 4088 eos

230 4117 276 4185 qui
289 4117 372 4168 fidem
383 4119 559 4183 catholicam,
569 4119 618 4172 sed
630 4121 714 4172 etiam
725 4122 762 4174 ad
772 4139 821 4174 eos
832 4121 879 4190 qui
894 4120 1001 4174 scitam
1012 4119 1175 4174 haereticam
1187 4123 1231 4174 vel
1246 4119 1322 4174 schis-

230 4202 361 4254 maticam
381 4201 595 4269 amplectuntur,
614 4205 769 4260 dummodo
788 4209 880 4262 valide
900 4207 1080 4277 baptizentur.
1122 4208 1165 4260 lta
1180 4208 1318 4264 Palmieri.

231 4287 270 4338 th.
287 4300 325 4348 27.
