2758 4652
378 161 433 212 DE
451 159 773 212 tuum-oannis.
1061 155 1128 206 55⁷

37 354 112 420 sunt,
134 354 249 407 contra
275 342 483 407 voluntatem
514 343 587 406 RR.
614 341 822 415 Pontificum,
849 340 906 420 qui
932 337 1125 419 hujusmodi

36 445 162 508 abusum
178 445 407 528 reprobarunt,
420 456 457 509 ut
471 447 583 508 videre
600 445 697 509 estin
717 442 901 510 Clementia.
915 443 934 506 l.
948 443 988 517 V,
1000 442 1049 504 tit.
1065 441 1125 516 IX,

36 568 57 608 c.
78 565 114 625 2;
147 550 225 611 hinc
253 550 372 612 merito
399 549 496 612 Card.
521 548 673 612 Cusanus
702 551 735 610 in
764 547 903 629 Synodo
932 543 1125 628 provinciali

36 649 303 734 alfagdeburgensi
330 652 488 714 dicebat:
527 650 660 715 “Sedes
692 649 891 733 Apostolica
926 649 988 710 sub
1017 647 1125 710 verbis

35 755 159 833 apancl
185 766 217 818 et
240 755 333 838 culpet
361 753 585 835 indulgentias
613 773 783 834 nunquam
810 752 890 815 dare
916 749 1124 813 consuevit’'.

36 857 98 920 Nec
113 860 225 923 obstat
240 861 331 942 quod
348 860 380 920 in
398 857 567 920 nonnullis
579 856 716 919 Litteris
729 855 935 936 Apostolicis
951 853 1125 934 indulgen·

35 959 82 1021 tiae
92 981 257 1025 concessae
269 965 425 1025 dicuntur
437 961 469 1021 in
484 958 701 1022 remissionem
706 967 909 1037 peccatorum
922 981 933 1020 .·
951 957 1023 1018 haec
1035 956 1124 1018 enim

34 1063 125 1125 verba
139 1065 182 1127 ab
198 1065 355 1127 omnibus
372 1061 602 1143 intelliguntur
614 1061 656 1122 de
672 1059 867 1121 remissione
883 1079 993 1140 poenae
1009 1078 1125 1139 pecca·

33 1164 69 1225 tis
83 1167 227 1248 debitae3
255 1187 315 1230 nec
338 1185 485 1246 unquam
510 1164 584 1245 quis
607 1163 766 1225 liberatur
781 1182 805 1234 a,
823 1165 925 1243 poena
949 1160 1011 1223 nisi
1034 1161 1126 1242 prius

34 1267 198 1332 absolutus
215 1269 313 1333 fuerit
329 1291 349 1331 a
365 1268 471 1348 culpa.

33 1369 77 1448 (b)
95 1370 212 1434 Caram
227 1371 295 1433 Dea
311 1369 449 1442 valida,·
475 1367 630 1433 videlicet
652 1367 802 1428 remissio
822 1386 933 1448 poenae
948 1366 1036 1428 valet
1058 1385 1125 1428 non

33 1473 131 1534 solum
156 1473 189 1535 in
214 1473 285 1536 foro
308 1484 460 1546 externo,
476 1491 587 1534 coram
614 1469 773 1546 Ecclesia,
789 1471 847 1534 sed
870 1471 972 1532 etiam
997 1470 1029 1531 in
1054 1469 1126 1532 foro

34 1573 166 1648 interno,
176 1593 287 1635 coram
306 1574 392 1651 Deo;
416 1595 520 1650 secus,
530 1584 567 1636 ut
583 1573 630 1636 ait
647 1572 682 1635 S.
700 1572 730 1632 T
726 1572 809 1636 harre.
824 1572 920 1655 (Sup.
932 1593 961 1654 q.
976 1589 993 1634 2
999 1587 1025 1652 5,
1038 1593 1065 1634 a.
1087 1571 1126 1652 1),

34 1669 176 1734 Ecclesia
200 1675 307 1754 magis
331 1672 562 1736 damnificaret
585 1692 686 1753 quam
711 1673 894 1754 adjuvaret,
910 1676 997 1757 quia,
1018 1673 1126 1737 absol-

32 1777 134 1838 vendo
146 1796 166 1837 a
178 1777 385 1856 poenitentiis
401 1773 568 1858 injunfiis,
578 1777 753 1840 damnaret
765 1778 807 1840 ad
820 1777 987 1857 graviores
1000 1797 1127 1859 poenas,

32 1877 150 1940 scilicet
166 1880 356 1960 purgatorii.

32 1979 75 2060 (c)
97 1981 167 2043 Per
186 1981 431 2062 applicationem
454 1981 787 2054 testamentaria·
815 2002 902 2056 nam,
925 1983 1126 2044 remittendo

32 2102 171 2160 poenam,
189 2084 339 2146 Ecclesia
355 2084 555 2147 solutionem
573 2084 796 2160 nihilominus,
808 2104 865 2147 seu
882 2085 1126 2164 compensatio·
1168 2150 1170 2154 ,

31 2205 101 2248 nem
125 2186 272 2267 aliquam
291 2187 366 2250 Deo
381 2188 529 2264 exhibet,
544 2208 589 2249 ex
612 2187 768 2250 thesauro
790 2208 851 2250 suo
874 2188 1127 2269 depromptam;

31 2289 120 2351 adest
141 2288 306 2371 siquidem
324 2290 504 2373 spiritualis
520 2291 695 2353 thesaurus
711 2310 754 2354 ex
777 2291 1126 2372 superabundantibus

31 2384 149 2450 Christi
160 2385 427 2470 SanCtorumque
437 2387 720 2453 satisfactionibus
733 2390 1004 2472 conflatus,cujus
1014 2411 1126 2472 supre-

30 2507 99 2550 mus
115 2490 327 2572 dispensator
339 2501 389 2552 est
402 2491 567 2568 Pontifex,
577 2501 610 2553 et
626 2512 670 2553 ex
686 2511 754 2572 quo
766 2493 857 2573 justa
873 2494 915 2555 dc
931 2497 1031 2556 causa
1043 2494 1126 2556 solvi

30 2604 166 2670 possunt
182 2591 329 2655 fidelium
346 2594 480 2671 debita;
506 2595 562 2675 qui
583 2595 683 2675 igitur
701 2595 943 2678 indulgentiam
966 2598 1127 2673 concedit,

30 2713 91 2754 non
109 2695 304 2776 simpliciter
320 2695 449 2758 relaxat
472 2717 606 2778 poenam
624 2699 852 2778 temporalem,
868 2700 925 2760 sed
950 2699 1125 2779 poenitenti

30 2798 153 2874 praebet
167 2795 255 2860 unde
268 2798 383 2872 solvat,
394 2798 454 2880 ipsi
469 2799 670 2879 applicando
683 2799 804 2862 Christi
818 2800 1126 2882 superabundantes

29 2895 277 2961 satisfafiiones.

28 3001 77 3080 (d)
94 3002 124 3062 A
143 3002 306 3080 superiori
323 3001 517 3086 legitr'ma...,·
544 3003 620 3066 hinc
644 3026 710 3066 non
734 3004 873 3085 quilibet
896 3005 997 3066 homo
1020 3006 1127 3068 indul-

28 3105 156 3182 gentias
172 3105 353 3166 concedere
376 3115 496 3186 potest,
512 3106 569 3167 sed
593 3108 614 3168 ii
638 3108 745 3170 solum
763 3107 883 3188 quibus
900 3108 1043 3170 thesauri
1063 3108 1127 3172 Ec-

27 3206 135 3267 clesiae
152 3226 230 3268 cura
246 3209 425 3270 commissa
441 3207 510 3284 fuit,
527 3209 681 3272 videlicet
699 3209 855 3272 Pontifex
872 3209 922 3272 vel
940 3210 1126 3274 Concilium

26 3309 182 3387 generale
205 3331 265 3392 pro
289 3312 462 3374 universali
481 3309 640 3388 Ecclesia,
657 3313 851 3376 Cardinales
873 3314 905 3374 in
922 3312 1061 3375 ecclesia
1077 3314 1127 3375 sui

27 3413 124 3487 tituli,
149 3423 182 3476 et
210 3413 368 3496 Episcopi
396 3435 456 3496 pro
480 3416 615 3478 dioecesi
641 3421 720 3493 sua;
756 3417 876 3479 dicitur
901 3426 1011 3478 tamen
1037 3431 1128 3480 extra

24 3526 273 3594 sacramentam,
287 3527 323 3580 ut
339 3519 384 3579 sic
401 3517 609 3599 indulgentia
621 3539 640 3580 a
653 3519 882 3582 sacramentali
900 3517 1127 3581 satisfafiione

25 3619 259 3700 distinguatur.

69 3739 137 3802 114
185 3721 245 3804 (B)
263 3723 395 3803 Species.
427 3724 647 3810 ⁴‘Dividuntur
668 3725 884 3806 indulgentiae
909 3723 941 3784 in
958 3723 1128 3803 plenarias

24 3834 57 3885 et
78 3824 267 3904 partiales:
296 3827 458 3907 prioribus
484 3829 662 3891 remittitur
688 3838 758 3890 tota
784 3847 885 3908 poena
909 3847 983 3908 quae
1006 3827 1128 3890 luenda

25 3936 149 4002 manet,
166 3928 403 4008 posterioribus
426 3951 503 4011 pars
524 3932 677 4011 quaedam
700 3931 849 4010 ejusdem
873 3950 989 4012 poenae.
1038 3930 1127 3993 Hinc

23 4030 254 4092 conceduntur
275 4031 492 4112 indulgentiae
515 4032 745 4114 quadraginta,
761 4032 812 4094 vel
834 4042 968 4094 centum
988 4032 1127 4110 dierum,

24 4141 154 4211 septem
179 4151 342 4220 annorum
366 4144 448 4214 etc.;
474 4135 563 4214 quod
589 4133 727 4215 intelligi
751 4135 851 4197 debet
875 4154 940 4197 non
964 4155 1004 4198 eo
1027 4155 1126 4198 sensu

23 4233 115 4312 quod
140 4234 282 4298 totidem
302 4236 486 4316 Purgatorii
505 4237 575 4298 dies
592 4237 642 4298 vel
668 4238 744 4298 anni
769 4239 988 4314 remittuntur,
1004 4240 1061 4301 sed
1086 4259 1125 4302 eo
