2738 4646
187 163 244 213 DE
263 163 484 215 MYSTERIO
503 164 775 216 nussum
795 165 958 216 nunus.
1061 163 1123 218 ³1³

66 338 133 428 (B)
148 343 204 407 Ex
215 355 358 408 contextu
369 343 518 410 firmatur
527 345 757 429 interpretatio
766 346 917 410 litteralis
927 368 965 410 ac
976 346 1123 428 propria;

25 465 97 506 nam
122 447 158 509 in
181 446 328 530 praeiatis
351 447 459 511 verbis
483 448 633 513 Christus
649 460 843 531 preceptum
870 449 992 513 tradit:
1019 449 1122 512 “Nisi

24 547 301 613 manducaveritis
317 569 450 612 carnem
468 551 542 614 Filii
559 549 742 615 hominis...
756 571 821 614 non
839 552 1004 616 habebitis
1018 551 1121 615 vitam

23 651 51 710 in
68 650 167 712 vobis
179 653 215 728 ”;
235 663 269 716 et
288 653 423 734 quidem
446 654 509 717 sub
533 651 639 718 forma
661 653 846 736 ernphatr'cci,
859 655 1038 736 juramenti
1054 655 1120 718 vim

23 749 86 813 fere
109 751 276 818 habente:
300 761 315 787 “
329 775 437 832 amen,
459 776 568 832 amen,
589 757 666 820 dico
689 757 818 822 vobis’'.
861 757 968 839 Atqui
993 758 1121 840 legisla-

23 865 79 930 tor,
91 857 203 939 legem
215 859 403 934 condendo,
412 860 499 922 clare
515 860 604 942 loqui
621 861 731 936 debet,
743 862 925 942 praesertim
938 882 1040 944 quum
1052 872 1120 925 tam

22 958 211 1039 emphatice
226 960 381 1042 loquitur,
396 971 430 1025 et
445 963 495 1024 vel
513 963 727 1045 metaphoras
744 983 876 1045 prorsus
891 965 1054 1041 omittere,
1069 965 1120 1027 vel

23 1061 65 1121 eis
80 1070 214 1125 tantum
236 1064 284 1126 uti
307 1083 382 1145 quae
401 1063 473 1127 sine
488 1063 684 1128 difficultate
700 1064 839 1148 intelligi
855 1075 1015 1147 possunt;
1036 1065 1120 1148 jarn-

23 1183 95 1225 vero
112 1165 266 1229 Christus
282 1165 369 1229 clare
385 1188 450 1230 non
468 1167 658 1249 loqueretur
673 1168 705 1230 in
722 1167 785 1230 hoc
802 1169 883 1244 loco,
898 1169 924 1231 si
945 1170 1122 1252 metapho-

23 1269 82 1328 rice
98 1267 191 1351 loqui
208 1271 416 1334 intenderet:
438 1290 516 1333 nam
541 1279 610 1333 tam
634 1270 784 1333 inaudita
801 1271 997 1353 metaphora
1013 1292 1120 1353 neque

24 1367 160 1454 intelligi
175 1383 316 1456 poterat,
328 1395 435 1455 neque
451 1376 493 1437 de
510 1371 598 1436 racto
609 1373 764 1454 aJudaeis
777 1369 945 1436 intellecta
960 1372 1038 1451 fuit;
1053 1375 1120 1438 imo

24 1493 77 1551 per
91 1477 284 1556 quindecim
301 1477 423 1541 saecula
438 1477 603 1560 plerisque
619 1474 806 1540 christianis
823 1477 982 1558 impervia
994 1477 1071 1554 suin
1086 1488 1121 1542 et

24 1573 118 1641 hodie
133 1581 236 1643 etiam
253 1581 311 1642 vix
327 1580 467 1661 intelligi
483 1588 596 1662 potest
611 1600 631 1642 a
647 1579 920 1656 Protestantibus,
932 1581 988 1661 qui
1005 1601 1119 1664 perpe-

25 1688 77 1742 tuo
93 1701 198 1745 novas
213 1684 442 1764 expositiones
459 1683 605 1746 invenire
621 1691 784 1746 conantur
799 1703 806 1759 ;
829 1701 918 1764 erg0.

64 1811 75 1880 l
77 1811 120 1892 C)
135 1788 295 1874 Ex'modb
307 1809 509 1891 intelligendi
518 1809 704 1871 auditorum
716 1819 747 1870 et
758 1809 882 1872 ratione
893 1811 1013 1890 agendi
1025 1809 1119 1876 Chri-

25 1912 70 1974 sti.
109 1915 177 1976 Hic
192 1917 281 1978 enim
298 1924 387 1978 certe
403 1912 538 1976 nolebat
550 1913 716 1975 auditores
728 1933 805 1976 suos
818 1913 974 1994 decipere.
1013 1915 1119 1999 Atqui

26 2015 49 2074 si
71 2017 298 2100 metaphorice
321 2018 450 2081 locutus
476 2016 582 2091 fuerit,
597 2024 689 2078 certo
711 2035 767 2078 eos
791 2017 942 2097 decepit;
965 2037 1052 2092 nam,
1075 2040 1118 2081 ex

26 2125 85 2179 una
111 2131 216 2201 parte,
242 2119 350 2204 Judaei
373 2139 471 2182 sensu
496 2117 628 2200 proprio
654 2117 725 2198 ejus
750 2117 849 2180 verba
876 2118 1119 2198 intellexerunt,

27 2238 122 2297 quum
138 2223 308 2286 dixerint:
331 2223 540 2306 “Quomodo
556 2231 666 2303 potest
690 2221 742 2284 hic
766 2221 861 2284 nobis
876 2241 969 2285 suam
986 2243 1118 2288 carnem

27 2323 98 2386 dare
113 2327 158 2389 ad
176 2327 462 2389 manducandum?
474 2324 533 2407 '’(5
538 2325 571 2406 3)
586 2348 593 2386 :
613 2334 701 2386 certe
718 2343 783 2385 non
800 2323 961 2405 objiciunt
977 2327 1119 2410 amplius

29 2429 210 2492 necessitati
227 2427 315 2504 fidei,
328 2449 431 2510 quum
450 2440 527 2510 post
543 2427 788 2509 expositionem
806 2448 825 2489 a
841 2427 973 2492 Christo
988 2427 1119 2506 fatiam,

27 2527 88 2608 jam
111 2533 338 2613 acquieverint
346 2553 353 2610 ;
377 2533 435 2595 sed
458 2531 621 2612 objiciunt
645 2531 893 2594 manducationi
910 2533 981 2614 ejus
996 2535 1120 2613 carnis;

29 2642 116 2698 etex
140 2636 254 2710 altera,
269 2635 430 2711 Christus,
446 2635 501 2716 qui
526 2655 592 2696 uno
616 2634 718 2696 verbo
741 2653 809 2696 rem
835 2634 930 2698 iacile
953 2637 1120 2718 explicare

30 2746 161 2814 poterat,
176 2738 299 2801 nedum
324 2759 383 2802 sua
406 2738 505 2802 verba
529 2738 710 2820 explicaret
726 2748 760 2800 et
776 2739 948 2814 emolliret,
964 2751 1000 2802 ut
1016 2739 1122 2804 facere

30 2829 236 2904 consueverat
254 2843 298 2904 vin
330 2843 427 2905 rebus
457 2843 566 2924 gravis
594 2842 765 2918 momenti,
792 2845 927 2922 quando
954 2844 1121 2907 auditores

31 2939 122 3020 ipsius
145 2944 245 3007 verba
268 2965 327 3006 sua
351 2965 416 3008 non
441 2945 685 3018 intellexerant,
702 2964 720 3005 e
740 2953 855 3006 contra
876 2944 993 3007 eadem
1009 2947 1120 3028 potius

31 3058 215 3129 exaggerat,
238 3049 356 3112 iterum
380 3059 481 3130 atque
504 3049 622 3111 iterum
647 3067 721 3109 cum
747 3047 862 3127 majori
887 3048 1120 3130 perspicuitate

32 3146 189 3212 affirmans
205 3170 241 3213 se
257 3150 336 3233 ipsis
351 3152 507 3214 daturum
525 3151 691 3234 propriam
709 3170 842 3213 carnem
858 3152 900 3214 ad
918 3153 1119 3216 manducan·

32 3249 110 3327 dum,
127 3254 196 3316 imo
212 3263 415 3336 praeceptum
432 3255 546 3317 condit
563 3253 787 3316 manducandi
806 3274 900 3316 suam
917 3276 1059 3330 carnem,
1075 3257 1121 3320 ita

34 3362 139 3419 utnon
156 3355 266 3420 solum
283 3355 525 3438 Capharnaitae,
537 3357 595 3419 sed
609 3358 709 3420 etiam
726 3357 861 3438 quidam
879 3358 964 3422 inter
979 3359 1120 3440 discipu·
1164 3427 1166 3432 ,

34 3453 74 3516 los
89 3459 196 3540 ipsum
212 3469 387 3542 propterea
401 3463 515 3524 statim
532 3460 723 3541 reliquerint
739 3461 818 3541 (67).

70 3559 125 3623 Vis
140 3562 240 3643 hujus
256 3563 442 3644 argumenti
460 3563 576 3626 melius
593 3563 792 3645 percipietur
812 3583 855 3624 ex
876 3562 946 3644 ejus
962 3569 1121 3627 consueta

34 3666 141 3740 agendi
168 3667 298 3729 ratione
324 3688 399 3730 cum
426 3667 604 3749 discipulis.
650 3665 797 3747 Quando
822 3667 911 3728 enim
939 3663 1121 3729 locutiones

36 3769 267 3851 metaphoricae,
284 3769 326 3831 ab
351 3771 429 3852 lpso
450 3791 690 3853 nonnunquam
713 3778 890 3850 usurpatae,
906 3789 950 3830 ex
967 3768 1122 3851 simplici-

36 3872 94 3928 tate
114 3872 163 3935 vel
186 3872 374 3952 ignorantia
397 3893 463 3935 non
486 3873 765 3955 intelligebantur,
781 3893 836 3934 eas
857 3873 1025 3954 explicare
1040 3873 1123 3936 sole-

36 4086 71 4129 est
87 4095 151 4136 sane
164 4081 257 4136 virum
277 4091 334 4135 tam
347 4082 463 4137 dotium
483 4083 627 4139 meliorem
647 4081 772 4138 invenire
791 4098 848 4136 non
867 4083 1004 4154 potuisset
1044 4083 1121 4136 Nihil

37 4175 95 4218 sane
102 4169 248 4224 veritatem
258 4165 406 4222 catholicae
420 4167 657 4237 interpretationis
668 4167 759 4237 magis
773 4170 873 4238 probat
886 4186 971 4238 quam
980 4170 1045 4224 vani
1056 4171 1120 4224 Pro·

37 4253 187 4308 testantium
201 4264 319 4309 conatus
332 4254 369 4308 ad
383 4253 468 4309 verba
481 4253 585 4308 Christi
600 4254 710 4308 diverso
724 4256 809 4309 modo
822 4256 989 4310 exponenda
998 4257 1020 4309 ”.
