2776 4644
413 163 708 214 PROLEGOMEN
715 165 751 214 Α.
1095 167 1131 216 21

39 335 104 416 ipse
126 337 297 420 Apostolis
319 341 473 406 dixerat:
499 344 767 406 “Verumtamen
791 343 823 406 in
846 343 909 405 hoc
923 342 1034 405 *nolite
1053 363 1131 424 gau·

37 440 110 501 dere
126 443 202 522 quia
217 443 351 524 spiritus
367 446 461 507 vobis
479 445 718 526 subjiciuntur;
745 447 890 528 gaudete
911 457 1023 508 autern
1043 446 1132 527 quod

37 545 168 606 nomina
182 555 292 609 vestra
307 549 429 629 scripta
445 560 523 612 sunt
540 551 572 610 in
589 550 681 612 coelis
693 549 707 573 '¹
720 562 739 612 ¹.
775 549 845 611 Nec
859 551 989 622 mirum,
999 569 1086 623 nam,
1097 559 1133 610 ut

36 647 78 707 ait
91 648 126 708 S.
146 648 285 711 Thomas
293 662 315 724 ²,
327 649 400 712 finis
413 651 522 731 potior
537 662 587 714 est
604 651 654 714 his
670 672 744 733 quae
757 661 834 714 sunt
847 653 889 714 ad
904 651 1002 714 finem
1018 673 1024 726 ;
1040 651 1133 732 atqui

35 750 139 827 gratia
153 760 285 830 gratum
303 751 426 814 faciens
449 753 618 816 hominem
638 755 771 816 ordinat
791 754 983 816 immediate
999 754 1046 817 ad
1058 753 1132 816 ulti·

36 870 123 912 mum
142 851 252 927 finem,
267 853 347 916 dum
369 857 486 936 gratiae
509 858 611 937 gratis
627 858 716 919 datae
732 857 888 918 ordinant
904 855 1073 918 hominem
1090 856 1132 917 ad

35 955 187 1030 quaedam
212 958 448 1038 praeparatoria
471 957 546 1019 finis
570 958 686 1032 ultimi,
704 969 868 1039 quatenus
892 977 950 1040 per
977 957 1135 1020 miracula

35 1053 183 1117 homines
200 1057 402 1121 inducuntur
417 1061 459 1122 ad
476 1058 540 1122 hoc
555 1062 644 1140 quod
662 1060 780 1123 ultimo
798 1059 853 1121 fini
870 1059 1121 1140 conjungantur.

74 1175 125 1224 10.
153 1154 223 1242 (E)
237 1159 381 1223 Ratione
389 1161 560 1242 subjeliiet
567 1161 742 1242 efferitatem,
751 1161 859 1242 gratia
869 1170 999 1242 gratum
1011 1160 1134 1222 faciens

33 1256 159 1337 duplex
176 1272 249 1323 est:
276 1258 334 1346 (a)
354 1263 469 1326 Gratia
483 1264 662 1326 habitualis
676 1275 726 1326 est
742 1262 885 1345 qualitas
903 1273 1133 1344 supernatura·

35 1359 79 1432 lis,
99 1373 335 1441 permanenter
355 1375 388 1427 et
412 1366 588 1428 intrinsece
613 1365 777 1428 inhaerens
801 1366 931 1438 animae,
953 1385 1010 1446 per
1032 1383 1133 1445 quam

34 1462 193 1528 efficimur
216 1468 393 1548 participes
417 1479 544 1531 naturae
570 1469 698 1532 diuinae.
755 1467 839 1550 Qua:
866 1469 1000 1548 quidem
1027 1467 1134 1548 gratia

35 1577 170 1637 vocatur
184 1568 286 1631 etiam
301 1579 407 1632 stolus
417 1571 543 1651 gratare.
589 1569 641 1650 (b)
664 1570 781 1634 Gratia
802 1569 941 1632 alirralr's
967 1578 1017 1631 est
1040 1570 1134 1631 auxi-

35 1665 111 1728 lium
128 1672 301 1749 quoddam
318 1674 568 1754 supernaturale
583 1683 618 1735 et
634 1674 807 1746 transiens,
819 1692 886 1754 quo
901 1655 993 1735 Deus
1009 1671 1135 1735 intelle-

35 1765 122 1832 itum
142 1772 286 1836 illustrat
301 1785 334 1837 et
351 1774 556 1838 voluntatem
574 1774 711 1856 adjuvat
727 1776 769 1836 ad
786 1774 964 1836 eliciendos
977 1771 1070 1836 attus
1082 1795 1135 1835 su-

35 1875 269 1950 pernaturales.
318 1877 407 1939 Hinc
423 1878 530 1958 gratia
546 1877 723 1940 habitualis
738 1897 759 1936 a
774 1877 880 1956 gratia
893 1873 1012 1938 afiuali
1025 1874 1136 1938 differt

36 1975 64 2034 in
81 1996 122 2037 eo
139 1979 230 2057 quod
241 1979 340 2058 prior
352 1980 395 2042 sit
410 1979 550 2054 habitus,
559 1979 722 2060 posterior
737 1980 832 2042 motio
848 1999 905 2041 seu
922 1977 1015 2042 ac'lus
1027 2001 1033 2056 ;
1043 1980 1138 2061 prr‘or

36 2078 74 2138 sit
83 2089 291 2157 permanens,
298 2081 458 2160 posterior
467 2082 628 2144 transertos
639 2105 652 2154 ,·
666 2083 764 2162 prior
777 2083 935 2144 inherent
947 2083 1138 2145 substantie

36 2177 163 2256 animae,
174 2183 521 2262 posten'orfecultetes
536 2184 748 2247 solummodo
764 2183 893 2246 afficiat.

49 2339 134 2418 111.
166 2341 379 2423 Errores
408 2343 660 2442 praeclpul
688 2343 828 2423 cirea
857 2343 1076 2442 gratiam
1091 2358 1115 2421 ³.

77 2503 115 2564 ln
133 2505 204 2566 duo
219 2515 372 2568 extrema
388 2507 543 2588 opposita
560 2507 713 2569 abierunt
726 2505 787 2568 hac
800 2507 841 2569 de
855 2527 887 2568 re
900 2507 1064 2569 haeretici:
1081 2507 1136 2569 alii

37 2615 161 2666 naturae
183 2617 218 2667 et
237 2607 380 2670 libertati
401 2607 474 2688 plus
493 2593 591 2689 aequo
608 2609 765 2684 faventes,
782 2611 898 2690 gratiae
916 2609 1043 2688 juribus
1062 2610 1136 2690 plus

38 2709 186 2770 minusve
202 2709 340 2784 violatis,
357 2722 518 2774 vocantur
538 2712 767 2784 naturalistce;
789 2711 844 2773 alii
864 2733 907 2773 ex
928 2714 1067 2774 adverso
1088 2713 1135 2773 ni-

38 2811 136 2872 mium
155 2813 274 2892 gratiae
288 2814 482 2888 tribuentes,
493 2833 567 2875 cum
584 2814 787 2877 detrimento
803 2813 959 2876 humana:
976 2813 1137 2876 libertatis

38 2913 207 2992 insalsum
223 2934 282 2976 seu
293 2917 538 2997 'exaggeratum
555 2899 903 2996 supernatrrrnlr'smum
920 2916 1113 2978 inciderunt.

433 3077 465 3140 1⁰
484 3065 525 3140 N
530 3065 750 3142 aturalistae.

77 3229 124 3279 11.
163 3213 223 3294 (A)
235 3213 479 3294 ludairantess,
490 3218 556 3298 qui,
567 3217 643 3280 licet
659 3217 701 3278 ad
719 3213 818 3278 fidem
832 3206 1045 3277 christianam
1058 3236 1137 3277 con·

38 3318 128 3390 versi,
141 3315 301 3396 judaismi
328 3319 529 3400 praejudiciis
555 3319 664 3380 adhuc
689 3317 807 3379 imbuti
834 3325 936 3392 erant,
953 3317 1137 3379 docuerunt

37 3435 135 3496 opera
160 3418 242 3500 legis
269 3422 432 3492 mosaicae,
448 3422 601 3503 quamvis
628 3421 720 3482 inse
747 3419 919 3494 naturalia,
934 3419 1075 3498 gratiam
1103 3429 1136 3480 et

36 3519 304 3598 justificationem
322 3525 438 3586 mereri
460 3543 565 3606 posse.
613 3522 748 3584 Exinde
768 3522 1011 3584 contenderunt
1031 3519 1137 3600 legem

72 3737 159 3790 ¹Luc.
175 3738 210 3802 X,
224 3753 264 3789 20.
283 3746 374 3789 -tn
390 3754 413 3790 2.
427 3753 453 3806 q.
471 3751 496 3804 3,
511 3753 537 3789 a.
556 3747 577 3803 5.

71 3821 135 3876 ³Cf.
152 3825 268 3888 Saurea,
281 3841 327 3892 op.
342 3823 387 3877 cit.
409 3823 517 3890 Proleg.
534 3833 563 3889 53
583 3821 747 3886 Monlegne,
766 3817 811 3887 qui
832 3833 890 3886 prae
910 3814 1010 3870 ceteris
1029 3817 1089 3871 fuse
1108 3828 1136 3872 et
1175 3841 1181 3853 ·

43 3920 165 3963 accurate
178 3909 215 3963 de
225 3909 269 3962 his
279 3909 418 3962 erroribus
428 3907 552 3977 disputat
562 3906 791 3976 (origne-'theol
806 3907 885 3959 Curs.
899 3913 918 3957 t.
931 3905 966 3970 X,
975 3921 1000 3973 p.
1014 3903 1137 3970 89·816,¹;

45 3995 172 4063 Billrrart,
190 3997 226 4050 de
241 3997 348 4060 Gratia,
363 3996 438 4049 Diss.
455 3997 477 4047 l.
581 4027 587 4032 -
633 4001 636 4006 '

74 4084 139 4136 ⁴Cl.
165 4079 325 4151 Conybeare
343 4083 402 4134 and
420 4081 554 4146 Howson,
573 4080 635 4132 The
656 4079 717 4132 Life
735 4077 792 4134 and
815 4077 940 4147 Epistles
959 4077 990 4130 ol
1006 4077 1038 4130 St
1059 4077 1138 4136 Paul,

44 4185 64 4220 c.
83 4169 168 4234 Xlll;
189 4169 220 4238 J.
241 4169 273 4221 B.
296 4157 447 4238 Lrssrlrtscrot,
468 4167 674 4222 Dissertations
692 4183 729 4219 on
746 4166 793 4220 the
811 4164 955 4234 Apostolic
972 4165 1043 4231 Age,
1062 4165 1136 4231 1892,

44 4271 65 4322 p
79 4257 111 4322 67
122 4273 160 4326 sq.
