2738 4646
238 161 305 214 ³28
632 209 636 214 .
695 163 835 216 CAPUT
851 163 876 212 1.

240 357 406 416 sceamur;
431 341 510 404 item
523 361 689 404 summam
703 344 929 417 reverentiam,
942 343 1009 406 imo
1022 341 1245 406 adorationem
1257 338 1316 419 ejus

240 444 368 526 corpori
386 444 590 508 reddendam
607 465 679 510 esse
695 446 902 528 praecipiunt,
918 457 950 508 et
968 446 1115 530 indignae
1131 443 1315 508 communio·

241 548 291 609 nis
329 558 503 628 peccatum
542 549 671 612 crimini
704 550 802 631 Judae
836 549 1044 631 aequiparant
1081 546 1200 627 (Cyrr'l.
1230 544 1315 616 Hier..

243 650 410 731 Chrysost„
432 651 577 731 Tertrrl).
622 651 675 734 (d)
693 655 862 736 Dogmate
885 652 981 716 realis
1004 650 1190 732 praesentiae
1211 645 1315 712 Christi
1361 643 1362 700 ἶ

239 764 377 818 utuntur
394 755 546 837 principii
562 756 674 832 instar,
689 776 752 838 quo
768 767 884 820 contra
901 756 1074 818 haerericos
1089 752 1172 814 alias
1188 749 1258 814 fidei
1272 767 1314 810 ca·

239 857 371 920 tholicae
384 859 539 920 veritates
551 860 769 939 comprobent
780 885 787 940 ;
810 861 856 922 sic
868 861 904 925 S.
915 859 1059 922 Irenoeus
1070 858 1191 939 probat
1199 855 1225 936 J.
1237 851 1314 918 Chri·

238 969 327 1022 stum
345 961 536 1025 Creatorem
559 981 631 1022 esse
651 983 695 1024 ex
717 965 867 1045 eoquod
892 983 1013 1046 panem
1038 962 1070 1024 in
1095 979 1214 1040 corpus
1236 973 1314 1018 suurn

238 1073 432 1140 convertat;
457 1064 655 1144 §.cyrillus
677 1069 833 1130 unionem
858 1066 1106 1149 hypostaticam
1130 1059 1230 1125 Verbi
1252 1075 1313 1120 curn

237 1165 382 1230 humana
395 1171 512 1229 natura
524 1169 732 1233 demonstrat
743 1191 786 1234 ex
800 1171 908 1233 verbis
925 1167 1014 1249 “Qui
1028 1165 1209 1230 manducat
1222 1177 1314 1224 meam

237 1289 370 1331 carnem
421 1271 452 1331 in
471 1289 523 1332 me
541 1283 662 1348 manet,
678 1283 711 1336 et
727 1293 791 1354 ego
808 1275 840 1336 in
858 1274 933 1347 eo'',
950 1291 1007 1334 seu
1025 1290 1069 1332 ex
1086 1265 1231 1348 eoquod
1253 1281 1316 1325 caro

239 1371 360 1437 Christi
386 1372 417 1434 in
436 1373 645 1438 Eucharistit
668 1378 711 1439 sit
734 1398 810 1440 vere
833 1398 910 1440 caro
926 1376 1053 1451 Verbi;
1083 1373 1118 1436 S.
1134 1373 1271 1434 Irenaens
1289 1373 1316 1426 et

240 1475 274 1538 S.
302 1474 397 1556 Cyril.
421 1475 514 1538 Alex.
539 1479 646 1540 carnis
670 1490 791 1542 nostrae
815 1477 1087 1542 resurredtionem
1111 1495 1156 1538 ex
1180 1493 1219 1535 eo
1240 1467 1315 1551 quod

238 1598 370 1640 carnem
385 1578 522 1641 Domini
541 1581 780 1642 manducemus
797 1579 960 1654 inserunt;
984 1578 1051 1640 imo
1064 1573 1213 1638 nonnulli
1229 1571 1315 1632 haere·

238 1681 304 1756 tici,
319 1701 348 1743 v.
364 1701 394 1764 g.
413 1681 535 1743 Paulus
558 1681 806 1756 Samosatenus‚
824 1681 1035 1763 Eutychiani,
1056 1680 1098 1742 ad
1124 1678 1187 1739 hoc
1209 1675 1315 1753 dogma
1362 1733 1363 1750 ,

234 1792 420 1865 provocant
443 1793 479 1845 ut
502 1804 579 1846 suos
597 1785 768 1847 stabiliant
791 1805 924 1848 errores.
973 1779 1027 1868 (e)
1047 1782 1201 1843 Tandem
1219 1779 1316 1839 Patres
1362 1777 1363 1872 q

238 1883 288 1946 vel
306 1885 338 1946 in
355 1895 560 1949 antecessum
578 1887 700 1950 diserte
717 1897 750 1950 et
767 1888 1004 1969 aequivatenter
1021 1885 1052 1947 N
1055 1894 1228 1947 ovatonrm
1244 1895 1315 1940 erro·
1362 1919 1363 1924 η

238 2007 289 2050 res
301 1989 503 2051 damnarunt
518 2010 525 2064 ;
548 1988 664 2051 volunt
676 1990 764 2052 enlm
780 1999 815 2052 ut
829 1990 929 2052 verba
942 1989 1063 2054 Christi
1077 1987 1111 2049 in
1125 1982 1316 2048 institutione

239 2091 456 2155 Eucharistiae
488 2111 586 2154 sensu
614 2089 704 2152 obvio
733 2090 959 2170 accipiantur;
997 2089 1120 2150 docent
1151 2084 1207 2147 illa
1233 2077 1317 2142 rerba

236 2194 324 2257 clara
337 2213 418 2269 esse,
431 2213 491 2256 nec
507 2194 705 2275 permittunt
722 2194 916 2271 mysterium
935 2193 997 2254 hoc
1014 2192 1199 2253 secundum
1215 2201 1316 2249 sensus

236 2295 419 2376 dijudicari,
431 2296 489 2358 sed
507 2298 689 2358 secundum
707 2292 806 2357 fidem
821 2317 828 2370 ;
851 2296 980 2358 addunt
997 2314 1118 2376 panem
1135 2289 1275 2354 converti
1291 2287 1316 2346 iu

237 2418 356 2480 corpus
370 2397 507 2460 Domini
524 2417 590 2460 non
610 2396 718 2456 minus
731 2414 806 2456 vere
818 2415 857 2457 ac
871 2395 1017 2457 Verbum
1031 2415 1108 2456 caro
1125 2390 1247 2456 sactum
1263 2395 1317 2458 est;

238 2511 360 2581 negant
385 2501 629 2563 Eucharistiam
653 2517 725 2558 esse
750 2497 929 2578 imaginem
954 2498 1101 2580 corporis
1127 2496 1256 2568 Christi,
1270 2497 1317 2553 aut

238 2602 325 2664 Eum
348 2602 419 2665 sola
443 2601 507 2664 lide
529 2601 729 2664 manducari.
775 2599 895 2680 (Cyrr'l.
913 2601 1016 2676 Hice,
1036 2599 1205 2679 Chrysost„
1224 2591 1317 2669 Justi·

237 2725 307 2779 nus,
328 2703 413 2769 Cone.
430 2704 502 2768 Nic.
519 2703 566 2778 ΙΙ,
582 2703 784 2764 Anastasius
798 2703 945 2778 Sinoria,
955 2703 1051 2787 soon.
1069 2703 1216 2776 Dnrrras„
1233 2696 1317 2778 cyril.

236 2807 420 2886 Alex.etc.)

279 2924 331 2987 30.
379 2911 501 2990 Negari
525 2910 640 2990 nequit
665 2909 824 2971 nonnulla
843 2910 978 2970 Patrum
1004 2909 1196 2971 testimonia
1218 2915 1319 2969 contra

237 3012 356 3074 realem
383 3013 504 3075 Christi
533 3014 564 3075 in
591 3012 801 3074 Eucharistid
828 3013 1040 3093 praesentiam
1064 3012 1191 3093 opponi
1214 3025 1320 3092 posse;

237 3132 339 3193 quum
363 3113 494 3195 singula
517 3116 680 3177 discutere
705 3135 771 3177 non
796 3115 963 3196 expediat,
987 3116 1140 3195 quaedam
1164 3117 1319 3176 trademus

237 3215 407 3296 principia,
424 3217 492 3278 sive
510 3216 687 3298 generalia,
703 3219 773 3278 sive
788 3217 1020 3297 partr'cularr'a,
1037 3219 1158 3298 quibus
1178 3217 1319 3299 pleraque

236 3319 395 3400 explicari
414 3330 552 3401 possunt
565 3333 583 3382 1.
632 3321 799 3400 Imprimis
818 3322 936 3383 mirum
956 3341 1021 3382 non
1040 3332 1090 3384 est
1106 3323 1257 3403 quaedam
1281 3319 1319 3379 in·

237 3423 339 3484 veniri
362 3423 450 3504 apud
470 3423 582 3485 Patres
605 3424 677 3486 loca
699 3421 867 3487 intelletlu
890 3423 1062 3488 difficilia:
1095 3424 1221 3487 nullum
1242 3422 1318 3484 enim

237 3535 286 3587 est
299 3526 423 3606 dogma
433 3537 549 3588 contra
561 3528 649 3607 quod
664 3528 757 3589 citari
775 3548 840 3590 non
858 3529 986 3609 possint
999 3528 1126 3609 aliquot
1141 3525 1318 3592 testimonia

237 3629 445 3705 particularia
461 3653 467 3708 ;
492 3648 568 3692 nam
587 3630 709 3704 PatreS,
728 3630 818 3692 nulli
839 3631 947 3693 adhuc
964 3632 1082 3694 oborth
1098 3629 1316 3695 controversia,

237 3731 380 3792 securius
397 3741 429 3792 et
447 3731 579 3794 liberius
597 3733 823 3812 loquebantur.

280 3829 338 3906 (A)
365 3830 536 3911 Principia
558 3833 726 3912 generalia
755 3859 766 3896 .·
803 3835 886 3898 Haec
915 3837 1015 3917 igitur
1044 3840 1192 3902 notanda
1218 3843 1286 3897 sunt
1311 3853 1317 3890 :

237 3925 286 4006 (a)
300 3930 371 3991 loca
387 3932 532 3994 difficilia
549 3946 583 3997 et
600 3937 739 3998 obscura
751 3935 895 4000 audloris
909 3940 1085 4021 cujuslibet
1103 3939 1257 4022 explicari
1270 3937 1317 3998 de-

239 4027 315 4092 bent
330 4033 428 4111 juxta
445 4036 591 4113 ejusdem
606 4038 748 4102 audieris
761 4041 946 4106 dodhinam
967 4045 1044 4106 alibi
1063 4045 1182 4108 clarius
1197 4061 1317 4125 expres·

276 4254 283 4284 ¹
301 4249 371 4301 Hauc
384 4249 470 4302 fusius
485 4253 594 4308 evoluta
608 4257 670 4312 vide
683 4277 727 4328 ap.
742 4261 905 4330 Franrelr'n,
920 4265 958 4317 th.
976 4279 1013 4317 ro.
