2794 4662
420 191 476 240 DE
490 187 789 240 Materianum.
1089 182 1154 231 667

33 392 192 436 uxorem
211 395 230 436 a
246 368 405 435 viro'non
423 373 593 435 discedere
609 393 616 448 ;
643 371 732 450 quod
757 369 784 431 si
808 366 1008 441 discesserit,
1026 383 1155 426 rrrauere

32 475 233 557 innuptam,
256 486 314 539 aut
338 477 407 537 viro
430 453 491 538 suo
515 473 726 537 reconciliari.
783 473 828 535 Et
850 472 899 533 vir
922 489 1060 534 uxorem
1087 488 1153 530 non

32 580 203 643 dimittat
214 581 238 641 ¹¹.
267 641 269 646 ,
287 579 388 641 Porro
403 578 475 640 haec
491 577 591 639 verba
608 595 741 658 prorsus
758 573 925 656 generalia
941 581 1068 636 suntet
1086 590 1154 632 ma·

34 681 170 745 nifeste
189 693 383 762 supponunt
400 700 539 743 uxorem
556 679 740 753 dimissam,
755 677 800 738 ob
816 694 1063 756 quamcumque
1079 693 1154 734 cau-

34 807 127 860 sam,
142 807 215 848 non
233 807 330 867 posse
346 787 466 848 iterum
484 784 615 845 nubere.
901 793 902 796 ’

36 887 89 968 (c)
104 888 330 968 Objiciuntur
346 887 480 970 quidem
498 885 598 947 verba
617 883 753 946 Domini
774 905 780 944 :
804 881 1043 962 “Quicumque
1058 879 1155 942 dimi-

37 990 125 1053 serit
145 1011 291 1053 uxorem
308 1009 412 1063 suam,
429 988 491 1050 nisi
508 988 552 1050 ob
568 983 831 1055 fornicationem
846 991 879 1046 et
895 984 994 1045 aliam
1011 982 1156 1057 duxerit,

37 1093 268 1154 moechatur:
306 1102 339 1155 et
363 1091 415 1172 qui
443 1091 615 1152 dimissam
640 1089 788 1163 duxerit,
811 1085 1073 1156 moechatur”¹;
1111 1105 1155 1146 cx

38 1195 170 1274 quibus
187 1205 258 1257 tum
277 1193 383 1258 Graeci
401 1203 472 1255 tum
491 1194 719 1254 Protestantes
735 1189 896 1270 colligunt
913 1190 944 1250 in
962 1208 1039 1250 casu
1057 1187 1156 1248 forni-

40 1297 207 1373 cationis,
223 1318 280 1360 seu
304 1297 467 1370 adulterii,
483 1293 728 1357 matrimoniale
751 1291 919 1355 vinculum
944 1290 1026 1353 solvi
1050 1309 1157 1372 posse.

42 1400 217 1464 Fatemur
243 1401 398 1480 equidem
427 1398 618 1479 hujusmodi
650 1407 797 1471 textum,
825 1396 851 1456 si
878 1394 968 1456 solus
995 1403 1158 1469 sumatur,

43 1503 183 1582 absque
199 1512 360 1565 contextu
378 1511 412 1564 et
429 1501 508 1563 locis
526 1500 700 1582 parallelis,
716 1499 893 1561 obscurum
910 1517 1002 1573 esse;
1026 1498 1093 1572 sed,
1110 1498 1157 1558 in-

43 1603 179 1684 spectis
196 1613 358 1666 contextu
375 1613 408 1666 et
425 1602 590 1684 parallelis
608 1602 696 1676 locis,
707 1603 749 1664 de
765 1602 908 1663 divortio
920 1601 1030 1681 quoad
1045 1601 1160 1670 vincu-‚

44 1703 121 1766 lum
150 1704 290 1785 intelligi
316 1724 381 1766 non
407 1723 513 1785 posse,
530 1704 587 1765 sed
611 1702 654 1764 de
678 1702 748 1764 sola
764 1701 957 1765 dimissione
977 1700 1048 1762 sine
1071 1700 1157 1763 solu-

46 1806 151 1868 tione
167 1808 298 1881 uinculi.
345 1806 445 1888 Quod
469 1827 509 1868 ex
528 1815 672 1868 contactu
696 1814 841 1886 apparet
889 1803 1044 1866 Pharisaei
1069 1804 1157 1864 enim

47 1908 227 1972 Christum
257 1910 508 1990 interrogabant
535 1911 578 1971 de
605 1908 675 1969 sola
696 1908 910 1983 dimissione;
944 1926 1046 1986 quum
1068 1907 1157 1968 enim

19 2063 22 2066 .
47 2009 145 2073 inter
157 2031 193 2073 se
204 2012 414 2092 disputarent
431 2007 541 2073 utrum
559 2011 671 2072 liceret
687 2009 855 2071 dimittere
868 2027 1006 2070 uxorem
1024 2017 1159 2088 propter

50 2114 243 2194 quamlibet
259 2134 403 2188 causam,
419 2112 470 2174 vel
489 2124 623 2194 propter
639 2112 838 2175 adulterium
856 2120 996 2184 tantum,
1007 2109 1158 2173 Christus

50 2217 240 2296 respondet
255 2215 300 2276 ob
316 2216 419 2278 solam
439 2215 690 2277 fornicationem
705 2233 845 2277 uxorem
860 2213 982 2275 dimitti
1001 2231 1098 2293 posse
1110 2211 1158 2292 (in

51 2317 273 2398 perpetuum)
299 2328 333 2379 et
359 2318 438 2398 quia
465 2316 598 2380 abolere
625 2315 758 2378 volebat
783 2316 961 2377 divortium
986 2335 1005 2376 a
1028 2313 1159 2377 vinculo

52 2421 153 2482 addit
170 2440 236 2482 non
253 2421 359 2496 licere,
375 2421 477 2483 etiam
502 2421 535 2481 in
559 2421 622 2482 hoc
645 2439 733 2494 casu,
750 2420 922 2481 dimissam
940 2438 1080 2480 uxorem
1098 2418 1158 2480 du-

53 2543 131 2584 cere
147 2523 209 2584 sub
226 2528 325 2604 poena
342 2523 503 2585 adulterii.
552 2522 637 2584 Aliis
654 2522 771 2597 verbiS,
784 2522 883 2584 verba
899 2521 993 2583 “nisi
1006 2521 1158 2600 obforni·

52 2623 239 2685 cationem'’
267 2625 528 2705 propositionem
557 2625 747 2686 incidentem
775 2625 992 2697 constituunt,
1015 2643 1089 2703 quae
1117 2623 1159 2684 ad

56 2727 282 2806 praecedentia
295 2728 399 2788 'verba
415 2732 431 2758 “
442 2726 609 2789 dimiserit
622 2747 753 2789 uxorem
764 2727 779 2752 '⁹
796 2726 940 2801 refertur,
957 2746 1022 2786 non
1048 2736 1159 2788 autem

55 2830 98 2890 ad
119 2829 291 2909 sequentia
307 2835 360 2912 ‘fet
373 2828 475 2890 aliam
491 2830 651 2905 duxerit'',
668 2831 715 2892 ita
731 2839 767 2892 ut
784 2849 899 2892 sensus
916 2829 959 2890 sit
978 2850 984 2891 :
1008 2829 1161 2908 quicum-

56 2951 124 3011 que
138 2931 301 2992 dimiserit
317 2950 457 2992 uxorem
474 2951 568 2994 suam
586 2931 688 3012 (quod
707 2932 843 3012 quidem
861 2930 1021 3002 nonlicet
1040 2931 1100 2991 nisi
1117 2931 1161 2992 ob

57 3033 339 3114 fornicationem),
355 3043 389 3095 et
412 3033 511 3095 aliam
529 3035 673 3107 duxerit,
691 3034 884 3097 moechatur.
932 3033 1074 3095 Proinde
1098 3033 1160 3094 for·

58 3136 192 3209 nicati0,
208 3155 266 3198 seu
284 3136 483 3198 adulterium
501 3145 550 3198 est
567 3137 702 3216 quidem
720 3134 887 3198 sufficiens
905 3137 989 3198 ratio
1006 3156 1060 3197 cur
1076 3155 1162 3197 uxor

58 3239 256 3312 dimittatur,
274 3239 292 3300 i.
310 3258 335 3299 e.
353 3240 520 3318 separatio
542 3238 599 3300 fiat
622 3260 643 3299 a
668 3239 777 3300 nrensd
792 3249 825 3300 et
839 3250 914 3315 toro,
931 3240 989 3300 sed
1014 3258 1080 3300 non
1106 3259 1163 3300 cur

59 3361 184 3403 novum
199 3340 308 3402 foedus
322 3341 452 3402 ineatur
462 3353 484 3402 2.
531 3342 660 3404 Revera
675 3342 776 3421 paulo
789 3351 866 3403 ante
881 3342 1033 3404 dixerat:
1051 3340 1161 3420 “quod

60 3445 154 3505 Deus
176 3441 362 3522 conjunxit,
378 3443 480 3504 homo
497 3464 563 3505 non
581 3444 748 3523 separet'’,
765 3453 798 3506 et
822 3443 1047 3506 declaraverat
1071 3442 1162 3504 libel-

60 3547 127 3608 lum
152 3544 280 3625 repudii
305 3564 370 3605 non
396 3544 539 3625 amplius
563 3546 701 3608 concedi
725 3547 787 3607 sub
812 3545 850 3609 N.
870 3546 970 3625 Lege,
987 3545 1037 3606 his
1054 3544 1162 3606 verbis

94 3750 203 3804 ¹Matt.
218 3753 299 3817 XIX,
310 3767 338 3818 93
358 3752 406 3806 cfr.
419 3753 535 3820 Fidian,
548 3754 657 3822 Evang.
672 3755 720 3808 sel.
736 3756 764 3808 S.
781 3755 930 3817 Matthieu‚
944 3755 971 3807 in
986 3755 1013 3807 h.
1027 3755 1080 3808 loc.

93 3843 102 3865 ²
117 3840 200 3906 Quod
214 3840 345 3907 analogia
359 3839 490 3893 illustrari
505 3851 606 3909 potest.
648 3843 829 3911 Supponatur
841 3842 885 3895 lex
898 3842 1030 3910 quaedam
1044 3841 1084 3894 sic
1097 3857 1163 3894 con·

61 3923 113 3994 cipi
132 3945 138 3978 :
161 3924 367 3995 “Quicumque
387 3926 474 3980 filium
489 3943 570 3980 suum
589 3928 766 3996 percusserit,
784 3927 836 3982 nisi
857 3930 894 3982 ob
911 3927 1160 3997 gravedeliflum

61 4028 177 4081 eumque
196 4012 339 4079 occiderit,
363 4013 534 4081 punietur'';
564 4031 632 4066 sane
651 4015 806 4083 propositio
826 4014 954 4069 incidens
974 4015 1001 4068 in
1022 4015 1075 4068 hoc
1095 4032 1161 4070 casu

63 4101 180 4168 priorem
192 4110 303 4156 tantum
317 4101 465 4156 sententiae
479 4114 588 4170 partem
602 4103 695 4167 afficit,
706 4118 762 4154 non
777 4102 973 4170 posteriorem
994 4119 1085 4170 neque
1099 4101 1162 4155 lice-

63 4188 101 4240 bit
114 4186 281 4240 concludere
302 4199 411 4256 patrem
425 4205 518 4257 posse,
534 4189 571 4242 ob
584 4189 681 4257 gravia
695 4186 805 4256 delitla,
824 4188 910 4242 filium
924 4188 1062 4243 occidere.
1103 4189 1159 4244 Cfr.

65 4274 137 4326 Renl
146 4273 179 4325 de
191 4273 224 4325 K
222 4274 352 4341 erallar'n,
367 4275 463 4328 Revue
476 4275 539 4342 gen.
553 4275 589 4328 du
604 4275 685 4328 droit.
703 4275 776 4343 1884,
790 4291 816 4343 p.
830 4275 892 4340 481.
