2770 4652
255 191 310 240 DE
329 191 619 243 POENITENTIAE
637 193 936 245 SACRAMENTO.
1074 189 1141 243 487

61 392 265 455 quacumque
289 375 500 458 alligaveritis
528 399 626 460 super
652 389 772 442 terram
797 389 894 442 erunt
920 379 1023 460 ligata
1048 389 1080 441 et
1108 377 1141 439 in

60 475 143 550 coeln,
159 485 191 538 et
207 497 426 560 quaecumque
443 480 605 543 solveritis
621 502 720 562 super
736 491 855 544 terram
872 492 969 545 erunt
985 482 1094 544 soluta
1110 490 1143 543 et

60 577 88 637 in
105 576 216 640 coelo''.
268 580 323 643 Ad
347 581 505 661 majorem
528 582 733 664 probationis
755 584 949 660 claritatem,
966 584 1056 664 prius
1072 602 1143 644 sen·

59 699 108 741 sus
128 680 242 744 horum
267 692 421 747 textuum
445 688 665 766 exponendus
689 697 747 749 est.
794 687 920 750 Notatu
937 687 1075 768 dignum
1093 695 1143 748 est

58 783 87 843 in
110 784 195 846 nullo
212 787 277 848 alio
294 787 474 869 Scriptura
498 789 570 850 loco
593 809 761 852 occurrere
785 790 994 864 sententiam,
1011 795 1027 822 ‘⁴
1038 791 1142 870 quod-

57 907 189 969 cumque
206 890 358 970 ligaveris
372 913 379 968 ;
402 892 636 975 quodcumque
652 893 796 967 solveris
844 912 1061 974 quaecumque
1073 892 1142 954 alli-

57 993 210 1070 gaveritis,
223 1014 442 1076 quaecumque
454 995 616 1059 solveritis
627 996 650 1058 ’'.
698 997 798 1058 Ratio
808 1005 858 1058 est
870 997 948 1077 quia
960 997 1031 1057 haec
1044 995 1144 1057 verba

56 1097 241 1174 exprimunt
258 1119 377 1161 novam
395 1108 594 1180 potestatem
610 1121 685 1182 quae
708 1119 877 1182 nunquam
901 1108 1001 1161 antea
1017 1097 1143 1160 homini

55 1200 168 1263 collata
195 1201 310 1277 luerat,
334 1213 532 1285 potestatem
556 1203 709 1266 videlicet
737 1222 925 1286 supremam
954 1203 986 1264 in
1015 1203 1142 1265 univer-

55 1323 120 1364 sam
143 1303 349 1382 Ecclesiam;
376 1307 479 1368 claues
499 1307 583 1368 enim
605 1308 732 1368 tradere
754 1306 842 1368 idem
865 1314 915 1367 est
938 1325 976 1368 ac
999 1314 1143 1386 potesta-

55 1413 117 1465 tem
141 1406 171 1466 in
196 1407 333 1470 domum
359 1409 514 1484 conferre,
531 1429 632 1490 quum
650 1407 758 1470 claves
779 1407 899 1469 domus
920 1407 1049 1470 soleant
1072 1427 1143 1468 esse

54 1526 149 1586 penes
176 1511 356 1592 principem
386 1532 443 1574 seu
471 1514 672 1593 superiorem
696 1514 825 1585 domus,
848 1512 899 1573 cui
924 1513 1026 1574 totius
1050 1510 1143 1572 sarni-

54 1611 102 1672 liae
118 1613 359 1678 administratio
375 1616 601 1678 committitur.
648 1615 812 1698 Quaenam
833 1617 875 1678 sit
896 1625 1008 1679 autem
1026 1625 1144 1678 natura

54 1711 146 1794 hujus
169 1718 343 1797 potestatis
367 1719 540 1800 sequentia
560 1717 661 1780 verba
680 1718 876 1781 declarant:
904 1718 1147 1800 “quodcumque

54 1817 282 1896 lr'gaverric...''‚·
321 1820 371 1882 his
402 1822 489 1883 enim
530 1822 732 1902 promittitur
763 1841 894 1884 summa
931 1830 1080 1902 potestas
1112 1820 1144 1881 in

54 1922 163 1982 ordine
178 1923 419 2003 supernaturali
444 1924 568 2005 ligandi
593 1922 738 1986 fidelium
756 1924 944 1986 voluntates
968 1944 1026 2005 per
1047 1923 1145 2003 leges,

51 2021 217 2100 judiciales
240 2027 422 2089 sententias
449 2038 482 2089 et
508 2047 647 2108 poenas;
681 2025 752 2088 aliis
776 2036 887 2089 autem
904 2025 1146 2106 “quorumque

53 2126 222 2190 solverrlr...'’
248 2129 452 2209 promittitur
479 2139 627 2211 potestas
651 2129 800 2192 solvendi
825 2129 955 2192 vincula
978 2147 1144 2210 quaecum-

53 2247 112 2306 que
129 2249 202 2310 quae
220 2229 333 2293 fideles
350 2233 392 2293 ab
408 2232 557 2312 ingressu
570 2232 644 2294 coeli
662 2232 835 2312 prohibere
851 2242 997 2313 possunt.
1046 2229 1145 2292 Unde

53 2330 95 2392 sic
107 2335 330 2412 argumentari
343 2335 441 2396 datur
455 2360 461 2397 :
486 2334 636 2399 Christus
654 2335 761 2410 Petr0,
774 2344 808 2397 et
822 2333 1004 2415 Apostolis,
1017 2351 1145 2394 eorum·

53 2453 112 2512 que
134 2437 376 2499 successoribus
400 2439 449 2516 (ut
472 2441 630 2519 probatur
647 2441 679 2501 in
702 2439 754 2501 Tr.
771 2439 809 2500 de
826 2436 981 2518 Ecclesid)
997 2435 1146 2519 promisit

53 2557 237 2618 supremam
255 2549 455 2623 potestatem
474 2562 539 2604 non
557 2544 664 2606 solum
682 2544 806 2624 ligandi
832 2540 978 2605 fidelium
995 2541 1147 2604 volunta·

53 2647 106 2715 tes,
124 2641 179 2702 sed
202 2642 303 2705 etiam
322 2643 470 2706 solvendi
493 2647 605 2708 omnia
621 2647 754 2709 vincula
770 2667 844 2728 quae
861 2666 918 2708 eos
939 2647 982 2708 ab
999 2645 1146 2726 ingressu

52 2744 139 2824 regni
156 2746 315 2808 coelorum
332 2746 485 2810 cohibere
506 2759 667 2830 possunt;
695 2752 787 2831 atqui
809 2769 889 2812 sane
911 2757 1049 2831 peccata
1070 2755 1148 2808 sunt

52 2866 149 2910 unum
167 2868 185 2910 e
201 2849 377 2932 praecipuis
393 2851 531 2914 vinculis
554 2873 629 2934 quae
654 2853 726 2915 illos
750 2875 769 2916 a
793 2854 879 2915 coelo
895 2853 946 2915 vel
970 2849 1148 2912 excludere

52 2951 98 3012 vel
127 2955 293 3016 retardare
320 2953 454 3030 valent;
492 2975 571 3036 ergo
600 2955 650 3018 his
679 2956 786 3018 verbis
817 2955 967 3018 Christus
996 2952 1148 3034 promisit

52 3052 221 3136 Apostolis
232 3075 413 3138 eorumque
423 3059 666 3120 successoribus
677 3069 878 3143 potestatem
890 3067 1026 3140 peccata
1037 3056 1147 3118 remit·

52 3158 147 3220 tendi.
195 3159 271 3221 Hoc
294 3171 527 3240 argumentum
544 3173 653 3242 perse
674 3162 845 3244 probabile
868 3169 927 3237 est,
944 3181 1010 3223 non
1035 3169 1147 3222 autem

51 3260 297 3342 apodidlicum;
326 3266 383 3327 sed
407 3265 478 3346 ejus
494 3267 543 3328 vis
563 3287 606 3328 ex
627 3266 735 3328 verbis
753 3265 784 3328 S.
801 3265 940 3346 Joannis
962 3273 994 3326 et
1013 3264 1147 3325 Patrum

51 3362 244 3428 auctoritate
260 3365 368 3445 (inira,
385 3388 414 3429 n.
437 3367 488 3448 19)
506 3369 653 3430 maxime
671 3379 817 3449 augetur.

82 3533 238 3604 Objiciunt
252 3533 374 3604 quidem
388 3533 583 3591 Prolcstaules
597 3535 686 3592 verba
698 3536 803 3591 soluere
820 3545 849 3592 et
867 3535 967 3606 ligare,
982 3532 1148 3592 secundum

51 3637 131 3678 usum
146 3620 291 3692 loquendi
304 3621 507 3692 talmudicum‚
524 3621 603 3678 idem
618 3621 784 3692 significare
797 3639 831 3678 ac
845 3621 994 3679 declarare
1007 3637 1068 3677 rem
1082 3637 1146 3676 esse

51 3707 156 3765 licitam
171 3707 216 3765 vel
230 3725 310 3778 non;
329 3709 531 3766 diciturenim
546 3709 574 3764 in
589 3708 739 3767 Talmude
756 3731 762 3766 ι
781 3709 829 3765 alli
843 3709 965 3778 solvunt,
981 3706 1028 3762 alii
1043 3707 1147 3777 legant,

51 3795 64 3848 i.
78 3813 100 3852 e.
115 3795 163 3852 alii
177 3795 282 3852 dicunt
295 3811 358 3852 rem
371 3813 436 3852 esse
449 3795 568 3865 licitam,
579 3795 627 3852 alii
642 3795 780 3852 illicitam.
818 3796 874 3852 Sed
889 3795 1046 3863 immerito;
1066 3811 1144 3864 nam,

50 3901 138 3953 quum
154 3885 221 3954 pars
234 3883 440 3954 antiquissima
454 3882 611 3939 Talmudis
625 3883 742 3940 nonnisi
757 3883 834 3938 circa
848 3881 939 3938 finem
952 3898 1018 3938 saec.
1033 3881 1064 3936 11
1079 3882 1146 3937 scri·

51 3979 97 4038 pta
111 3970 204 4038 luerit,
221 3987 279 4026 non
294 3970 385 4040 liquet
399 3980 485 4028 aetate
498 3969 608 4028 Christi
627 3971 704 4026 hanc
721 3969 810 4026 fuisse
827 3967 1075 4039 significationem
1094 3967 1146 4025 hu-

49 4056 176 4124 jusmodi
189 4057 399 4136 formularum
422 4056 482 4114 imo
495 4058 673 4114 contrarium
693 4057 762 4114 satis
780 4066 895 4113 constat
914 4073 949 4112 ex
963 4054 1082 4126 loseplro
1094 4056 1145 4127 (de

52 4143 132 4202 Bello
143 4144 274 4215 judaico,
291 4145 308 4202 l.
326 4144 350 4214 1,
363 4162 388 4200 c.
404 4159 426 4216 5,
441 4163 469 4202 n.
486 4146 525 4216 2);
545 4145 598 4202 sed
611 4145 731 4215 insuper
745 4161 848 4201 sensus
861 4161 897 4201 ex
909 4149 1040 4200 contextu
1052 4142 1146 4201 deter-

51 4229 151 4287 minari
165 4229 255 4289 debet
268 4250 276 4301 ;
294 4232 425 4303 jamvero
438 4229 486 4287 hic
498 4231 593 4303 agitur
606 4231 645 4289 de
659 4231 692 4288 iis
707 4230 815 4302 quibus
833 4231 894 4302 jam
912 4230 1019 4288 tradita
1031 4240 1076 4288 est
1089 4230 1146 4286 cla-

51 4317 89 4375 vis
108 4319 190 4390 regni
210 4319 364 4390 coelorum,
377 4320 394 4375 i.
411 4337 436 4378 e.
453 4337 591 4392 suprema
604 4319 784 4390 audioritas3
804 4319 934 4390 ideoque
947 4335 1147 4390 quaecumque
