2752 4648
201 190 257 239 DE
277 190 499 248 Mustelam,
515 191 790 242 PRAESENTIAE
809 191 973 242 nant-18.
1073 189 1135 244 341

84 367 148 458 (B)
179 373 235 435 Ex
261 374 416 456 liturgiis,
440 375 472 437 in
499 374 619 455 quibus
644 395 735 456 saepe
762 375 882 438 dicitur
908 391 1029 457 panem
1047 371 1137 456 fieri,

45 477 264 551 transmutari,
279 477 565 550 transelementan‘,
580 477 723 540 transire
737 478 770 540 in
787 497 906 559 corpus
925 476 1047 541 Christi
1061 497 1068 552 ;
1090 475 1136 538 sic

44 597 67 638 u.
81 598 109 658 g.
126 579 159 640 in
175 578 309 660 liturgia
324 579 484 652 Alexand.
502 580 640 660 legitur:
663 585 678 612 “
694 580 770 661 lpse
786 580 893 661 igitur,
911 580 1063 652 Domine,
1079 581 1136 641 tuh

44 699 116 742 voce
135 681 206 744 haec
228 682 398 763 proposita
421 691 622 745 transmuta.
635 731 657 744 ..
678 682 711 744 in
735 682 843 764 ipsum
864 702 984 764 corpus
1008 691 1041 742 ct
1061 697 1134 742 san·

43 784 170 862 guinem
193 794 315 848 nostrae
339 785 542 849 liberationis
555 786 592 862 '’;
615 787 647 848 in
667 785 714 848 lit.
733 786 769 848 S.
785 786 928 848 Basilii:
951 790 966 816 “
979 782 1137 848 Transfer

43 904 101 960 eos,
117 887 163 949 ita
179 897 217 950 ut
232 889 327 968 panis
342 888 477 969 quidem
503 887 560 951 fiat
582 908 710 969 corpus.
726 900 760 951 et
781 888 844 951 hoc
866 889 1009 951 mixtum
1029 887 1062 949 in
1082 905 1134 948 ca-

43 985 96 1049 lice
110 991 245 1070 sanguis
261 999 337 1054 tuus
350 992 513 1073 pretiosus
523 991 548 1057 '’.
594 991 665 1054 Nec
676 991 806 1054 dicatur
817 991 1015 1054 vocabulum
1028 999 1135 1051 trans·

42 1089 334 1156 substantiationem
364 1113 436 1156 esse
467 1112 612 1170 novum;
649 1115 717 1157 vox
755 1095 918 1176 siquidem
955 1113 1042 1156 nova
1075 1101 1135 1166 est,

42 1212 137 1272 quum
153 1194 366 1260 Hildebertus
386 1197 504 1260 Traron.
519 1194 559 1278 (†
579 1197 674 1278 1134)
691 1197 816 1278 primus
835 1197 878 1259 sit
897 1195 1006 1262 forsan
1022 1195 1079 1276 qui
1095 1198 1133 1255 ea

43 1315 112 1358 usus
137 1296 243 1372 suerit,
258 1300 316 1362 sed
335 1297 486 1363 destrina
507 1301 579 1380 ipsa
601 1309 652 1362 est
675 1299 835 1381 antiqua;
859 1319 919 1362 nec
943 1298 1061 1360 mirum
1084 1307 1134 1361 est

42 1416 156 1462 novum
172 1401 372 1465 vocabulum
388 1410 584 1484 usurpatum
601 1401 710 1478 luisse,
721 1422 825 1483 quum
841 1401 1003 1465 vocabula
1026 1399 1134 1464 Tn'ni-

43 1509 93 1574 tas,
107 1502 296 1566 Incarnntio
310 1516 371 1568 etc.
389 1505 520 1567 nonnisi
537 1515 614 1586 post
629 1503 757 1585 aliquot
778 1505 899 1568 saecula
916 1505 1051 1568 inventa
1066 1502 1134 1566 lue·

42 1604 107 1680 rint,
134 1608 175 1670 ad
202 1607 321 1671 clarius
348 1607 545 1689 breviusque
570 1607 825 1689 exprimendam
852 1604 1038 1670 dot‘trinam
1063 1605 1132 1687 jam
1180 1677 1182 1682 ,

42 1718 134 1771 antea
147 1710 315 1774 creditam.

61 1859 298 1931 Quaestiones
322 1861 564 1922 scholasticae
587 1862 634 1919 de
653 1825 1119 1920 transsubstantiatione.

81 1987 134 2052 Ad
151 1991 417 2071 investigandam
438 1990 570 2072 penitus
590 1989 759 2053 notionem
777 1987 1134 2050 Transsubstantiatio-

43 2091 95 2167 nis,
110 2092 257 2175 theologi
276 2093 436 2175 plurimas
459 2094 660 2175 quaestiones
679 2081 879 2175 proponunt,
895 2110 977 2171 quas
993 2089 1135 2152 breviter

43 2194 160 2257 solvere
177 2195 389 2260 intendimus.

78 2316 124 2380 39.
176 2311 207 2362 1⁰
227 2299 391 2381 Quaerunt
417 2299 579 2381 imprimis
606 2309 718 2360 utrum
744 2296 977 2378 desitiopanis
1001 2293 1132 2372 etvini,

43 2419 107 2480 quae
123 2401 231 2463 locum
248 2401 349 2464 habet
368 2401 400 2463 in
420 2401 676 2476 consecratione,
693 2400 805 2463 vocari
810 2401 915 2482 possit
928 2399 1133 2464 annihilatio.

78 2503 126 2582 (a)
143 2502 290 2566 Scotislae
303 2502 499 2565 affirmative
515 2505 737 2584 respondent;
760 2503 840 2566 illud
863 2503 951 2566 enim
971 2503 1131 2566 annihila-

43 2615 97 2680 tur,
111 2607 272 2688 inquiunt‚
289 2607 382 2688 cujus
400 2606 479 2669 nihil
497 2608 634 2669 omnino
651 2615 820 2683 remanet;
843 2607 936 2687 atqui
956 2604 1036 2668 nihil
1056 2606 1132 2668 sub-

42 2711 164 2774 stantiae
179 2711 275 2791 panis
290 2719 324 2773 et
339 2711 407 2774 vini
424 2720 499 2793 post
515 2711 798 2775 consecrationem
816 2719 949 2787 manet;
972 2730 1060 2792 ergo,

79 2813 125 2892 (b)
146 2814 320 2888 Themista
333 2835 410 2877 vero
426 2823 459 2876 et
476 2815 623 2896 plerique
647 2813 701 2875 alii
723 2812 869 2893 theologi
887 2823 1031 2893 negant;
1054 2832 1131 2874 nam

43 2916 228 2979 annihilatio
254 2917 342 2980 sistit
366 2917 561 2997 simpliciter
587 2917 619 2978 in
648 2936 714 2978 non
741 2934 822 2990 esse,
840 2913 919 2978 dum
946 2913 1133 2976 substantia

43 3020 128 3096 panis
143 3029 176 3082 et
191 3021 260 3081 vini
277 3021 310 3082 in
329 3019 538 3082 Eucharistin
555 3039 620 3082 non
638 3019 747 3081 tendit
770 3018 811 3079 ad
833 3037 951 3099 purum
969 3017 1059 3092 nihil,
1074 3018 1132 3080 sed

43 3123 236 3183 convertitur
258 3122 291 3183 in
315 3141 433 3202 corpus
457 3130 490 3183 et
512 3122 707 3202 sanguinem
731 3120 874 3199 Christi;
896 3139 976 3201 ergo
998 3132 1133 3184 nonest

43 3223 227 3287 annihilatio
254 3226 386 3306 proprie
411 3223 508 3288 dieta.
566 3224 643 3288 Non
671 3224 759 3288 valet
785 3225 885 3305 igitur
912 3223 1130 3288 Scotistarum

43 3336 274 3408 argumentum,
299 3327 386 3409 quia,
411 3325 488 3391 licet
512 3327 593 3390 nihil
621 3327 716 3408 panis
741 3336 921 3402 remaneat,
945 3327 1132 3392 substantia

44 3447 99 3490 non
114 3431 183 3492 abit
199 3431 232 3493 in
250 3429 331 3492 nihil
348 3431 551 3512 simpliciter,
566 3431 622 3492 sed
641 3431 760 3492 transit
776 3431 808 3492 in
825 3450 944 3511 corpus
962 3429 1084 3494 Christi
1097 3442 1116 3492 ¹.

78 3545 122 3608 4ο.
169 3546 205 3595 2⁰
216 3532 386 3614 Quaeritur
401 3534 535 3614 insuper
548 3553 697 3613 quanam
711 3535 758 3595 rit
772 3543 893 3595 natura
908 3533 1052 3606 neironis,
1067 3533 1131 3614 qud

45 3629 182 3697 Christus
188 3635 238 3716 fit
243 3646 387 3716 psaesens
401 3636 436 3698 in
452 3635 674 3698 Eucharistnl.

79 3736 123 3819 (a)
140 3737 288 3801 Scotr'stae
301 3748 421 3820 putant
442 3737 531 3800 illam
557 3735 722 3802 altionem
747 3757 819 3799 csse
838 3746 968 3799 tantum
984 3737 1131 3801 addubir'-

44 3857 115 3914 eam,
136 3851 301 3922 quatenus
322 3839 491 3906 Christum
514 3839 614 3904 veluti
639 3841 775 3903 adducit
799 3840 861 3902 sub
884 3839 1056 3920 speciebus
1076 3861 1130 3904 eu·

43 3939 221 4020 charisticis‚
236 3954 274 4008 ut
291 3944 334 4006 ibi
352 3929 472 4008 novam
490 3943 627 4006 localem
645 3943 856 4024 praesentiam
873 3942 1022 4023 acquirat
1030 3955 1051 4006 ².

73 4123 118 4176 ¹S.
138 4125 165 4178 T
161 4124 268 4191 homas,
280 4137 297 4194 3
310 4141 336 4194 p.
350 4142 376 4195 q.
391 4138 433 4194 75,
447 4142 471 4178 a
486 4142 518 4194 3;
538 4123 654 4192 Saurea,
672 4105 744 4194 disp.
764 4138 803 4194 50,
819 4122 888 4178 seit.
904 4137 930 4192 7,
948 4142 972 4178 a
987 4139 1022 4190 2;
1042 4125 1131 4194 Lago,

42 4205 102 4276 disp.
115 4211 181 4276 Vll,
194 4209 263 4265 sest
283 4228 321 4264 ra.

71 4296 286 4364 ²Bellarminus,
307 4297 354 4368 qui
378 4296 640 4373 hancopinionem
660 4313 741 4351 suam
758 4297 837 4384 ¹lacit,
859 4315 923 4352 eam
945 4297 986 4351 sic
1006 4297 1130 4352 declarat
