2770 4652
441 185 774 238 PROLEGOMENA.
1090 187 1157 239 483

43 361 216 443 injuriam
231 366 307 429 Deo
319 368 476 450 irrogavit
489 390 496 446 ;
519 388 607 449 ergo,
620 388 663 429 ex
678 376 845 449 praecepto
858 365 1006 447 justitiae,
1018 365 1060 428 ad
1074 366 1159 428 banc

42 465 216 546 injuriam
256 472 539 551 compensandam
578 480 709 533 tenetur
746 467 978 552 poenitentiam
1020 468 1158 550 agendo

42 568 206 634 Accedit
233 571 298 634 alia
327 574 436 636 ratio:
474 574 593 654 cuique
620 573 810 655 praecipitur
840 571 1016 654 spiritualis
1044 570 1159 632 salutis

42 692 175 736 curam
189 673 310 737 habere
326 697 333 752 ;
356 677 447 757 atqui
461 686 614 757 peccator
626 676 772 739 animam
786 696 879 739 suam
894 676 1021 738 salvare
1037 675 1160 756 nequit,

44 775 116 838 nisi
146 777 192 838 de
215 779 360 858 peccatis
384 777 537 860 gravibus
562 779 747 859 poeniteat;
771 800 850 860 ergo
865 780 896 842 vi
913 779 1062 840 caritatis
1084 797 1161 860 erga

42 877 210 958 seipsum,
228 881 459 960 poenitentiam
477 901 574 962 agere
591 891 728 945 tenetur.

97 995 155 1045 11.
215 982 403 1048 Corollaria.
458 984 517 1065 (A)
543 987 748 1067 Praeceptum
775 987 957 1068 poenitendi
985 996 1035 1049 est
1062 981 1159 1047 simul

46 1085 254 1163 negativum
273 1097 306 1150 et
320 1088 528 1169 positivum:
551 1099 714 1170 quatenus
731 1090 927 1170 negativum,
944 1089 1096 1171 prohibet
1120 1107 1161 1150 ne

46 1188 135 1267 quis
154 1189 188 1250 in
207 1192 351 1270 peccatis
367 1191 429 1253 sibi
445 1193 650 1272 complaceat
667 1215 673 1268 ;
696 1213 764 1274 quo
779 1212 876 1255 sensu
888 1191 1015 1272 obligat
1031 1211 1162 1272 semper

47 1300 85 1352 et
101 1311 171 1372 pro
184 1312 314 1376 semper
326 1316 334 1371 ;
357 1304 521 1376 quatenus
530 1296 720 1376 positivum,
734 1297 883 1378 praecipit
896 1305 932 1358 ut
945 1295 1018 1378 quis
1031 1295 1073 1358 de
1086 1315 1161 1376 pec·

49 1391 146 1454 catis
164 1395 350 1458 commissis
366 1396 486 1472 doleat,
503 1409 536 1460 et
553 1408 631 1461 tunc
648 1399 774 1480 obligat
798 1407 949 1480 tempore
964 1407 1162 1480 opportuno,

50 1504 133 1556 turn
154 1507 273 1576 perse,
290 1500 306 1561 i.
323 1519 348 1561 e.
366 1500 397 1561 vi
421 1500 523 1581 ipsius
538 1502 668 1564 virtutis
689 1502 904 1584 poenitentiae,
920 1511 991 1564 tum
1012 1512 1072 1582 per
1084 1500 1162 1562 occi·

51 1597 149 1673 dens,
168 1601 185 1662 i.
203 1623 228 1663 e.
246 1603 277 1663 vi
294 1602 377 1666 alius
394 1605 558 1685 praecepti.

104 1719 158 1767 12.
206 1703 267 1786 (B)
279 1705 389 1768 Perse
400 1706 527 1787 obligat
539 1728 546 1768 :
569 1706 619 1788 (a)
629 1703 729 1785 juxta
741 1723 866 1782 omneS,
879 1705 1015 1769 articulo
1027 1706 1140 1769 rnortis
1153 1730 1165 1770 .·

56 1813 146 1866 tunc
163 1807 252 1870 enim
269 1809 410 1889 quisque
431 1817 569 1884 tenetur,
588 1809 714 1871 ratione
735 1809 874 1889 justitiae
898 1829 976 1890 erga
993 1809 1114 1884 Deum,
1131 1819 1164 1872 et

56 1908 215 1971 caritatis
228 1931 306 1992 erga
318 1913 472 1992 seipsum,
484 1911 557 1973 Deo
574 1911 774 1974 reconciliari
792 1931 926 1992 suaeque
942 1911 1040 1973 saluti
1058 1911 1165 1992 provi-

57 2010 153 2088 dere,
164 2032 268 2092 quum
286 2013 375 2077 aliud
392 2025 524 2096 tempus
541 2033 607 2076 non
620 2015 769 2094 supersit.
818 2014 866 2094 (b)
881 2013 1164 2087 Probabiliusmli-

59 2115 190 2192 quoties
206 2117 240 2177 in
256 2117 350 2190 vitm·
375 2137 452 2180 nam
468 2117 585 2181 dilatio
606 2117 708 2180 nimia
726 2117 948 2180 conversionis
967 2117 1009 2178 ab
1025 2113 1165 2180 auctori-

61 2216 128 2280 bus
146 2222 248 2282 sacris
264 2224 409 2303 graviter
421 2221 672 2303 reprehenditur
686 2245 692 2283 :
716 2225 732 2252 “
746 2220 821 2282 Non
835 2219 945 2280 tardes
958 2219 1105 2281 converti
1122 2222 1164 2283 ad

64 2319 266 2400 Dominum,
277 2335 310 2388 et
327 2347 367 2388 ne
383 2325 517 2388 differas
529 2326 570 2389 de
583 2327 637 2389 die
654 2326 686 2386 in
700 2323 788 2385 diem
802 2345 808 2384 :
832 2321 942 2383 subito
955 2321 1043 2382 enim
1057 2321 1166 2383 veniet

62 2423 113 2485 ira
127 2425 225 2502 illius,
233 2436 266 2489 et
280 2429 311 2488 in
326 2437 475 2510 tempore
488 2424 643 2492 vindictae
655 2424 824 2508 disperdet
837 2424 927 2498 te”¹;
952 2422 1165 2487 “Secundum

63 2537 181 2590 autem
207 2530 362 2594 duritiam
387 2541 478 2594 tuam
503 2542 536 2595 et
560 2531 774 2612 impoenitens
797 2547 862 2602 cor,
879 2527 1081 2589 thesaurizas
1105 2527 1167 2590 tibi

64 2630 150 2694 iram
170 2633 202 2693 in
220 2634 274 2695 die
291 2635 346 2697 irae
357 2637 404 2698 ''².
451 2635 598 2698 Aliunde
614 2635 731 2697 dilatio
747 2632 969 2695 conversionis
983 2640 1033 2694 est
1041 2630 1166 2712 pericu-

64 2733 136 2795 losa
151 2735 264 2812 saluti,
280 2739 357 2820 quia
380 2739 411 2800 in
430 2758 515 2800 nova
532 2749 667 2818 peccata
684 2735 780 2799 facile
802 2736 937 2808 inducit,
954 2735 1108 2796 meritum
1125 2734 1167 2796 de

64 2839 238 2918 condigno
261 2841 464 2922 impossibile
481 2842 589 2904 reddit
606 2861 644 2902 ac
660 2839 805 2922 periculo
821 2835 1046 2899 damnationis
1063 2855 1167 2918 expo-

66 2941 126 3015 nit,
144 2943 171 3002 si
190 2961 277 3005 mors
293 2944 404 3006 subito
420 2953 586 3020 occurrat;
610 2953 660 3005 est
676 2944 776 3005 etiam
794 2941 863 3002 Deo
878 2937 1046 3019 insidiosa,
1062 2958 1165 3018 quum

66 3063 127 3122 per
141 3043 280 3126 longum
298 3056 429 3128 tempus
445 3056 599 3128 peccator
610 3043 681 3126 ejus
694 3043 846 3105 inimicus
860 3049 1001 3102 maneat.
1048 3039 1096 3120 (c)
1107 3059 1167 3102 nec

67 3153 193 3224 tamen,
216 3151 426 3231 probabilius
446 3151 559 3213 statim
585 3156 659 3229 post
683 3156 879 3228 peccatum;
908 3164 994 3219 nam,
1011 3163 1054 3205 ex
1079 3164 1167 3206 com-

66 3252 163 3312 muni
182 3271 279 3316 sensu
297 3254 453 3328 fidelium,
466 3273 531 3315 non
550 3250 740 3332 agnoscitur
756 3248 864 3328 gravis
880 3247 1042 3328 obligatio
1054 3247 1166 3308 statim

67 3355 266 3432 poenitendi,
283 3376 343 3419 nec
364 3358 396 3418 in
419 3355 626 3418 consessione
643 3351 819 3414 accusandi
842 3351 1043 3412 ordinariam
1061 3349 1169 3429 poeni-

67 3459 186 3520 tentiae
202 3459 405 3523 dilationem.
452 3459 581 3522 Revera
603 3464 770 3538 praecepta
790 3451 987 3514 affirmativa
1003 3470 1069 3512 non
1087 3450 1169 3512 obli·

68 3573 153 3642 gant
170 3564 212 3625 ad
230 3565 352 3638 statim,
368 3566 425 3627 sed
443 3564 484 3626 ad
504 3573 635 3643 tempus
652 3557 921 3628 determinatum,
939 3563 972 3616 et
994 3553 1079 3615 sicut
1095 3556 1169 3635 quis

69 3665 186 3726 divino
202 3666 419 3729 confessionis
437 3673 604 3747 praecepto
621 3661 782 3724 satisfacit
804 3677 861 3739 per
878 3675 1023 3718 annuam
1041 3656 1168 3717 confes-

70 3769 210 3842 sionem,
223 3769 310 3833 idem
329 3771 451 3852 pariter
463 3769 528 3832 dici
546 3775 657 3849 potest
673 3767 715 3828 de
732 3764 803 3844 ipsa
819 3760 1027 3842 poenitentiae
1040 3760 1168 3823 virtute.

71 3869 123 3950 (S.
142 3871 198 3932 Th.
215 3872 329 3954 Suppl.
343 3893 372 3954 q.
385 3875 415 3949 6,
427 3893 454 3935 a.
471 3873 511 3953 5.)
1116 3929 1118 3934 .

117 3989 163 4053 13
211 3973 270 4057 (C)
287 3977 356 4039 Per
369 3975 512 4039 accidens
528 3982 639 4037 autem
657 3970 793 4050 obligat,
809 3967 939 4047 quoties
953 3976 1083 4029 tenetur
1095 3967 1170 4048 quis

72 4099 115 4142 ex
132 4078 199 4141 alio
216 4090 384 4163 praecepto
405 4089 530 4142 statum
550 4077 665 4160 gratiae
686 4089 886 4154 recuperare,
903 4090 932 4131 v.
952 4087 980 4148 g.
999 4066 1041 4129 ad
1061 4087 1169 4128 sacra·

74 4193 186 4248 menta
203 4185 423 4247 ministranda
439 4181 490 4244 vel
508 4179 704 4262 recipienda.

108 4343 115 4366 ¹
128 4329 219 4394 Eccli,
232 4328 267 4393 V,
280 4325 335 4396 8·9.
354 4357 381 4366 -
398 4333 408 4355 ²
421 4329 500 4382 Rom.
520 4327 558 4390 11,
574 4327 629 4390 46.
