2752 4648
250 121 315 174 ³³8
432 158 437 167 -
708 126 848 177 CAPUT
867 125 891 176 Ι.

246 322 321 384 qua·
344 303 407 366 hoc
428 304 508 386 ipso'
530 312 563 366 et
590 304 717 387 absque
739 305 805 367 alia
831 306 881 367 sui
909 306 1103 380 mutatione,
1130 306 1249 370 desinit
1271 325 1329 366 esse

245 405 438 482 substantia,
450 409 529 488 quia
541 407 692 488 jamnon
711 409 742 471 in
760 409 795 470 in
808 430 841 472 se
851 420 906 485 est,
918 409 976 472 sed
990 411 1023 472 in
1040 409 1105 472 alio
1121 418 1329 476 sustentante:

246 511 397 591 adeoque
421 520 533 573 manet
554 512 687 593 quidem
710 522 829 575 natura
845 513 950 594 panis,
965 513 1023 574 sed
1046 512 1079 573 in
1103 515 1143 574 ea
1164 521 1267 574 cessat
1281 511 1329 573 lor·

247 613 343 676 malis
359 615 443 676 ratio
464 614 680 677 substantiae:
703 623 737 677 et
757 616 832 678 ideo
856 634 923 677 non
947 615 1022 676 duae
1043 624 1122 678 sunt
1145 614 1329 681 substantia,

246 712 398 779 seduna
422 715 503 790 sola,
529 734 650 798 nempe
676 719 822 799 corporis
847 717 969 781 Christi
982 716 1006 777 '’.
1052 717 1145 779 Talis
1168 716 1329 798 explicatio

246 821 380 883 tolerari
394 841 456 882 nrm
465 819 570 900 pot'est
590 819 634 880 ex
654 820 789 882 decreto
806 819 839 883 S.
857 817 967 884 Officii
988 821 1066 899 1875
1083 831 1102 881 ¹.
1151 819 1197 882 Et
1212 819 1329 883 merito:

246 944 324 986 nam
342 923 491 986 Ecclesia
511 921 660 984 delinivit
683 931 789 984 totam
813 923 1034 985 substantiam
1056 923 1153 1003 panis
1174 929 1208 985 et
1227 922 1289 983 vini
1306 921 1329 980 in

246 1046 365 1108 corpus
389 1034 422 1088 et
439 1024 636 1106 sanguinem
660 1023 782 1087 Christi
804 1025 963 1095 converti,
979 1025 1025 1087 ita
1043 1033 1080 1087 ut
1101 1025 1144 1086 de
1163 1045 1248 1106 pane
1267 1023 1330 1085 nihil

246 1139 380 1192 maneat
404 1129 466 1190 nisi
487 1126 694 1200 accidentia;
718 1125 878 1206 jamvero,
899 1126 1000 1207 juxta
1024 1126 1199 1208 praelatam
1223 1126 1331 1208 opinio-

246 1253 332 1306 nem,
348 1231 473 1312 aliquid
490 1229 583 1291 aliud
598 1237 756 1302 maneret,
772 1229 927 1293 videlicet
943 1230 1016 1312 ipsa
1032 1239 1151 1294 natura
1167 1233 1267 1312 panis

245 1334 297 1414 (d)
316 1333 433 1413 Neque
456 1330 588 1394 admitti
612 1334 723 1411 potest
746 1331 861 1410 opinio
875 1332 1104 1408 Rosminiana,
1120 1339 1196 1414 qu'ae
1212 1334 1255 1395 sic
1270 1351 1331 1413 pro·

245 1437 399 1518 ponitur:
422 1441 437 1468 ‘⁴
451 1436 490 1497 In
514 1433 733 1497 eucharistico
756 1446 974 1512 sacramento,
989 1436 1177 1500 substantia
1200 1435 1288 1518 panis
1307 1443 1332 1494 et

233 1541 312 1604 ‚vini
328 1539 366 1602 fit
380 1558 458 1601 vera
473 1557 549 1600 caro
573 1545 606 1598 et
629 1556 725 1598 verus
746 1534 882 1616 sanguis
899 1534 1032 1612 Christi,
1048 1536 1185 1617 quando
1201 1535 1332 1599 Christus

245 1663 319 1704 eam
341 1641 418 1704 iacit
438 1641 615 1702 terminum
640 1639 690 1699 sui
713 1637 866 1719 principii
890 1639 1074 1713 sentientis,
1095 1639 1266 1718 ipsamque
1286 1639 1332 1696 suri

245 1747 313 1808 vita
337 1741 502 1820 vivifican
533 1763 574 1805 eo
601 1741 703 1803 ferme
729 1741 831 1803 modo
856 1761 924 1822 quo
950 1741 1045 1822 panis
1071 1751 1106 1804 et
1132 1741 1245 1803 vinum
1271 1757 1332 1800 vere

246 1847 603 1912 transsubstantiantur
624 1845 658 1906 in
683 1853 832 1906 nostram
849 1863 982 1905 carnem
1000 1854 1034 1908 et
1049 1844 1256 1923 sanguinem,
1270 1841 1332 1921 quia
1366 1893 1367 1896 ,

246 1951 329 2014 fiunt
348 1951 509 2014 terminus
525 1947 628 2010 nostri
643 1945 795 2028 principii
811 1945 986 2007 sentientis
997 1944 1020 2006 ’'.
1061 1943 1147 2025 Quae
1168 1941 1332 2026 propositio
1366 1935 1367 1990 l

246 2045 405 2117 damnata
422 2053 483 2115 luit
499 2051 656 2132 pariter'a
671 2047 708 2110 S.
722 2046 833 2129 Officio
853 2065 892 2124 14
908 2047 987 2110 Dec.
1004 2045 1084 2126 1887
1097 2059 1118 2110 ².
1159 2047 1246 2109 Nam
1262 2043 1332 2108 tollit

245 2155 476 2219 concursionem
493 2153 591 2215 totius
601 2149 790 2213 substantia
802 2149 898 2230 panis
910 2150 943 2214 in
955 2169 1076 2230 corpus
1088 2149 1212 2214 Christi
1224 2171 1232 2226 ;
1249 2145 1332 2227 siqui·

245 2260 322 2322 dem
338 2253 427 2340 quod
445 2253 558 2319 ma'net
582 2255 614 2316 in
638 2272 699 2314 suo
721 2271 794 2314 esse
813 2272 852 2314 ac
871 2251 1084 2316 solummodo
1101 2273 1222 2316 novam
1238 2251 1333 2316 termi-

245 2363 415 2424 nationem
432 2355 582 2441 acquirit,'
590 2356 721 2438 proprie
738 2375 804 2417 non
821 2355 1024 2418 convertitur
1035 2356 1068 2416 in
1082 2356 1173 2420 aliud
1188 2377 1195 2432 ;
1218 2357 1334 2434 insuper

245 2467 272 2526 si
296 2464 482 2528 substantia
505 2463 601 2544 panis
623 2469 657 2522 et
679 2458 747 2520 vini
771 2457 808 2521 fit
832 2458 993 2522 terminus
1008 2459 1161 2540 principii
1179 2455 1333 2521 sentientis

247 2566 378 2640 Christi,
393 2565 517 2647 aliquid
542 2563 640 2644 hujus
663 2560 860 2623 substantiae
885 2571 998 2623 manet
1020 2571 1103 2642 post'
1122 2559 1332 2625 Consecratio-

241 2685 322 2728 ·nem
338 2687 345 2728 :
371 2666 459 2747 quod
477 2683 557 2726 sane
573 2663 779 2726 Tridentinae
795 2661 980 2726 definitioni
996 2663 1186 2744 opponitur.

286 2811 334 2890 36.
375 2811 471 2872 Tiesr‘s
484 2811 621 2868 catholon
632 2835 643 2869 .·
657 2809 825 2872 Christus
840 2807 881 2872 fit
896 2825 1057 2885 praesens
1072 2807 1107 2870 in
1121 2807 1334 2873 Eucharistia
1365 2839 1366 2870 r

247 2929 310 2989 per
322 2905 778 2984 transsubstantiationem,
791 2907 812 2971 i.
827 2923 856 2969 e.
873 2924 937 2984 per
951 2907 1223 2971 conversionem
1237 2907 1333 2971 totius
1365 2885 1366 2928 l

246 3003 459 3073 substantiae
475 3003 577 3082 panis
592 3003 715 3066 etvini
731 3001 767 3064 in
786 3020 919 3080 corpus
936 3007 973 3066 et
992 3003 1210 3082 sanguinem
1226 3003 1332 3082 ipsius,

247 3099 477 3166 manentibus
492 3099 684 3162 dumtaxat
698 3099 900 3177 speciebus.
946 3101 998 3164 De
1003 3101 1076 3182 fide
1089 3111 1144 3176 cst,
1155 3125 1195 3165 ex
1208 3103 1237 3164 Τ
1236 3100 1333 3164 rr'daent.

244 3205 410 3286 “Siquis
437 3203 569 3276 dixerit,
594 3203 626 3264 in
654 3200 866 3265 sacrosanuo
894 3203 1115 3267 Eucharistiae
1142 3212 1334 3268 sacramento

247 3327 416 3372 remanere
440 3306 661 3369 substantiam
687 3307 783 3386 panis
810 3316 843 3367 et
866 3307 944 3382 vini,
966 3327 1033 3369 una
1057 3328 1133 3370 cum
1158 3327 1289 3390 corpore
1308 3313 1334 3366 ct

246 3413 408 3494 sanguine
425 3409 562 3473 Domini
580 3409 683 3471 nostri
699 3409 778 3489 Jcsu
796 3408 940 3486 Christi;
964 3412 1200 3493 negaveritque
1218 3409 1333 3474 mirabi-

246 3517 311 3579 lem
337 3515 428 3577 illam
453 3525 486 3576 et
514 3511 715 3592 singularem
741 3513 993 3575 conversionem
1020 3515 1124 3577 totius
1154 3513 1333 3578 substantia

246 3621 342 3700 panis
370 3619 402 3679 in
430 3635 558 3698 corpus
582 3624 616 3678 et
641 3615 743 3678 totius
768 3616 964 3678 substantiae
989 3617 1055 3678 vini
1083 3618 1116 3679 in
1144 3619 1333 3699 sanguinem.

247 3723 460 3786 manentibus
483 3721 651 3782 duntaxat
674 3719 846 3800 speciebus
870 3721 965 3800 panis
988 3730 1023 3782 et
1045 3721 1135 3798 vini;
1159 3742 1256 3804 quam
1274 3718 1331 3800 qui·
1364 3749 1365 3770 r

246 3828 322 3888 dem
339 3825 587 3887 conversionem
605 3822 779 3886 Catholica
803 3821 953 3884 Ecclesia
976 3824 1149 3904 aptissime
1171 3825 1202 3887 Τ
1199 3819 1330 3886 ranssub·
1364 3807 1365 3870 ἶ

244 3928 485 3990 stontrntiouem
502 3925 659 4007 appellat,
677 3925 716 3987 A.
734 3925 784 3990 S.’'
796 3937 817 3987 3.

284 4135 289 4156 ¹
304 4135 357 4190 Au
370 4131 443 4184 Acta
457 4135 486 4185 S.
500 4133 591 4198 Sedis,
604 4137 657 4188 vol.
673 4137 727 4200 Xl,
740 4153 765 4205 p.
781 4137 843 4200 607.
858 4135 1001 4191 -21bid
1018 4137 1071 4190 vol
1087 4139 1153 4202 XX,
1169 4155 1195 4208 p.
1208 4139 1264 4206 40⁶.

407 4217 776 4288 =Ang1icanusPusey,licet
789 4224 968 4278 existentiam
981 4225 1070 4300 realis
1079 4227 1236 4295 praesentiae
1248 4237 1328 4294 propu-
