2770 4652
232 192 288 240 DE
307 191 599 241 POENITENTIAE
618 192 919 249 SACRAMENTO.
1062 193 1125 243 515

45 369 190 446 gehennae
206 383 240 434 et
256 393 429 452 poenarum
440 382 529 435 metu
542 372 573 448 ’';
595 373 756 454 gehennae
768 383 879 434 autem
899 383 1005 434 metus
1023 371 1125 433 invol-

45 473 84 532 vit
97 473 192 535 etiam
211 485 336 536 metum
353 475 528 537 amittendi
545 485 704 537 aeternam
728 476 979 546 beatitudinem,
996 485 1032 537 ut
1048 473 1126 535 alibi

45 579 116 656 (can.
145 581 174 659 5)
210 582 310 643 docet
337 581 531 644 Concilium.
589 578 682 640 Prius
714 579 875 640 motivum
901 578 1044 639 nobilius
1067 586 1126 648 est,

44 702 132 760 quum
164 686 350 747 consideret
374 695 546 766 peccatum
580 690 697 761 utpote
720 684 912 763 oppositum
938 680 1125 744 rettitudini

43 784 152 846 ordinis
169 787 319 862 moralis;
342 787 398 848 illa
414 795 526 848 autem
543 785 765 846 consideratio
778 784 1039 865 supernaturales
1054 803 1127 845 esse

43 886 137 960 debet,
148 888 265 949 innixa
281 888 435 952 videlicet
448 888 581 950 motivis
589 888 660 968 fide
672 889 822 968 cognitis,
836 909 864 949 v.
878 908 908 969 g.
919 907 962 950 cx
979 908 1019 949 eo
1035 888 1123 968 quod

43 999 201 1066 peccatum
220 991 360 1052 mortale
380 993 422 1053 sit
443 989 605 1071 injustitia
621 987 737 1052 contra
756 991 875 1065 Deum,
892 991 1126 1060 inobedientia,

43 1092 242 1170 ingratitudo,
259 1094 383 1175 aliquid
408 1095 477 1157 viro
500 1094 680 1156 christiano
703 1095 886 1174 indignum,
903 1093 1032 1156 soedans
1057 1095 1125 1155 ani-

42 1213 120 1256 mam
137 1205 196 1258 etc.
244 1198 409 1258 Posterius
422 1206 533 1258 tamen
551 1196 723 1270 motivum,
737 1196 811 1257 licet
825 1197 933 1257 minus
946 1196 1065 1270 nobile,
1076 1205 1125 1256 est

42 1307 141 1358 tamen
159 1298 284 1361 bonum
298 1309 330 1360 et
347 1300 434 1362 utile.
476 1299 529 1361 rld
543 1299 633 1380 quod
648 1297 910 1378 intelligendum,
923 1299 1048 1380 duplex
1062 1298 1125 1359 Dei

42 1399 131 1460 timor
144 1402 302 1482 distingui
320 1412 431 1484 potest
446 1425 452 1463 :
476 1403 576 1463 timor
582 1400 714 1482 filialis,
725 1421 782 1462 seu
793 1411 908 1475 castus,
920 1423 986 1483 quo
998 1402 1071 1483 quis
1082 1420 1125 1462 ex

41 1521 144 1564 amore
165 1513 198 1566 et
222 1507 404 1567 reverentii
432 1504 541 1566 Deum
566 1502 734 1566 offendere
758 1505 868 1581 timet;
899 1505 1037 1580 servilis,
1059 1527 1127 1586 quo

41 1605 165 1668 timetur
190 1608 282 1669 Deus
307 1619 441 1690 propter
464 1627 581 1688 poenas
605 1629 688 1688 quas
712 1609 863 1672 minatur.
911 1610 977 1692 Qui
1005 1613 1128 1691 pariter

40 1709 253 1774 subdividitur
270 1733 277 1773 ι
301 1714 384 1774 alius
400 1722 451 1774 est
466 1711 654 1791 simpliciter
667 1713 803 1787 semilis,
813 1715 843 1774 vi
860 1713 953 1793 cujus
969 1716 1042 1794 quis
1059 1735 1125 1776 non

40 1812 138 1874 solum
150 1814 192 1875 ab
205 1835 301 1896 opere
318 1817 406 1878 malo
423 1815 577 1887 abstinet,
591 1816 647 1876 sed
662 1817 763 1877 etiam
780 1815 935 1878 affeetum
952 1819 994 1880 ad
1012 1839 1126 1899 pecca-

40 1924 103 1976 tum
120 1917 274 1997 deponit;
306 1920 388 1981 alius
405 1929 454 1980 est
469 1915 631 1980 serviliter
651 1918 787 1990 serm'lr's,
803 1919 938 1999 quando
954 1921 1027 2000 quis
1043 1942 1128 2002 opus

40 2018 155 2080 malum
167 2022 452 2096 devitat,retinens
463 2031 574 2082 tamen
587 2020 744 2099 peccandi
757 2019 973 2096 affceium,ita
986 2024 1127 2085 utvellet

39 2141 176 2200 peccare,
192 2127 218 2186 si
243 2145 351 2206 poenae
376 2147 442 2188 non
466 2134 583 2186 essent.
628 2125 784 2204 Jamvero
808 2145 923 2187 omnes
940 2127 1128 2190 concedunt

40 2225 184 2288 timorem
202 2227 334 2290 filialem
351 2229 475 2290 bonum
493 2238 526 2290 et
542 2229 719 2290 honestum
736 2249 816 2302 esse,
828 2230 1014 2310 pariterque
1030 2231 1127 2292 timo-

41 2348 99 2389 rem
116 2330 281 2392 serviliter
292 2334 441 2394 servr'lem
458 2351 529 2392 esse
547 2329 679 2394 malurn.
725 2331 975 2396 Lutlrerusvero
992 2344 1127 2396 conten-

39 2429 82 2494 dit
104 2435 256 2496 timorem
279 2435 471 2514 simpliciter
500 2435 649 2496 servilem
684 2456 806 2498 nouum
840 2455 912 2497 esse
944 2447 1127 2516 peccatum,

40 2534 266 2618 hominemque
290 2537 396 2598 facere
419 2536 653 2617 hypocritam:
689 2538 803 2600 “'llaec
832 2548 943 2600 autem
971 2539 1128 2602 contritio

39 2639 109 2704 iacit
120 2642 338 2724 hypocritam,
352 2643 419 2705 imo
432 2644 537 2722 magis
551 2651 776 2722 peccatorem;
800 2642 878 2722 quia
890 2641 997 2702 solum
1009 2641 1127 2705 timore

38 2747 186 2826 praecepti
204 2755 236 2806 et
253 2745 366 2807 dolore
383 2745 496 2806 damni
514 2745 546 2805 id
564 2743 649 2805 iacit.
697 2743 742 2804 Et
759 2744 842 2804 tales
858 2762 975 2804 omnes
992 2743 1127 2823 indigne

38 2847 247 2911 absolvuntur
262 2860 295 2910 et
312 2847 600 2910 communicantur
614 2847 637 2910 ”.
673 2845 805 2926 (Sermo
817 2855 860 2906 2¹²³
877 2846 918 2907 de
933 2847 1124 2927 Poenitent).

71 2979 118 3045 61.
165 2985 264 3042 Tiesr's
285 3009 296 3042 .·
333 2981 480 3046 Attritio
504 2986 680 3059 concepta
703 3000 750 3044 ex
775 2981 936 3045 ioeditate
977 2985 1124 3061 peccati,

37 3079 222 3144 amissione
244 3085 388 3145 aeternae
409 3079 642 3143 beatitudinis
662 3083 698 3142 et
719 3085 864 3143 aeternae
886 3078 1126 3145 damnationis

37 3173 174 3240 incursu
189 3182 246 3241 est
261 3195 369 3241 verus
384 3182 421 3240 et
436 3175 535 3240 utilis
550 3176 652 3240 dolor
666 3175 712 3237 ad
734 3175 888 3253 gratiam
912 3168 1125 3255 pr'aeparaus.

36 3271 82 3334 De
86 3275 157 3352 fide
167 3285 214 3338 est
228 3297 267 3338 ex
286 3276 428 3338 Yridcei.
446 3298 458 3337 :
481 3275 543 3338 “Si
561 3275 635 3354 quis
652 3274 775 3335 dixerit
793 3294 866 3335 eam
883 3277 1126 3347 contritionem,

35 3393 104 3452 quae
121 3387 255 3458 paratur
278 3397 337 3458 per
356 3378 606 3450 discussionem,
622 3372 853 3438 collettionem
877 3386 911 3437 et
934 3378 1125 3438 detestatio-

36 3495 104 3538 nem
123 3488 344 3559 peccatorum,
360 3483 425 3559 qua
441 3461 515 3556 quis
528 3478 689 3558 recogitat
705 3497 808 3538 annos
826 3497 903 3538 suos
920 3477 951 3538 in
969 3479 1124 3539 amaritu-

35 3579 106 3642 dine
129 3583 250 3644 animae
273 3603 350 3654 suae,
373 3581 587 3661 ponderando
604 3590 815 3661 peccatorum
833 3599 967 3642 suorum
984 3583 1125 3659 gravita-

35 3691 107 3759 tem,
122 3684 373 3758 multitudinem,
391 3683 587 3758 ioeditatem,
603 3684 818 3744 amissionem
835 3690 968 3744 aetcrnae
985 3682 1126 3745 beatitu-

34 3787 125 3864 dinis,
146 3799 180 3852 et
213 3799 347 3850 aeternae
381 3788 607 3848 damnationis
641 3789 816 3860 incursum,
846 3806 920 3847 cum
954 3788 1126 3867 proposito

35 3891 173 3954 melioris
195 3895 281 3967 vitae,
298 3912 363 3953 non
381 3911 452 3952 esse
468 3911 582 3952 verum
600 3901 633 3952 et
655 3892 770 3953 utilem
788 3890 947 3965 dolorem,
964 3910 1023 3952 nec
1042 3911 1125 3971 prae-

34 4013 143 4072 parare
159 3996 201 4058 ad
215 3998 366 4076 gratiam,
377 3996 435 4058 sed
454 3993 560 4056 iacere
571 3994 739 4058 hominem
754 3993 961 4074 hypocritam
973 4003 1005 4057 et
1019 3996 1125 4075 magis

34 4109 235 4174 peccatorem
291 4100 331 4161 Α.
350 4099 422 4162 S.”¹

62 4279 153 4333 ¹Sess.
170 4280 248 4346 XIV,
266 4295 326 4332 can.
341 4295 364 4348 5.
