2794 4662
439 210 495 260 DE
513 209 804 261 MATRIMONIO.
1104 210 1171 262 685

542 328 775 338 -0—-11--1-...·......-
1135 328 1170 334 ..-

63 389 161 470 quod
185 389 305 453 attinet
327 390 369 454 acl
394 392 655 473 dispensandum
680 411 777 474 super
802 389 1015 454 matrimonio
1043 398 1114 452 rato
1138 398 1171 452 et

63 513 136 556 non
155 505 394 570 consummato,
410 514 485 558 cum
503 495 602 558 hodie
618 495 732 576 opinio
748 496 944 558 affirmativa
960 495 1003 556 sit
1022 512 1170 556 commu·

63 597 118 659 nis
137 597 224 660 inter
239 597 414 680 theologos
429 608 463 662 et
479 599 677 672 canonistas,
694 606 728 660 et
750 598 781 660 in
805 599 902 680 praxi
918 599 961 660 sit
978 606 1117 678 recepta,
1135 605 1171 658 ut

64 701 237 764 notorium
254 711 305 764 est
317 702 340 765 ’'.

108 804 170 867 Ad
184 805 380 868 exercitium
393 805 490 887 hujus
504 805 688 886 potestatis,
699 805 767 868 duo
780 804 1009 884 requiruntur:
1029 801 1170 882 juridica

64 906 225 987 probatio
240 907 283 970 de
299 908 670 970 non-consummatione
686 907 889 970 matrimonii
895 927 902 984 ;
925 916 959 969 et
975 923 1075 968 causa
1091 903 1170 984 legi·

65 1010 161 1084 tima,
177 1009 284 1092 qualis
300 1020 351 1073 est
374 1010 554 1091 probabilis
571 1010 705 1073 nullitas
723 1009 935 1084 matrimonii,
952 1007 1086 1070 moralis
1110 1007 1170 1068 im-

64 1112 273 1193 possibilitas
297 1133 357 1194 pro
373 1113 570 1194 conjugibus
587 1112 684 1175 simul
708 1113 932 1188 cohabitandi,
948 1112 1047 1174 timor
1071 1109 1169 1174 futuri

64 1216 218 1278 scandali
235 1225 268 1278 et
285 1217 436 1279 adulterii
454 1237 497 1278 ex
516 1225 609 1296 parte
625 1215 743 1278 saltem
761 1215 858 1277 unius
874 1211 1055 1292 conjugum
1072 1218 1150 1272 etc,

109 1327 161 1396 73
212 1316 275 1404 (C)
295 1319 496 1402 Disputatur
518 1320 604 1380 inter
626 1318 800 1399 theologos
823 1335 884 1395 quo
896 1315 977 1395 jure
1001 1313 1169 1375 matrimo-

65 1422 162 1484 nium
180 1431 288 1484 ratum
306 1421 509 1504 professione
526 1419 678 1501 religiosa
694 1420 850 1492 solvatur,
860 1417 933 1499 jure
946 1415 1014 1478 scil.
1027 1415 1169 1478 naturali

64 1523 197 1599 divin0,
219 1523 270 1585 vel
294 1524 543 1587 ecclesiastico?
599 1523 650 1604 (a)
674 1523 833 1606 Quidam,
857 1540 932 1584 cum
958 1517 1169 1593 BellarminO,

66 1631 229 1705 putarunt
246 1625 279 1688 id
296 1625 363 1688 fieri
370 1629 451 1708 jure
466 1626 579 1689 divino
595 1625 768 1698 naturali,
791 1643 868 1687 nam
883 1623 956 1703 jure
972 1631 1111 1695 naturae,
1127 1622 1169 1682 de

65 1736 158 1791 statu
174 1728 283 1791 minus
296 1727 443 1810 perfecto
455 1729 496 1792 ad
514 1725 740 1810 perfeftiorem
755 1727 893 1792 transire
908 1727 994 1799 licet,
1004 1726 1030 1786 si
1044 1723 1169 1804 absque

65 1831 205 1894 alterius
228 1835 430 1897 detrimento
453 1833 485 1896 id
510 1833 579 1896 fieri
603 1836 727 1916 possit;
757 1815 848 1915 atqui
872 1841 979 1895 status
1002 1829 1169 1911 religionis

66 1933 247 2013 perfedlior
269 1947 320 2000 est
343 1946 430 2002 statu
456 1937 613 2018 conjugii,
637 1958 697 2002 nec
725 1937 858 1999 aliunde
884 1936 1043 1998 damnum
1072 1932 1168 1995 infer-

66 2047 122 2100 tur
146 2039 245 2119 proli,
268 2060 344 2120 quae
368 2060 433 2103 non
458 2041 588 2115 existit,
603 2041 654 2104 vel
678 2039 826 2104 alterutri
850 2037 1044 2119 conjugum,
1064 2055 1168 2119 quum

66 2149 209 2221 uterque
231 2143 274 2205 sit
298 2143 330 2204 in
355 2144 425 2224 pari
447 2142 656 2223 conditione3
680 2164 767 2225 ergo.
814 2141 899 2224 Quae
922 2150 1034 2204 tamen
1055 2140 1169 2221 opinio

66 2246 292 2309 communiter
308 2247 452 2327 rejicitur
467 2269 474 2324 ;
501 2267 579 2310 narn
596 2248 715 2312 falsum
733 2256 783 2310 est
805 2247 930 2309 licitum
948 2265 1020 2307 esse
1035 2264 1079 2306 ex
1097 2244 1168 2324 lege

67 2358 198 2411 naturae
230 2348 458 2431 perfefliorem
494 2351 575 2413 inire
605 2360 741 2427 statum,
771 2370 873 2431 quum
906 2335 1066 2430 obligatio
1096 2347 1167 2428 jam

67 2463 225 2535 suscepta
240 2453 315 2517 huic
334 2455 435 2519 statui
452 2454 656 2533 adversatum
679 2454 830 2537 quamvis
843 2454 932 2516 enim
947 2452 1168 2534 Episcopatus

66 2556 109 2618 sit
134 2564 241 2621 status
258 2557 471 2620 matrimonio
494 2555 676 2639 perfedtior,
693 2578 758 2620 non
783 2557 860 2620 licet
884 2556 976 2619 illum
994 2556 1168 2636 suscipere,

68 2657 175 2722 invito
190 2658 342 2741 conjuge,
358 2679 419 2721 nec
441 2658 513 2740 ejus
536 2662 745 2741 susceptione
766 2660 903 2723 solvitur
920 2659 1167 2721 matrimonium

68 2771 188 2825 ratum.
234 2760 285 2844 (b)
301 2761 385 2837 Alii,
402 2771 479 2843 post
496 2762 631 2838 Suarez,
647 2772 763 2827 tenent
787 2764 819 2826 id
844 2762 912 2825 fieri
926 2762 1007 2843 jure
1028 2762 1169 2824 ecclesia-

66 2864 147 2926 stica
156 2886 172 2936 ,·
195 2884 272 2926 nam
298 2863 448 2926 Ecclesia
471 2873 590 2945 potest,
606 2867 698 2946 gravi
721 2867 763 2928 de
787 2870 895 2938 causa,
919 2864 1168 2928 matrimonium

68 2973 178 3028 ratum
192 2963 328 3040 solvere,
341 2974 378 3028 ut
393 2987 437 3028 ex
455 2966 602 3047 probatis
615 2977 746 3031 constat
760 2990 768 3043 ;
787 2967 938 3048 jamvero
950 2971 989 3030 etr
1002 2975 1168 3048 potestate

69 3089 129 3131 usa
142 3078 194 3132 est
208 3069 318 3150 quoad
336 3070 572 3150 professionem
590 3072 792 3152 religiosam
815 3071 903 3152 quod
921 3070 1055 3151 quidem
1068 3089 1112 3130 ex
1128 3089 1169 3131 eo

68 3179 202 3233 constat
218 3170 307 3251 quod
324 3173 395 3254 ipsa
411 3174 639 3238 solemnitates
656 3174 817 3255 religiosae
833 3171 1045 3254 professionis
1061 3171 1168 3234 deter-

70 3274 254 3350 minaverit,
279 3275 416 3355 ipsaque
439 3277 592 3340 statuerit
620 3277 868 3340 matrimonium
896 3274 979 3338 solvi
1007 3295 1064 3356 per
1090 3284 1178 3344 vota

69 3377 233 3439 solemnia
245 3397 311 3439 non
325 3389 436 3441 autem
454 3401 512 3460 per
523 3389 601 3442 vota
614 3380 785 3462 simplicia
834 3380 918 3442 Haec
931 3388 1041 3441 tamen
1055 3378 1168 3459 opinio

70 3499 136 3542 non
151 3479 235 3542 bene
247 3500 322 3544 cum
336 3501 464 3545 canone
477 3484 675 3548 Tridentino
687 3505 786 3565 supra
799 3485 902 3546 citato
915 3481 1119 3560 conciliatur;
1140 3482 1167 3542 si

70 3584 159 3647 enim
175 3585 214 3648 de
227 3586 299 3666 fide
313 3596 360 3648 est
375 3587 623 3650 matrimonium
645 3608 703 3668 per
720 3587 955 3668 professionem
980 3583 1167 3665 religiosam

71 3686 167 3762 solvi,
191 3686 262 3748 haec
289 3689 410 3750 veritas
437 3689 554 3752 debuit
582 3709 601 3750 a
630 3688 763 3752 Christo
790 3687 939 3762 revelari,
963 3686 1168 3767 proindeque

71 3788 245 3851 dissolutio
277 3789 313 3852 fit
339 3791 414 3871 jure
440 3792 566 3867 divino,
590 3811 656 3854 non
688 3791 881 3872 simpliciter
911 3789 1134 3853 ecclesiastico
1148 3803 1168 3854 1.

107 3984 115 4006 ¹
136 3981 197 4033 Nec
217 3980 310 4034 dicere
326 3980 404 4049 juvat
424 3999 562 4036 canonem
581 3982 777 4037 Tridentinum
796 3999 859 4037 esse
878 3982 1096 4052 mirtylinarem,
1112 3999 1168 4036 non

73 4067 280 4136 dogmaticum
300 4085 366 4122 nam
379 4066 481 4121 veritas
495 4085 513 4120 a
527 4067 653 4121 Concilio
666 4066 809 4136 proposita
822 4077 932 4121 nonest
945 4067 1021 4136 quod
1035 4065 1166 4120 Ecclesia

73 4164 239 4222 potestatem
253 4155 356 4209 habeat
370 4153 518 4209 dirimendi
533 4153 742 4208 matrimonium
755 4163 854 4220 ratum,
864 4155 913 4208 sed
924 4154 1000 4223 quod
1014 4170 1110 4208 revera
1121 4169 1169 4222 per

74 4239 273 4312 professionem
287 4240 447 4309 religiosam
459 4242 605 4295 dirimatur
615 4241 824 4295 matrimonium
840 4261 846 4296 :
863 4258 927 4310 quae
940 4241 1055 4312 quidem
1065 4241 1168 4294 veritas

73 4341 114 4382 est
127 4344 160 4382 ex
174 4343 204 4382 se
217 4327 384 4395 dogmatica,
395 4338 424 4382 et
437 4345 548 4397 semper
561 4345 627 4382 vera
639 4345 703 4383 esse
716 4328 813 4394 debet;
829 4329 956 4398 jamvero
969 4327 992 4382 si
1003 4329 1065 4397 jure
1078 4328 1165 4382 eccle-
