2808 4664
230 157 295 207 706
508 155 565 205 DE
584 153 668 204 1)Εο
686 151 1058 204 REMUNERATORE.

229 341 360 402 Revera
383 358 484 420 poena
503 339 627 412 mortis
643 337 694 399 vel
714 337 864 418 perpetui
886 335 1005 408 exsilii,
1020 354 1096 415 quae
1118 332 1339 413 aliquandoa

225 442 395 523 judicibus
417 441 573 503 humanis
593 439 683 520 juste
706 437 874 518 infligitur,
891 448 942 500 est
965 448 1099 512 aeterna,
1115 439 1148 499 in
1174 448 1339 517 quantum

229 543 298 606 fieri
331 553 466 625 potest:
505 562 572 604 non
609 542 707 621 igitur
742 549 907 622 repugnat
938 540 1048 603 Deum
1080 545 1184 620 poena
1215 543 1341 600 aeterna

230 667 330 728 grave
352 656 525 728 peccatum
550 645 675 726 punire,
690 644 791 724 quod,
806 665 850 705 ex
866 641 974 718 dictis,
989 645 1173 724 quamdam
1198 642 1341 704 infinita-

232 761 300 813 tem
317 748 427 811 habet

230 854 279 935 (c)
297 853 326 915 N
331 874 368 914 ec
383 873 457 915 cum
471 851 652 934 sapientalis
673 851 836 932 objiciunt
856 853 1033 914 adversarii
1051 852 1238 932 sapientem
1254 851 1340 930 judi-

230 976 303 1017 cem
335 955 467 1018 nonnisi
499 976 616 1037 poenas
647 954 852 1016 medicinales
878 953 1034 1036 infligere,
1062 973 1199 1034 poenam
1227 965 1339 1015 autem

231 1070 390 1121 aeternam
409 1059 546 1121 minime
562 1058 833 1120 emendationem
851 1059 895 1119 rei
912 1077 1095 1138 procurare.
1144 1057 1341 1138 Responde·

232 1173 286 1224 tur
308 1183 387 1225 vero
409 1182 527 1244 poenas
551 1183 616 1224 non
641 1162 749 1224 solum
777 1162 818 1224 ad
842 1163 1111 1224 emendationem
1136 1161 1193 1236 rei,
1216 1162 1276 1222 sed
1300 1163 1340 1222 ad

232 1267 476 1346 reparationem
493 1265 618 1326 ordinis
634 1265 747 1327 violati
765 1264 955 1346 bonumque
971 1285 1151 1327 commune
1166 1283 1239 1326 esse
1256 1264 1343 1325 ordi-

233 1370 385 1431 nandas¹
400 1389 407 1445 ;
432 1368 581 1448 jamvero
608 1388 708 1448 poena
732 1376 857 1428 aterna
884 1367 1034 1428 ordinem
1063 1387 1083 1427 a
1110 1365 1343 1446 peccatoribus

233 1473 393 1535 violatum
419 1482 557 1554 reparat,
580 1473 659 1534 dum
684 1470 886 1533 aeternaliter
908 1491 927 1531 a
952 1469 1027 1531 Deo
1050 1478 1183 1549 separat
1206 1488 1266 1530 eos
1289 1470 1344 1548 qui

234 1577 420 1639 voluntarie
435 1586 469 1638 et
485 1577 698 1656 pertinaciter
713 1597 733 1636 a
751 1576 825 1637 Deo
844 1594 916 1636 sese
937 1583 1127 1636 averterunt
1141 1595 1148 1650 ;
1172 1575 1344 1636 communi

213 1677 326 1738 .b0no
342 1676 430 1737 lavet
445 1677 525 1738 dum
543 1685 734 1758 peccatores
757 1697 777 1737 a
799 1675 888 1736 vitiis
907 1675 1060 1749 deterret,
1076 1685 1110 1738 et
1125 1676 1207 1756 ipsis
1224 1675 1347 1755 impiis,

236 1787 416 1858 antequam
444 1779 635 1854 moriantur,
651 1778 748 1840 valde
774 1777 864 1840 utilis
887 1786 947 1851 est,
961 1797 1020 1840 eos
1042 1780 1084 1841 ad
1109 1778 1348 1859 poenitentiam

238 1881 408 1962 urgendo:
432 1889 514 1961 quot
530 1883 618 1944 enim
636 1890 827 1963 peccatores
839 1880 908 1942 vias
924 1900 1000 1943 suas
1016 1883 1179 1963 pessimas
1196 1893 1349 1944 mutave-

240 1994 326 2059 runt,
349 1983 539 2064 coelumque
565 1985 701 2046 tandem
730 1982 910 2062 aliquando
937 1983 1075 2064 ingressi
1105 1992 1183 2047 sunt
1211 1993 1351 2064 propter

240 2101 367 2152 metum
385 2088 521 2151 inferni!
545 2095 561 2121 ‘⁴
577 2090 711 2150 Initium
729 2089 901 2168 sapientire
917 2088 1017 2149 timor
1034 2087 1171 2149 Domini
1185 2085 1200 2109 '’
1213 2098 1234 2148 2.

274 2227 314 2267 22.
357 2206 552 2264 Difficultates
576 2219 684 2278 autem,
709 2225 776 2278 quae
798 2225 833 2262 ex
856 2223 964 2275 niagno
987 2205 1196 2262 damnatorum
1221 2221 1351 2260 numero

240 2305 389 2365 urgentur,
405 2295 443 2352 ad
462 2312 523 2352 rem
544 2312 604 2352 non
625 2295 781 2366 pertinent,
797 2293 867 2364 quia
887 2293 960 2350 lides
979 2292 1052 2349 nihil
1071 2293 1127 2349 haic
1146 2293 1185 2350 de
1205 2310 1236 2349 re
1256 2291 1349 2350 docet

240 2381 301 2452 (De
318 2381 382 2437 Deo
400 2380 472 2450 Uno,
486 2399 513 2437 n.
533 2401 544 2436 r
550 2383 602 2452 52).
643 2381 833 2452 Caeteroquin
853 2379 1057 2450 unusquisque
1075 2398 1092 2436 a
1114 2379 1180 2436 Deo
1198 2378 1351 2450 judicatur

240 2468 406 2525 secundum
421 2467 569 2539 propriam
583 2467 806 2536 conscientiam,
823 2466 991 2537 nullusque,
1006 2466 1095 2523 etiam
1112 2466 1189 2523 inter
1202 2482 1348 2538 paganos

241 2554 357 2612 aeternis
371 2554 524 2625 suppliciis
537 2554 795 2622 condemnabitur,
812 2554 867 2610 nisi
880 2554 976 2610 sciens
995 2563 1024 2611 et
1043 2553 1146 2610 volens
1159 2563 1267 2609 contra
1280 2571 1350 2609 con-

241 2641 373 2698 scientiae
390 2640 540 2698 dictamen
558 2641 724 2712 deliquerit,
739 2652 768 2698 et
782 2640 969 2712 pertinaciter
985 2641 1013 2696 in
1030 2657 1084 2697 suo
1104 2649 1230 2712 peccato
1251 2657 1350 2712 perse

241 2736 391 2785 vetaverit.

279 2813 396 2871 Exinde
414 2814 486 2871 solvi
507 2826 605 2886 potest
624 2814 780 2872 difficultas
800 2832 889 2886 quain
908 2812 1041 2869 Farrar³
1058 2814 1168 2884 aliique
1188 2827 1298 2885 urgent
1315 2833 1350 2870 ex

244 2900 371 2958 infausti
389 2899 562 2957 conditione
580 2901 608 2956 in
630 2901 689 2971 qud
706 2900 789 2957 multi
808 2900 941 2957 vixerunt
959 2911 988 2956 et
1005 2900 1112 2958 mortui
1133 2909 1221 2957 sunt:
1242 2919 1281 2957 ex
1293 2917 1352 2971 quo

245 2987 430 3056 concludunt
450 3005 552 3043 ironam
570 2987 768 3058 probationem
790 3005 844 3058 pro
866 2988 922 3044 illis
943 2988 1046 3046 saltem
1070 2988 1270 3046 necessariam
1290 3005 1352 3046 esse

244 3075 294 3145 qui
309 3074 461 3132 Christum
476 3092 535 3130 non
549 3086 762 3146 cognoverunt,
779 3073 822 3131 vel
844 3085 886 3133 tot
903 3087 933 3132 et
950 3075 1038 3132 tantis
1056 3074 1275 3134 tentationibus
1288 3077 1353 3132 irre·

244 3163 287 3218 titi
310 3162 431 3230 luerunt,
459 3173 489 3218 ut
510 3162 556 3217 vix
577 3181 594 3218 a
616 3173 739 3233 peccato
762 3163 910 3218 immunes
933 3179 1051 3219 manere
1074 3163 1233 3233 potuerint.
1277 3162 1354 3234 Quae

150 3281 154 3288 ·
244 3248 367 3320 quidem
381 3247 537 3304 difficultas
549 3249 675 3306 maxima
689 3261 733 3307 est
747 3251 775 3304 in
789 3259 946 3320 systemate
959 3248 1199 3314 Protestantium,
1212 3249 1266 3319 qui
1278 3249 1354 3305 inter

245 3346 368 3408 peccata
381 3336 479 3405 gravia
492 3347 521 3392 et
534 3337 609 3392 levia
623 3336 810 3394 essentialem
826 3335 1022 3393 diflerentiam
1036 3353 1096 3392 non
1110 3335 1284 3404 admittunt,
1299 3353 1354 3392 nec

246 3423 338 3478 ullum
365 3422 573 3480 intermedium
598 3423 696 3480 locum
721 3425 796 3480 inter
818 3423 928 3480 ccelnm
950 3434 980 3480 et
1001 3423 1147 3480 infernum
1169 3435 1356 3493 agnoscunt3

246 3509 309 3576 sed,
320 3509 415 3579 posite
428 3507 563 3564 doetrini
576 3510 731 3578 catholici,
741 3512 829 3568 valde
844 3511 984 3569 minuitur
996 3523 1047 3568 aut
1060 3511 1179 3581 penitus
1192 3512 1354 3568 evanescit.

248 3597 335 3654 Nam,
348 3613 383 3653 ex
401 3598 459 3652 uni
478 3609 568 3667 parte,
583 3597 621 3652 illi
639 3597 735 3654 solum
754 3599 884 3656 mortalis
898 3597 1012 3669 peccati
1026 3596 1066 3654 rei
1079 3607 1148 3654 sunt
1162 3597 1215 3669 qui
1228 3597 1357 3654 scienter

247 3695 276 3739 et
299 3683 431 3740 volenter
450 3701 538 3754 grave
561 3695 752 3756 praeceptum,
777 3697 806 3741 et
833 3696 863 3741 ut
889 3684 946 3740 tale
968 3682 1024 3740 sibi
1048 3692 1162 3750 notum,
1182 3687 1355 3754 transgressi

247 3785 315 3825 sunt
326 3792 332 3836 ;
345 3788 380 3827 ex
393 3769 484 3827 alterii
498 3781 608 3839 autem,
619 3771 760 3828 omnibus
773 3772 882 3828 dantur
895 3780 1028 3842 tempore
1040 3779 1223 3840 opportuno,
1237 3785 1358 3840 praeser-

248 3858 301 3912 tim
316 3858 426 3913 veroin
441 3856 565 3914 articulo
579 3855 690 3924 mortis,
707 3855 808 3925 gratiae
827 3851 937 3924 quibus
949 3869 967 3908 a
980 3851 1110 3924 peccatis
1129 3851 1190 3908 suis
1211 3853 1359 3924 poenitere

249 3944 374 4004 valeant,
390 3943 429 4000 ita
444 3955 474 4000 ut
489 3960 579 3999 nemo
596 3942 635 3998 ad
652 3959 756 4012 poenas
774 3952 898 3998 aetemas
915 3939 1074 3996 damnetur
1092 3937 1148 3994 nisi
1165 3938 1359 4010 pertinaciter

287 4106 294 4126 ¹
305 4101 452 4164 lemnam,
465 4101 614 4153 Grammar
627 4101 658 4153 of
665 4102 777 4166 Assem,
787 4101 832 4155 ed.
847 4099 922 4164 1887,
935 4117 961 4168 p.
973 4113 1097 4166 39o391.
1111 4129 1144 4136 -
1155 4096 1225 4152 'Pe
1239 4099 1303 4164 CX,
1318 4114 1353 4151 ra

286 4181 426 4238 ³Eternal
448 4187 539 4253 Hope,
562 4186 637 4248 1886,
659 4203 685 4254 p.
706 4202 752 4240 roz
772 4205 814 4257 sq.
822 4205 829 4255 3
853 4188 950 4253 Mercy
970 4185 1025 4239 and
1044 4186 1209 4254 Judgment,
1229 4203 1254 4238 c.
1280 4186 1356 4238 ΧΠ.

252 4285 279 4323 u.
295 4269 348 4333 480
360 4285 401 4331 so.
