2738 4646
271 168 339 218 ³04
490 177 495 185 ·
515 177 518 184 ’
654 167 986 218 PROLEGOMENA.

412 348 414 354 ἲ
515 369 519 376 ’
564 371 611 453 2⁰
638 373 793 457 Varia
821 373 1074 453 nominat

313 550 342 613 4
389 536 492 599 Varia
515 535 652 598 nomina
673 537 827 599 sortitum
851 545 901 599 est
924 536 988 598 hoc
1012 536 1224 616 mysterium:
1245 531 1285 610 (a)
1301 549 1332 590 ra-

271 635 362 697 tione
377 635 522 697 materia
535 655 578 696 ex
595 639 661 715 qut
677 634 859 710 conficitur,
875 644 1030 698 vocatum
1047 645 1099 697 est
1108 635 1207 716 panis
1225 629 1332 695 autmi-

269 737 376 812 stiens,
384 738 484 818 panis
505 737 586 812 uita,
598 738 702 818 panis
721 737 1051 818 supersubstantialis,
1064 738 1169 818 partis
1187 735 1333 816 angelicus:

271 860 346 920 quae
361 841 496 920 quidem
514 839 651 902 nomina
673 839 772 920 simul
789 840 860 920 ejus
875 843 1031 903 virtutem
1049 849 1082 903 et
1098 840 1283 921 dignitatem
1296 837 1333 895 de·

271 942 405 1005 clarent.
451 941 502 1023 (b)
520 942 664 1006 Ratione
682 942 730 1002 rei
742 961 843 1023 quam
860 945 1018 1016 continet,
1033 942 1152 1004 dicitur
1170 940 1278 1021 Corpus
1290 938 1333 998 tu-

270 1045 362 1120 mini,
383 1053 620 1106 sacramentum
644 1045 785 1124 corporis
810 1055 843 1109 et
864 1047 1037 1126 sanguinis
1061 1045 1192 1109 Christi,
1237 1045 1275 1121 (t)
1289 1041 1334 1101 Ra·

269 1149 360 1210 tione
366 1148 459 1229 finis,
471 1157 608 1210 vocatur
620 1147 833 1222 Enelrarr'str'a
846 1145 895 1232 (eir
905 1147 1006 1232 χάρις)
1018 1169 1094 1229 quae
1110 1168 1177 1212 vox
1190 1147 1252 1208 duo
1262 1141 1334 1223 signi·

270 1251 368 1314 ficat:
391 1252 505 1314 bonam
516 1249 675 1332 gratiam,
692 1252 770 1331 quia
795 1253 827 1313 in
852 1273 892 1313 eo
915 1261 1005 1314 totus
1021 1252 1075 1313 ille
1091 1251 1229 1314 sumitur
1243 1247 1288 1328 qui
1301 1253 1334 1304 est

269 1355 344 1418 finis
366 1367 401 1418 et
418 1357 512 1436 origo
531 1355 634 1418 totius
652 1356 790 1436 gratiae;
809 1357 1000 1437 gratiarum
1018 1356 1183 1429 altionem,
1197 1363 1260 1415 tum
1280 1349 1334 1429 quia

270 1458 420 1522 Christus
442 1459 566 1539 gratias
586 1459 717 1539 agendo
739 1457 819 1520 illud
840 1458 994 1532 instituit,
1017 1468 1088 1520 tum
1112 1457 1190 1538 quia
1210 1475 1261 1536 per
1276 1451 1332 1512 illud

166 1545 169 1550 ¹
270 1561 345 1623 Deo
360 1563 483 1642 gratias
498 1560 796 1624 excellentissimas
813 1561 949 1626 reddere
964 1547 1121 1624 valemus,
1160 1559 1211 1640 (d)
1224 1557 1332 1620 Ratione

268 1665 451 1745 dignitatis,
475 1665 717 1726 santtissinrum
745 1665 1004 1740 Sacramentum,
1027 1664 1121 1745 quasi
1149 1662 1284 1725 omnium
1304 1657 1333 1716 sit

230 1799 232 1802 ·
270 1767 520 1830 nobilissimum.
567 1769 614 1848 (e)
635 1769 780 1831 Ratione
796 1769 974 1852 effeimnm,
989 1768 1110 1830 dicitur
1127 1786 1219 1829 sacra
1233 1761 1332 1843 uirtuti·

270 1865 396 1944 σῦναξις,
412 1890 468 1931 seu
485 1871 672 1945 carnnmnin,
689 1873 767 1952 quia
791 1871 906 1934 fideles
929 1882 999 1933 tum
1022 1870 1156 1934 Christo
1171 1867 1271 1950 capiti,
1283 1877 1330 1925 tun

269 1974 355 2035 inter
378 1993 413 2034 se
436 1971 621 2036 mitissimo
640 1974 814 2057 conjungit
835 1955 988 2050 vincu103
1011 1974 1061 2036 vel
1085 1975 1187 2037 etiam
1204 1971 1331 2034 viaticum

268 2076 346 2157 quia
369 2075 549 2137 viatoribus
574 2077 605 2136 in
631 2082 716 2138 terra
740 2078 949 2140 distribuitur
972 2087 1132 2157 tanquam
1158 2075 1290 2138 medium
1304 2070 1331 2130 ad

268 2178 437 2241 coelestem
466 2165 606 2257 patriam
636 2180 870 2258 perveniendi;
895 2190 953 2242 aut
973 2189 1214 2241 sacramentum
1234 2172 1333 2238 arrium.

268 2291 384 2363 utpote
408 2278 620 2343 diledtionem
645 2302 723 2362 erga
749 2284 855 2346 Deum
880 2293 913 2347 et
937 2283 1128 2365 proximum
1153 2281 1288 2344 maxime
1302 2276 1333 2337 tn-

172 2435 175 2442 .
267 2405 352 2448 vens
398 2383 444 2466 (s)
461 2385 605 2446 Ratione
625 2386 774 2463 temporis
794 2395 827 2448 et
847 2387 908 2448 laci
929 2406 995 2467 quo
1014 2387 1204 2448 institutum
1226 2385 1278 2446 suit
1295 2392 1333 2441 ant

267 2488 459 2561 celebratur,
475 2497 684 2567 nuncupatur
703 2486 798 2550 Cana
814 2489 960 2562 Domini,
975 2499 1212 2550 sacramentnm
1226 2483 1324 2549 altaris

655 2631 703 2713 3ο
732 2633 933 2730 Figurae
947 2648 975 2709 2.
1011 2665 1016 2670 ·

308 2799 336 2866 5.
385 2783 603 2855 Eucharistia,
619 2793 736 2864 utpote
755 2786 880 2845 donum
901 2782 1228 2856 excellentissimum,
1243 2793 1272 2845 et
1285 2800 1333 2858 my·

265 2886 400 2948 sterium
423 2884 556 2947 difficile
580 2887 716 2961 creditu,
734 2885 909 2967 multiplici
932 2887 1034 2948 modo
1052 2887 1260 2969 praefigurata
1276 2885 1334 2947 init:

268 2985 322 3072 (a)
341 2989 471 3068 segnmn
491 2987 637 3050 sensibile
660 2989 759 3070 hujus
780 2989 979 3050 sacramenti
996 2990 1235 3052 adumbrdrunt
1248 2985 1336 3050 oblau

264 3091 504 3165 rtielcleisedeclr,
520 3092 576 3170 qui
600 3112 720 3172 panem
739 3101 771 3154 et
787 3092 900 3153 vinum
920 3091 994 3152 Deo
1010 3091 1133 3154 obtulit
1145 3104 1167 3167 ³,
1176 3088 1335 3172 propositu-

264 3195 316 3255 nis
323 3205 436 3273 panes,
448 3195 504 3272 qui
521 3196 660 3274 singulis
677 3195 825 3262 sabbatis
841 3214 953 3266 coram
967 3194 1056 3268 Arca
1072 3196 1335 3257 offerebanturret

255 3297 357 3379 panis
380 3295 616 3373 subcinericius,
642 3319 740 3379 quem
769 3299 830 3360 sibi
861 3298 905 3360 ab
936 3297 1069 3378 Angelo
1096 3299 1243 3361 oblatum
1268 3295 1335 3357 Elias

263 3401 487 3474 manducavit,
515 3410 548 3462 et
575 3421 641 3481 quo
670 3399 804 3462 mirifice
831 3398 973 3462 resettus
1000 3400 1092 3464 suits.
1145 3400 1193 3483 (b)
1218 3399 1335 3482 Effectus

262 3503 411 3582 ejusdem
430 3500 631 3582 praefigurati
650 3501 782 3564 suerunt
803 3512 874 3565 tum
900 3521 961 3582 per¹
981 3504 1126 3566 arborem
1143 3506 1222 3578 vita,
1236 3522 1299 3583 qun
1312 3501 1333 3558 iu

262 3606 373 3666 medio
386 3604 530 3685 paradisi
544 3605 695 3684 plantata
708 3605 871 3679 suerat,ut
887 3616 975 3667 esset
992 3607 1247 3671 immortalitatis
1261 3605 1334 3685 phar·

262 3708 446 3771 macumf’:
484 3709 692 3771 Eucharistia
715 3710 802 3771 enim
828 3719 878 3770 est
899 3711 998 3771 veluti
1022 3710 1182 3772 Ecclesiae
1203 3718 1333 3771 centrum.

264 3839 332 3846 —..-

295 3899 302 3920 ¹
317 3899 347 3950 S.
365 3897 459 3949 Thone.
474 3913 490 3966 3
504 3915 530 3966 p.
548 3915 573 3966 q.
589 3910 630 3963 73,
648 3915 672 3950 a.
689 3917 705 3967 4
719 3917 724 3962 ;
746 3899 862 3963 Suarrn
875 3898 903 3950 in
916 3881 944 3952 h:
958 3897 1048 3963 artic.;
1067 3900 1190 3964 Drouin,
1204 3899 1219 3951 1.
1236 3889 1330 3959 1v‚q.1¹

261 3981 274 4049 ἕ
294 3997 325 4044 ¹·;
347 3983 443 4048 Et'mit,
461 3999 487 4050 p-
507 3999 527 4036 ¹·
866 4015 868 4025 ν
1068 4044 1070 4048 .

293 4073 302 4094 ²
317 4069 345 4119 S.
363 4069 390 4119 T
387 4069 458 4120 liam.
472 4086 488 4136 3
502 4087 527 4137 p.
542 4084 584 4138 73,
598 4087 622 4124 a.
639 4072 674 4132 6;
695 4072 811 4137 Suares,
827 4071 855 4123 in
870 4072 897 4122 h.
915 4072 992 4125 artic.
1001 4093 1007 4137 ;
1027 4073 1128 4142 Einrssg,
1147 4091 1171 4142 p.
1187 4087 1210 4126 2.

293 4147 302 4174 ³
318 4155 383 4206 Gen.
400 4153 478 4217 XIV,
496 4157 533 4208 18.
552 4185 584 4192 -
598 4156 607 4184 ⁴
621 4157 711 4209 Lrvr't.
728 4157 840 4224 xxtll,
858 4172 900 4226 71.
919 4189 951 4196 -
966 4163 975 4194 ⁵
990 4159 1044 4211 III
1053 4160 1119 4228 Reg.
1138 4160 1214 4226 XIX,
1230 4159 1251 4209 6.

294 4237 383 4291 sGen.
400 4239 439 4303 11,
456 4256 493 4292 10.
