2758 4652
240 179 297 227 or:
318 167 609 229 emurrmvrrm
628 177 933 228 sncnauarvro
1075 177 1132 226 531

48 365 77 418 et
90 357 283 438 prudentem
300 357 536 420 confessarium
554 375 712 438 magnum
731 356 795 417 Dei
815 373 977 435 organum
1000 371 1072 414 esse
1093 351 1135 412 ad

48 457 221 518 animarum
237 457 379 520 salutem
395 477 403 532 ;
430 458 565 537 prodest
580 455 669 516 enim
686 453 861 516 consilium
875 452 945 532 ejus
961 452 1003 513 ad
1021 469 1135 530 regen-

47 556 101 617 dos
115 553 262 631 aflectus,
277 558 319 619 ad
337 556 634 619 animadvertenda
650 555 738 626 vitia,
754 553 796 614 ad
814 552 967 614 vitandas
983 558 1136 632 peccato·

47 679 110 720 rum
126 660 324 734 occasiones,
340 659 382 723 ad
405 659 645 722 restituendum
668 656 814 718 ablatum
882 653 924 716 ad
947 653 1048 715 dubia
1064 654 1133 714 exi·

47 764 167 836 menda,
183 765 224 826 ad
242 765 435 844 erigendam
453 773 599 824 mentem
616 758 784 832 afflidlam,
800 758 841 819 ad
864 757 974 818 omnia
991 755 1136 834 denique

46 865 126 925 mala
147 876 205 928 aut
229 866 377 928 tollenda
393 876 451 928 aut
467 865 654 944 mitiganda
668 885 674 938 ;
701 873 734 924 ct
750 881 825 922 cum
848 857 936 921 fideli
952 859 1060 918 amico
1076 857 1134 918 vix

44 968 219 1048 quidquam
242 970 275 1031 in
297 968 395 1031 rebus
415 968 568 1030 humanis
587 965 799 1049 praestantius
816 962 1003 1043 reperiatur,
1018 959 1134 1039 quanti

44 1078 98 1142 est,
123 1090 197 1132 cum
230 1071 301 1152 ipsa
327 1071 524 1133 sacramenti
555 1069 657 1132 divini
688 1065 867 1130 inviolabili
899 1063 1064 1142 religione,
1091 1062 1134 1124 ad

44 1170 137 1234 fidem
154 1175 350 1236 servandam
368 1192 533 1255 opemque
550 1172 718 1234 serendam
736 1171 873 1252 astringi
884 1169 900 1194 '’
913 1169 947 1231 ¹?

43 1273 88 1355 (c)
102 1275 261 1357 Expurle
274 1277 433 1339 societatis
451 1301 463 1341 .·
488 1277 629 1339 societas
645 1277 743 1351 enim,
760 1275 830 1338 sine
846 1274 957 1354 legum
974 1269 1134 1345 custodia,

42 1396 152 1440 secura
175 1380 232 1442 vix
257 1381 438 1443 consistere
459 1390 590 1462 potest;
622 1379 714 1460 atqui
738 1381 780 1442 ad
809 1379 919 1458 legum
947 1372 1130 1437 custodiam

42 1479 201 1543 consessio
214 1483 355 1545 multum
369 1483 502 1545 inservit
510 1503 518 1559 ;
537 1485 681 1563 prudens
691 1483 779 1544 enim
792 1479 1010 1543 confessarius
1021 1477 1132 1556 legum

42 1579 257 1646 humanarum
298 1585 396 1647 simul
437 1605 476 1647 ac
516 1587 701 1648 divinarum
742 1585 987 1648 observantiam
1029 1589 1133 1660 urget,

40 1685 230 1748 societatem
247 1687 559 1769 domesticam,quae
572 1689 739 1752 societatis
755 1688 858 1750 civilis
874 1697 923 1749 est
939 1686 1134 1770 fundamen-

41 1795 123 1862 tum,
149 1787 237 1852 recte
267 1791 411 1864 ordinat,
439 1791 511 1853 lites
542 1801 575 1853 et
604 1791 741 1853 dissidia
771 1791 957 1872 componit,
983 1789 1133 1851 inimicos

39 1891 236 1966 reconciliat,
266 1893 425 1957 bonorum
462 1894 648 1956 ablatorum
686 1894 929 1956 restitutionem
971 1902 1134 1972 procurat,

38 1995 195 2058 scandala
211 1998 371 2077 praevenit
386 1997 437 2058 vel
459 2006 589 2079 reparat
603 2018 609 2072 ;
636 1997 704 2058 imo
719 1995 882 2057 confessio
898 1994 983 2057 hauc
999 1994 1134 2074 aequali-

39 2105 150 2172 tatem,
174 2098 217 2160 de
242 2103 308 2180 qua
335 2111 447 2162 nostra
474 2109 555 2164 aetas
581 2099 750 2180 gloriatur,
777 2099 924 2160 maxime
951 2108 1134 2179 promovet,

37 2216 140 2277 quum
157 2200 212 2263 lex
224 2201 404 2265 confitendi
421 2222 537 2288 qmnes
549 2202 680 2275 afficiat,
691 2223 783 2281 reges
796 2222 852 2264 seu
869 2202 1026 2283 praesides
1039 2221 1133 2282 aeque

36 2322 73 2363 ac
97 2304 259 2380 subditos,
282 2306 409 2368 nobiles
432 2327 470 2368 ac
493 2307 612 2368 divites
636 2326 730 2387 aeque
753 2326 791 2368 ac
818 2325 988 2386 pauperes,
1013 2326 1073 2367 nec
1099 2307 1131 2369 in

35 2423 130 2466 sacro
142 2405 297 2469 tribunali
311 2407 413 2470 ullum
430 2406 488 2471 fiat
498 2409 674 2470 discrimen
688 2409 773 2470 inter
783 2407 922 2470 diversae
933 2406 1133 2470 conditionis

34 2507 237 2584 prenitentes
249 2521 270 2570 ².

67 2720 77 2752 1
98 2705 162 2758 Nec
184 2705 265 2761 aliter
287 2708 437 2778 loquuntur
458 2710 585 2764 hodierni
609 2709 758 2778 Anglicani
780 2727 836 2764 non
860 2711 950 2780 pauci,
973 2711 1044 2764 inter
1062 2728 1132 2780 quos

32 2790 72 2844 H.
86 2794 123 2844 P.
137 2792 256 2860 Lindon,
271 2806 299 2848 ut
312 2812 347 2849 ex
359 2796 420 2865 ejus
434 2796 560 2866 epistolis
573 2807 684 2852 constat
699 2815 704 2850 :

66 2879 84 2906 “
96 2879 195 2932 Christ
207 2881 325 2949 Churck,
335 2883 450 2949 Oxsord,
462 2885 558 2938 march
575 2885 648 2952 1883.
660 2915 692 2922 -
702 2881 854 2938 Carissime
865 2885 909 2949 Χ.,
920 2885 965 2936 Ab
978 2901 1053 2937 anno
1066 2883 1132 2950 1847

28 2967 225 3020 consessorem
238 2969 312 3022 adivi
326 2970 556 3040 quotiescumque
569 2989 639 3038 opus
652 2971 746 3037 habui,
760 2981 787 3024 et
800 2988 953 3040 numquam
967 2971 1020 3025 hoc
1034 2988 1078 3025 me
1093 2972 1134 3041 pi·

27 3054 100 3120 guit.
144 3055 222 3107 Nihil
236 3056 335 3110 melius
348 3057 424 3125 quod
437 3059 561 3112 animam
576 3056 681 3111 reliciat
695 3075 758 3111 esse
774 3073 857 3125 posse
870 3057 990 3121 videtur;
1009 3068 1037 3111 et
1050 3058 1133 3112 abso·

28 3141 109 3207 lutio,
120 3158 183 3210 quae
193 3143 399 3198 consessionem
409 3146 541 3215 sequitur,
550 3156 593 3199 est
606 3146 753 3215 potestatis
763 3145 928 3199 absolvendi
941 3145 1030 3200 forma
1040 3148 1131 3214 magis

27 3226 142 3282 directa
154 3246 188 3282 ac
201 3231 370 3298 authentica,
384 3241 469 3301 quam
483 3234 537 3285 illue
551 3232 765 3286 universaliores
779 3232 912 3298 sormulae,
922 3249 985 3302 quae
1000 3233 1026 3285 in
1041 3233 1131 3287 officio

25 3313 198 3383 quotidiano
216 3327 244 3370 et
264 3317 292 3369 in
307 3318 493 3372 Eucharistiae
512 3318 756 3372 administratione
774 3319 952 3372 adhibentur.
993 3320 1131 3386 Expertus

24 3419 92 3454 sum
109 3417 230 3471 quoque,
243 3404 318 3473 quod
331 3405 368 3457 ad
381 3421 427 3458 me
439 3405 553 3471 attinet,
566 3403 723 3458 doctrinam
738 3405 871 3474 Episcopi
887 3406 982 3459 Eutler
995 3406 1081 3458 relate
1094 3407 1131 3460 ad

24 3489 165 3542 tutiorem
175 3488 250 3542 viam
260 3489 426 3543 sectandam
437 3491 511 3545 circa
521 3491 659 3545 rationem
669 3508 699 3544 se
710 3490 842 3558 habendi,
851 3491 1010 3560 hujusmodi
1025 3493 1132 3560 praxim

22 3573 210 3645 apertissime
220 3577 419 3630 confirmare...
437 3577 568 3631 Minister
581 3587 717 3642 terrenus,
728 3577 774 3647 qui
789 3576 995 3631 absolutionem
1008 3576 1131 3645 imperti·

22 3674 81 3729 tur,
96 3672 142 3715 est
156 3661 270 3716 indubie
283 3663 377 3717 finitus
396 3674 423 3718 et
442 3663 631 3732 imperledlus
644 3665 711 3717 dum
726 3665 858 3718 Summus
874 3664 1012 3716 Sacerdos
1028 3667 1132 3720 Noster

20 3749 156 3804 coelestis
176 3748 282 3802 infinite
302 3748 460 3818 intelligens
479 3761 507 3803 et
526 3751 626 3803 bonus.
665 3752 798 3805 Attamen
812 3750 939 3803 minister
952 3750 1005 3816 hic,
1019 3749 1046 3803 vi
1065 3751 1131 3804 mis·

19 3835 118 3892 sionis
132 3851 149 3888 a
161 3835 273 3888 Christo
286 3848 417 3905 receptae,
428 3835 554 3889 subsidio
567 3837 649 3889 nobis
663 3834 748 3902 venit,
758 3847 787 3889 ut
801 3834 877 3888 omni
892 3834 983 3888 cordis
997 3853 1030 3889 ac
1044 3836 1130 3892 animi

17 3924 102 3990 nisu,
119 3931 279 3975 nostrorum
299 3933 488 3992 peccatorum,
505 3922 527 3976 si
541 3924 667 3991 velimus,
684 3938 736 3975 nos
755 3923 899 3990 poeniteat,
915 3923 991 3992 quod
1012 3926 1130 3992 propriis

18 4009 136 4064 viribus
150 4007 300 4061 difficulter
312 4007 531 4077 adimpleremus
540 4009 561 4062 ''.

57 4090 71 4120 ¹
96 4096 181 4148 Hanc
203 4093 337 4148 socialem
360 4096 545 4149 consessionis
567 4095 717 4149 utilitatem
739 4106 915 4164 agnoverunt
940 4096 1079 4150 lncreduli
1102 4107 1130 4152 et

18 4185 237 4245 Protestantes;
256 4181 295 4233 ita
314 4181 443 4246 Vollaire,
458 4180 582 4235 Didiion.
600 4183 712 4251 philos,
724 4193 776 4236 art.
793 4184 899 4237 catech.
912 4183 948 4237 du
963 4185 1047 4249 Curt53
1068 4201 1130 4252 pro·

15 4280 138 4326 testans
151 4265 250 4321 autlor
262 4268 353 4336 operis
366 4269 474 4322 Lellers
486 4267 650 4337 osAltrius,
663 4270 721 4323 lett.
736 4284 751 4340 5
767 4270 805 4324 th.
