2780 4646
356 164 412 214 DE
428 165 591 214 Getam
611 162 866 213 nanuum.
1105 159 1147 210 95

65 340 210 418 informis,
225 363 302 425 quae
325 363 383 424 per
405 345 577 406 caritatem
601 353 635 406 et
658 343 745 406 bona
760 361 861 423 opera
884 361 950 404 non
975 337 1150 420 perficitur,

63 453 91 504 et
112 443 190 506 fides
205 447 357 526 perfella,
371 466 428 508 seu
446 446 598 519 formata,
615 466 691 526 quae
708 466 766 527 per
781 446 953 507 caritatem
972 439 1149 523 perficitur,

62 556 91 607 et
101 547 252 626 operibus
268 548 364 610 bonis
381 547 624 624 manifestatur;
647 549 810 629 posterior
820 548 934 628 utique
950 545 992 607 ad
1008 544 1148 606 salutem

61 657 89 709 et
96 647 364 726 justificationem
377 650 591 731 sufficit,quia
601 651 634 712 in
648 671 682 712 se
695 671 811 712 omnes
822 649 904 712 alias
914 647 1149 730 dispositiones

61 751 210 826 continet,
226 753 315 834 prior
330 762 453 828 autem,
469 773 526 816 seu
543 752 625 814 fides
644 749 847 834 imperfedla,
865 751 1003 813 minime
1018 747 1147 814 sufficit.

60 846 105 928 (b)
115 850 146 914 S.
159 853 279 916 Paulus
295 855 391 918 addit
406 859 422 888 ‘⁴
432 855 502 918 sine
517 856 696 936 operibus'',
707 857 764 918 sed
782 855 832 917 his
848 854 957 916 verbis
976 872 1076 934 opera
1091 869 1149 911 na·

60 954 183 1029 ruralia,
199 965 256 1019 aut
272 977 374 1037 opera
389 957 471 1039 legis
486 958 630 1020 mosaice
651 958 811 1034 excludit,
828 977 894 1019 non
918 966 1031 1019 autem
1047 972 1150 1034 opera

59 1059 323 1134 supernaturalia,
334 1069 370 1122 ut
386 1070 479 1142 patet
495 1081 539 1124 ex
556 1070 652 1136 textu,
661 1069 807 1123 contextu
822 1070 856 1123 et
872 1061 946 1122 locis
953 1056 1127 1139 parallelis
1137 1076 1149 1116 .·

58 1175 96 1218 ex
112 1169 206 1236 textu,
222 1163 280 1243 qui
304 1163 350 1226 ita
372 1184 408 1225 se
431 1163 531 1226 habet
550 1188 556 1226 :
585 1163 827 1226 “Arbitramur
846 1160 1019 1242 justificari
1043 1157 1148 1221 homi·

59 1279 126 1324 nem
143 1265 213 1326 sine
225 1265 371 1346 operibus
380 1267 461 1346 legis
471 1268 495 1341 ”,
508 1268 526 1328 i.
541 1288 567 1329 e.
578 1267 649 1328 sine
661 1266 816 1348 operibus
830 1265 1030 1347 praescriptis
1044 1283 1063 1324 a
1076 1262 1148 1340 lege

59 1367 204 1442 mosaica,
230 1389 305 1449 quae
329 1368 399 1450 jam
424 1370 584 1450 abrogata
608 1380 679 1431 erat
703 1389 722 1430 a
749 1368 899 1445 Christo;
928 1389 969 1430 ex
992 1374 1148 1438 contextu,

59 1469 176 1531 namin
195 1470 303 1551 Epist.
319 1471 362 1533 ad
380 1473 486 1546 Rom,
502 1471 536 1536 S.
554 1472 673 1534 Paulus
698 1470 842 1534 intendit
865 1470 1005 1553 probare
1032 1476 1148 1530 contra

59 1567 199 1634 Gentiles
216 1593 317 1654 opera
330 1573 493 1636 naturalia
509 1593 575 1636 non
594 1575 710 1636 mereri
725 1573 1007 1654 justificationem,
1020 1582 1054 1635 et
1070 1591 1147 1632 con·

59 1679 102 1732 tra
116 1673 251 1753 Judaeos
266 1686 359 1756 opera
374 1677 453 1756 legis
465 1673 656 1761 (mosaicae)
670 1697 736 1738 non
753 1697 796 1738 ex
812 1697 848 1738 se
865 1676 980 1738 mereri
997 1675 1147 1756 gratiam,

59 1776 118 1851 sed,
133 1787 254 1857 praeter
268 1777 325 1840 illa
341 1799 450 1860 opera,
467 1779 586 1859 requiri
608 1777 708 1841 fidem
726 1779 758 1841 in
777 1778 955 1850 Christum,
971 1779 1049 1859 quia
1072 1776 1147 1839 talis

59 1873 141 1952 fides,
156 1889 188 1941 et
204 1881 341 1960 quidem
358 1882 438 1956 sola,
452 1901 554 1962 opera
571 1891 684 1944 nostra
708 1882 845 1943 reddere
861 1890 973 1962 potest
989 1900 1146 1962 superna·

60 1980 185 2058 turalia;
208 1983 266 2044 sed
283 2003 384 2064 opera
401 1984 490 2046 bona
506 1994 542 2046 ut
559 1985 742 2047 necessaria
759 1984 869 2057 habet,
885 1984 1008 2046 nedum
1025 2003 1065 2044 ea
1087 2001 1146 2043 ex-

60 2080 176 2160 cludat3
199 2085 363 2164 siquidem
380 2087 412 2148 in
430 2107 502 2170 cap.
516 2089 548 2150 ll
568 2084 678 2171 (6-13)
697 2089 743 2150 ait
762 2112 768 2149 :
792 2089 953 2150 “Reddet
969 2087 1147 2166 unicuique

60 2188 230 2249 secundum
243 2198 337 2268 opera
352 2187 459 2269 ejus
508 2191 583 2252 Non
598 2192 685 2253 enim
702 2190 870 2253 auditores
882 2191 963 2272 legis
977 2190 1058 2270 justi
1071 2199 1147 2252 sunt

59 2289 138 2366 apud
156 2289 276 2366 Deum,
291 2291 349 2353 sed
356 2292 500 2370 falleres
514 2292 594 2374 legis
607 2292 876 2373 justificabuntur
889 2293 903 2322 ¹’
918 2315 925 2370 ;
947 2314 987 2355 ex
999 2294 1076 2356 locis
1084 2303 1145 2372 pa·

60 2391 178 2468 rallrlu,
193 2414 269 2454 nam
288 2393 366 2455 alibi
385 2395 417 2458 S.
430 2395 549 2458 Paulus
566 2396 773 2460 Christianos
789 2395 942 2458 hortatur
958 2396 1039 2459 utin
1056 2417 1148 2459 omne

60 2503 128 2570 rpus
151 2495 266 2558 bonum
292 2497 472 2572 abundent,
490 2500 521 2559 in
544 2501 635 2560 orrrrri
651 2510 740 2580 opere
764 2499 842 2562 bono
862 2499 1094 2579 justificentur,
1110 2512 1147 2565 ut

60 2595 286 2661 confirmentur
301 2599 435 2661 inomni
447 2611 537 2680 opere
551 2611 582 2663 et
595 2623 738 2664 sermone
753 2603 868 2674 borro1,·
895 2605 987 2683 atqui
1005 2604 1061 2666 illa
1076 2626 1146 2668 om·

60 2701 107 2761 nia
121 2703 300 2764 ostendunt
318 2702 350 2766 S.
368 2703 507 2765 Paulum
525 2725 591 2767 non
608 2726 709 2786 opera
726 2706 824 2782 bona,
839 2726 897 2768 seu
914 2718 1147 2788 supernatura-

60 2801 104 2877 lia,
119 2806 173 2867 sed
190 2805 298 2867 solum
315 2825 417 2886 opera
434 2809 598 2870 naturalia
614 2809 811 2880 excludere:
834 2830 914 2890 ergo
927 2823 946 2872 ².

96 2920 158 2970 122.
205 2909 264 2986 (C)
281 2907 317 2971 Si
334 2909 407 2969 aliae
418 2911 626 2972 conditiones
644 2922 764 2992 praeter
780 2911 879 2973 fidem
893 2913 1145 2992 requirerentur,

57 3005 238 3083 justificatio
265 3011 409 3090 gratuita
439 3031 506 3074 non
539 3021 635 3086 esset,
664 3034 723 3074 nec
758 3013 858 3075 tribui
883 3025 996 3094 posset
1024 3016 1145 3078 Christi

59 3113 180 3188 meritis,
211 3132 267 3174 seu
307 3133 325 3173 e
362 3123 477 3176 contra
509 3114 653 3176 hominis
691 3116 855 3196 superbiae
887 3117 1019 3182 faveret.
1050 3120 1144 3200 Resp.

59 3211 208 3292 Quamvis
224 3215 460 3297 dispositiones
476 3219 517 3280 ad
532 3217 807 3298 justificationem
825 3221 1041 3302 requirantur,
1049 3221 1145 3302 justi-

59 3313 155 3380 ficatio
179 3318 299 3380 merito
323 3319 476 3398 gratuita
508 3330 655 3396 vocatur,
680 3323 759 3402 quia
782 3323 883 3384 homo
907 3325 948 3385 ad
974 3343 1047 3384 eam
1073 3345 1144 3386 sese

88 3532 135 3583 ιΙΙ
146 3531 269 3598 Cor.lX‚
285 3529 314 3594 8;
335 3532 423 3585 colos.
438 3534 459 3600 l,
480 3549 522 3597 10;
542 3535 579 3586 ΙΙ
592 3535 712 3598 Thessal.
731 3535 768 3600 ll,
787 3537 823 3587 16.

85 3609 180 3684 'Quod
193 3617 306 3684 egregie
319 3617 591 3686 exponithwmurr,
604 3637 647 3688 op.
662 3619 708 3672 cit.
725 3619 788 3673 leel.
803 3619 872 3680 Xll,
883 3631 910 3672 et
926 3619 1030 3672 ibidem
1044 3621 1144 3688 probat

57 3702 149 3755 nullam
168 3701 423 3757 contradidionem
442 3721 505 3758 esse
524 3705 596 3758 inter
610 3706 638 3759 S.
657 3705 735 3758 Pauli
756 3717 784 3760 et
803 3709 831 3759 S.
848 3706 946 3773 Jacobi
961 3703 1142 3760 doctrinam:

58 3787 126 3854 prior,
138 3805 186 3842 eos
205 3789 351 3858 alloquens
370 3790 418 3859 qui
437 3801 544 3844 naturae
565 3791 647 3844 nimis
667 3791 801 3858 lidebant,
817 3791 916 3844 iterum
936 3803 1021 3860 atque
1042 3793 1143 3847 iterum

59 3871 168 3929 declarat
186 3880 272 3944 opera
289 3878 350 3928 sine
359 3876 420 3944 fide
438 3877 552 3944 perac'la
575 3895 630 3931 non
652 3879 746 3932 valere
768 3879 804 3930 ad
824 3877 1068 3946 justificationem,
1092 3881 1142 3933 sed

60 3961 268 4027 supernaturalia
280 3978 366 4030 opera
379 3979 433 4015 non
447 3963 585 4027 excludit;
613 3963 751 4031 posterior
763 3975 857 4016 autem
871 3981 920 4018 eus
934 3965 1081 4034 alloquens
1095 3966 1141 4034 qui

58 4043 106 4110 jam
118 4049 274 4114 credebaut,
287 4049 447 4118 emphatice
459 4051 560 4103 asserit
571 4049 654 4111 fidem
667 4052 727 4102 sine
739 4051 868 4118 operibus
881 4067 979 4118 parum
994 4051 1139 4118 prodesse,

61 4131 110 4197 sed,
120 4133 182 4186 dum
195 4151 281 4202 opera
294 4135 483 4200 commendat,
492 4134 557 4189 fidei
566 4135 765 4189 necessitatem
778 4152 835 4188 non
849 4147 943 4204 negat.
985 4137 1140 4205 Utriusque

63 4215 133 4282 igitur
144 4220 268 4274 dotlrina
282 4221 364 4274 simul
377 4222 541 4276 coordinata
554 4223 656 4277 thesim
670 4233 795 4275 nostram
808 4222 914 4292 optime
927 4223 1083 4276 confirmat.
