2794 4662
387 196 442 244 DE
460 193 752 244 Marmmomo.
1053 187 1119 238 680

67 383 114 460 78
157 391 191 459 3⁰
204 379 264 441 Ad
268 379 549 460 concupiscentiam
566 375 794 438 moderandam
803 401 814 443 ,·
832 372 887 454 qui
905 371 992 433 enim
1010 389 1118 430 corru-

28 489 91 559 ptae
107 491 233 542 naturae
249 479 523 562 propensionibus
540 477 686 540 habenas
703 477 829 551 laxant,
846 474 994 556 nuptiale
1010 483 1119 535 torum

28 584 113 644 omni
143 584 353 647 immunditia
377 583 565 664 deturpant,
588 600 648 642 nec
672 583 738 642 una
766 598 871 640 uxore
897 576 1053 650 contenti,
1077 575 1119 637 ad

31 686 145 747 multas
163 686 373 760 inclinantur,
390 694 433 758 et,
448 685 475 746 si
500 681 692 766 polygamia
716 679 937 761 prohibeatur,
953 680 995 742 ad
1012 679 1119 739 divor-

28 892 65 952 de
91 892 233 972 paganis
257 892 402 953 refertur.
451 891 539 952 Huic
556 899 666 952 autem
684 889 765 952 vitio
782 887 933 949 medetur
948 887 1055 968 gratia
1071 905 1121 947 sa-

27 994 192 1068 cramenti,
208 998 273 1075 qua
290 993 402 1074 adjuti,
413 992 582 1056 christiani
599 991 757 1072 conjuges
774 991 959 1072 praecipites
976 990 1121 1053 libidinis

27 1095 166 1176 impetus
183 1096 336 1159 cohibere
353 1095 474 1168 valent,
491 1104 524 1156 et
540 1105 632 1158 caste
652 1093 780 1175 juribus
804 1094 871 1155 suis
895 1102 1039 1169 utuntur,
1056 1112 1122 1155 non

26 1207 89 1258 tam
106 1198 290 1280 voluptatis
314 1219 414 1280 quam
439 1197 541 1280 prolis
565 1197 729 1260 desiderio
745 1219 752 1275 ;
776 1197 892 1259 eadem
909 1199 1016 1278 gratia
1033 1197 1123 1261 fitur

26 1300 81 1360 sibi
103 1301 246 1364 invicem
270 1303 316 1365 ita
341 1311 502 1383 perpetuo
526 1300 718 1362 adhaereant
737 1309 772 1361 ut
789 1310 904 1362 neuter
920 1300 1123 1363 adulterinos

25 1401 131 1465 foveat
148 1424 301 1467 amores:
325 1407 410 1468 sicut
430 1405 518 1466 enirn
536 1403 716 1468 “Christus
739 1403 858 1466 dilexit
882 1404 1066 1467 Ecclesiam
1090 1415 1124 1468 et
1224 1455 1226 1462 .

24 1506 166 1587 seipsum
195 1509 333 1570 tradidit
360 1527 419 1588 pro
447 1511 484 1569 ea
514 1517 549 1569 ut
576 1506 668 1578 illum
694 1489 975 1582 sanctificaret’u,
1003 1509 1048 1570 ita
1075 1510 1125 1570 vir

24 1608 219 1672 christianus
236 1621 328 1672 casto
344 1631 457 1676 amore
473 1629 613 1695 uxorem
632 1611 848 1690 prosequitur,
862 1621 895 1672 et
908 1631 993 1672 uxor
1008 1613 1123 1688 virum,

24 1710 65 1771 ita
82 1722 119 1773 ut
136 1733 181 1773 ex
200 1713 255 1775 illa
272 1719 387 1776 mutua
404 1711 582 1776 dilectione
598 1709 779 1774 sanetiores
795 1713 947 1776 evadant.

62 1828 111 1894 79.
154 1815 317 1878 Attamen
336 1826 372 1879 ut
391 1817 595 1880 Matrimonii
613 1826 857 1877 sacramentum
875 1817 1030 1898 praelatos
1047 1838 1124 1900 ope·

23 1928 109 1980 retur
126 1917 274 1996 effectus
287 1923 385 2003 recipi
404 1921 502 1984 debet
518 1941 593 1983 cum
608 1918 696 1984 reus
710 1920 893 1981 intentione
905 1931 938 1982 et
950 1930 1039 1983 statu
1052 1942 1125 2003 gra-

23 2022 82 2082 tiae.
124 2022 292 2104 Satagaut
309 2025 409 2105 igitur
426 2035 577 2106 pastores
594 2035 630 2087 ut
645 2035 718 2086 tum
736 2023 889 2102 privatim
907 2033 977 2086 tum
996 2025 1126 2105 publice

23 2122 252 2187 adolescentes
276 2125 450 2189 hortentur
466 2136 503 2188 ut
520 2145 586 2188 non
604 2127 675 2187 sine
692 2128 832 2208 propriis
853 2128 1126 2209 dispositionibus

23 2226 184 2288 accedant
201 2228 242 2290 ad
260 2237 514 2302 sacramentum,
531 2248 574 2290 cx
595 2248 662 2309 quo
687 2238 798 2291 tantos
816 2228 940 2293 fruetus
957 2233 1126 2314 percipere

22 2329 156 2392 valeant
173 2349 233 2410 pro
250 2339 322 2393 toto
337 2332 416 2393 vitae
432 2352 527 2394 cursu
545 2341 613 2394 tam
632 2333 841 2396 necessarios

62 2433 113 2497 80.
166 2432 264 2494 Hanc
289 2433 422 2496 brevem
445 2431 604 2496 doetrinae
627 2435 799 2498 catholicae
822 2440 1066 2520 expositionem
1084 2443 1126 2505 de

24 2532 244 2596 llatrimonio
272 2535 452 2598 christiano
481 2537 598 2599 melius
624 2539 821 2602 concludere
852 2561 918 2604 non
951 2564 1127 2625 possumus

22 2655 122 2715 quam
142 2635 314 2700 referendo
331 2638 402 2699 haec
418 2637 535 2701 Leonis
546 2640 647 2702 XIII
656 2642 755 2705 verba
768 2643 799 2722 (l.
812 2645 900 2726 cit.):
925 2646 1126 2728 “Quantum

21 2741 238 2802 contentione
254 2743 394 2822 assequi,
406 2751 568 2823 quantum
586 2740 784 2807 auetoritate
801 2749 947 2827 potestis
960 2751 1038 2812 date
1050 2772 1127 2832 ope-

22 2861 101 2917 ram,
129 2853 165 2904 ut
192 2842 282 2923 apud
308 2852 424 2922 gentes
456 2843 532 2906 fidei
564 2855 683 2908 vestrae
714 2851 974 2927 commendatae,
1001 2855 1129 2936 integra

22 2954 126 3026 atque
143 2945 336 3027 incorrupta
351 2944 504 3009 doetrina
521 2948 709 3026 retineatur,
725 2972 826 3032 quam
844 2953 995 3018 Christus
1012 2957 1128 3021 Domi-

23 3065 84 3108 nus
102 3057 138 3109 et
155 3048 299 3111 coelestis
316 3050 497 3112 voluntatis
521 3051 718 3132 interpretes
735 3054 891 3136 Apostoli
913 3058 1128 3137 tradiderunt,

22 3169 193 3231 quamque
221 3151 372 3214 Ecclesia
400 3151 564 3216 catholica
595 3154 747 3236 religiose
774 3158 846 3238 ipsa
873 3163 1022 3239 servavit,
1050 3174 1083 3226 et
1110 3185 1129 3226 a

23 3254 151 3316 Christi
169 3253 321 3319 fidelibus
338 3258 458 3318 servari
476 3277 534 3338 per
545 3277 662 3320 omnes
678 3269 794 3323 aetates
804 3261 910 3342 jussit.
943 3266 1128 3349 Praecipuas

22 3377 121 3418 curas
139 3358 172 3418 in
191 3357 222 3419 id
241 3359 406 3436 insumite,
424 3370 459 3423 ut
484 3361 596 3440 populi
617 3363 789 3426 abundent
810 3368 984 3448 praeceptis
1001 3372 1129 3450 sapien·

22 3460 79 3520 tiae
106 3459 306 3535 christianae,
322 3481 519 3543 semperque
539 3466 698 3526 memoria
722 3476 858 3530 teneant
882 3471 1126 3538 matrimonium

22 3582 92 3624 uon
112 3561 285 3625 voluntate
301 3563 483 3641 hominum,
496 3565 553 3627 sed
571 3565 767 3632 auctoritate
784 3582 933 3652 nutuque
949 3575 1012 3636 Dei
1031 3575 1129 3639 luisse

23 3666 124 3728 initio
140 3667 365 3744 constitutum,
375 3678 408 3730 et
420 3669 481 3730 hac
494 3670 567 3750 lege
584 3690 718 3751 prorsus
734 3683 769 3734 ut
785 3675 828 3736 sit
844 3677 940 3737 unius
953 3671 994 3739 ad
1009 3697 1129 3742 unam:

24 3767 199 3832 Christum
217 3787 295 3830 vero
311 3771 386 3832 novi
405 3771 552 3833 Foederis
565 3771 733 3836 auctorem
748 3775 828 3838 illud
843 3777 950 3858 ipsum
963 3801 1007 3842 ex
1020 3781 1129 3844 officio

23 3879 158 3934 naturae
183 3871 215 3931 in
244 3884 452 3935 sacramenta
477 3877 693 3951 transtulisse,
719 3889 752 3939 et
777 3881 865 3960 quod
892 3883 933 3944 ad
962 3869 1150 3948 vinculum

23 3969 168 4054 spediat,
192 3972 360 4054 legiferam
386 3984 419 4037 et
443 3977 633 4056 judicialem
661 3980 818 4043 Ecclesiae
845 4004 914 4046 suae
941 3989 1129 4052 attribuisse

23 4084 231 4157 potestatem
243 4076 268 4138 ’'.

61 4289 70 4320 ¹
86 4288 189 4358 aptes.
204 4290 237 4356 v,
253 4290 343 4360 25·26.

117 4409 243 4455 Sruoesrs
256 4409 300 4455 111.
313 4435 340 4444 -
352 4425 381 4467 44
