2758 4652
260 183 320 234 518
467 183 520 230 DE
543 181 832 230 POENITENTIAE
852 181 1155 232 SACRAMENTO.

314 301 319 306 .
334 299 443 306 -----
486 299 559 304 --—-
627 298 705 304 -—.--
723 297 811 303 ——-.
843 298 989 303 -—--
1003 296 1067 302 —q
1090 289 1327 302 ————-¹

260 361 392 425 tritione
404 361 521 441 requiri
539 360 700 422 initialem
717 379 863 422 amorem
883 359 946 421 Dei
965 367 1100 438 propter
1115 352 1326 428 sedileeiimon

260 465 394 545 quidem
408 484 555 526 amorem
574 465 884 546 praedorninantem,
900 481 968 542 quo
980 461 1073 522 Deus
1099 469 1230 541 propter
1246 479 1276 518 se
1288 479 1327 518 nr-

253 579 317 646 per
329 567 439 629 onznia
461 566 618 647 diligitur,
635 565 692 628 sed
717 565 941 645 incipientem,
957 564 1065 646 qualis
1089 563 1227 625 habetur
1246 562 1329 622 abeo
1362 597 1363 642 1

145 731 148 738 ,
199 745 204 756 .
260 670 314 750 qui
332 671 446 732 nititur
462 670 694 731 contritionem
709 689 751 730 ex
765 669 912 730 caritatis
924 669 1050 730 motivo
1067 668 1363 742 elicereetrevera,

262 771 372 834 Deum
396 771 534 852 diligere
558 771 684 852 incipit,
701 790 767 832 non
794 772 840 833 ita
864 780 976 832 tamen
1002 781 1038 831 ut
1062 757 1233 850 propterea
1253 787 1331 828 omne
1362 809 1363 816 ,

261 883 433 954 peccatum
445 895 543 954 grave
556 874 636 936 velit
649 871 778 955 iugere;
802 875 981 936 accedente
994 882 1107 934 autem
1125 881 1213 933 metu
1225 869 1270 931 vel
1282 890 1331 950 spe.

260 976 414 1039 voluntas
431 977 556 1038 sincere
575 977 689 1057 gravia
705 973 827 1038 delicta
843 977 1036 1049 detestatur,
1054 976 1100 1036 ita
1115 984 1153 1036 ut
1169 973 1330 1053 hujusmodi

260 1077 438 1142 detestatio
455 1081 574 1160 partim
593 1099 636 1141 ex
654 1099 775 1154 amore,
793 1079 913 1159 partim
929 1098 973 1138 ex
991 1088 1080 1139 metu
1098 1076 1228 1138 oriatur.

303 1179 368 1265 (B)
387 1181 455 1244 Alii
473 1201 558 1256 ver0,
573 1201 648 1243 cum
666 1180 836 1255 Palnrieri,
858 1180 955 1260 Tepe1
973 1189 1044 1254 etc,
1061 1178 1265 1240 contendunt
1284 1197 1331 1236 non

261 1284 367 1346 solum
392 1305 457 1346 non
484 1284 602 1364 requiri
627 1283 758 1344 initium
787 1283 936 1344 caritatis
970 1280 1135 1363 perfetta
1163 1283 1219 1342 sed
1250 1299 1333 1360 neque

261 1388 361 1449 etiam
379 1408 525 1450 amorem
542 1387 827 1467 concupiscentiae.
876 1385 962 1447 Nam
981 1386 1013 1447 id
1031 1395 1165 1447 tanturn
1186 1384 1334 1464 requiritur

261 1492 303 1553 ad
320 1488 474 1553 effectrrm
491 1490 689 1552 sacramenti
705 1489 925 1551 obtinendum
939 1489 1029 1570 quod
1040 1487 1162 1550 sufficit
1175 1489 1216 1549 ad
1230 1488 1333 1548 obicern

263 1594 515 1669 removendum,
539 1593 630 1672 atqui
654 1592 725 1653 sola
742 1592 869 1653 attritio
885 1612 929 1652 ex
947 1602 1038 1653 metu
1055 1590 1226 1671 gehennae,
1236 1591 1336 1668 absque

262 1696 330 1757 uilo
337 1695 482 1776 formali
496 1697 618 1757 amoris
634 1692 720 1768 adiu,
733 1707 881 1758 removet
893 1696 1032 1768 obicem,
1043 1695 1100 1776 qui
1114 1694 1196 1755 nihil
1209 1693 1289 1754 aliud
1300 1703 1335 1752 est
1362 1761 1363 1764 Ἴ

263 1799 324 1860 nisi
341 1797 543 1860 adhaerentia
561 1809 715 1879 peccato;
738 1819 819 1879 ergo
835 1819 902 1860 non
916 1799 1092 1879 requiritur
1108 1797 1163 1858 ilie
1179 1816 1337 1858 amorcon·
1362 1873 1363 1880 ἵ

261 1901 485 1982 cupiscentiae,
501 1920 566 1981 quo
583 1901 677 1962 Deus
694 1910 731 1963 ut
747 1900 843 1962 nobis
867 1901 974 1963 bonus
997 1921 1096 1981 super
1119 1901 1233 1962 omnia
1252 1900 1337 1979 diligi-

262 2015 324 2068 tur.
371 2005 397 2064 F
398 2013 531 2066 atentur
546 2012 657 2065 tamen
675 2002 866 2083 hujusmodi
879 1999 1030 2064 audiores
1042 2003 1072 2063 in
1084 2003 1176 2063 omni
1194 2002 1338 2064 attritione

263 2104 454 2167 virtualiter
467 2105 591 2168 includi
615 2104 759 2185 aliquem
785 2123 932 2166 amorem
951 2105 1025 2178 Dei,
1041 2115 1207 2186 quatenus
1229 2103 1339 2165 attritus

261 2209 333 2270 odit
360 2218 545 2290 peccatum,
567 2219 667 2288 prout
689 2217 741 2269 est
764 2205 892 2268 offensa
917 2207 990 2282 Dei,
1017 2217 1119 2287 atque
1140 2208 1211 2270 vult
1232 2222 1340 2267 servare

260 2312 374 2374 omnia
391 2311 558 2384 mandata,
577 2311 661 2371 inter
676 2329 752 2389 quae
768 2309 958 2371 continetur
974 2319 1180 2389 praeceptum
1202 2304 1339 2386 diligendi

265 2416 375 2476 Deum
392 2435 489 2494 super
504 2415 626 2475 omnia

305 2539 355 2616 64.
402 2539 460 2618 rC)
490 2539 559 2600 Alii
595 2547 707 2600 autem
745 2536 959 2618 probabiliuS,
989 2556 1064 2598 cum
1098 2535 1236 2610 Suaren,
1258 2533 1339 2610 Lego

265 2643 302 2706 S.
318 2643 492 2721 Alpinum,
508 2641 675 2702 Kcrrrick¹
692 2650 764 2714 etc,
779 2639 902 2701 docent
926 2659 993 2700 non
1009 2639 1129 2719 requiri
1146 2639 1247 2700 aliurn
1267 2653 1339 2696 arno

263 2765 332 2806 rem
350 2745 410 2805 nisi
427 2765 568 2804 aurorem
582 2743 656 2823 spei,
672 2743 729 2822 qui
746 2761 879 2822 semper
895 2743 927 2803 in
944 2743 1073 2803 sincera
1094 2741 1264 2802 attritione
1280 2755 1339 2798 con·

263 2849 406 2909 tinetur:
429 2867 494 2907 non
512 2855 621 2926 potest
634 2845 722 2906 enim
739 2846 814 2924 quis
830 2865 906 2906 uere
917 2844 1074 2906 detestari
1091 2855 1338 2922 peccatum,cun1

264 2971 321 3030 spe
338 2951 441 3010 venire
458 2961 490 3010 et
507 2948 674 3010 desiderio
694 2949 822 3028 gratiae,
837 2948 916 3027 quin
933 2967 974 3007 eo
991 2947 1064 3026 ipso
1085 2947 1222 3027 incipiat
1237 2943 1339 3023 aliquo·

266 3051 366 3112 modo
389 3071 500 3112 amare
518 3051 626 3112 Deum
649 3059 685 3110 ut
707 3049 769 3109 sibi
790 3049 924 3110 bonum.
972 3049 1070 3115 Nam,
1086 3049 1113 3108 si
1130 3049 1338 3127 speciesque

265 3157 342 3214 riam
375 3155 497 3214 amoris
532 3153 702 3214 nobilioris
735 3153 855 3232 requiri
889 3153 1095 3232 probaretur,
1119 3161 1209 3212 essct
1232 3149 1279 3211 vel
1302 3165 1340 3204 ru·

263 3257 356 3324 :aura
371 3255 421 3316 uel
438 3256 633 3316 ‹rra-ianam.
679 3255 786 3334 Atqui
806 3257 852 3334 xai
877 3275 938 3314 nen
962 3257 1095 3326 rotante,
1110 3273 1191 3314 nam
1214 3271 1299 3314 amor
1317 3266 1340 3306 se

265 3359 365 3420 habet
378 3359 513 3420 relative
525 3361 567 3420 ad
582 3357 854 3436 justificationem
870 3371 907 3418 ut
924 3359 1071 3418 medium
1083 3357 1127 3418 ad
1139 3355 1251 3430 tinem;
1272 3355 1341 3414 ideo

263 3479 329 3538 que
346 3460 448 3519 modo
464 3461 506 3520 sit
524 3461 670 3521 medium
687 3474 804 3540 aptum
817 3462 859 3521 ad
878 3459 977 3520 tinem
994 3458 1224 3527 obtinendum,
1234 3454 1341 3518 sufficit

267 3562 367 3622 Porro
379 3562 516 3642 quilibet
534 3581 628 3621 amor
641 3563 673 3622 in
690 3563 863 3624 attritione
878 3563 1099 3642 appretiative
1111 3565 1245 3621 summa
1260 3557 1340 3619 inclu-

264 3684 328 3730 sus,
342 3680 391 3724 est
409 3664 556 3723 medium
573 3679 690 3744 aptum
703 3667 745 3726 ad
761 3665 859 3726 tinem
876 3665 1107 3731 obtinendum,
1118 3665 1244 3724 scilicet
1258 3678 1341 3722 sacra·

265 3781 415 3825 mentum
442 3785 517 3825 curn
544 3765 650 3828 t'ruciu
683 3768 928 3846 recipiendum:
965 3787 1030 3846 ope
1056 3768 1147 3826 enim
1176 3759 1342 3844 hujusmodi

266 3871 396 3930 amoris.
418 3869 547 3928 attritio
570 3871 776 3930 uoluntatem
799 3871 959 3948 peu-andi
983 3869 1145 3936 excludit,
1162 3867 1343 3943 includitque
