<?xml version="1.0" encoding="UTF-8"?>
<!DOCTYPE html PUBLIC "-//W3C//DTD XHTML 1.0 Transitional//EN"
    "http://www.w3.org/TR/xhtml1/DTD/xhtml1-transitional.dtd">
<html xmlns="http://www.w3.org/1999/xhtml" xml:lang="en" lang="en">
 <head>
  <title>
</title>
<meta http-equiv="Content-Type" content="text/html;charset=utf-8" />
  <meta name='ocr-system' content='tesseract 3.04.00' />
  <meta name='ocr-capabilities' content='ocr_page ocr_carea ocr_par ocr_line ocrx_word'/>
</head>
<body>
  <div class='ocr_page' id='page_1' title='image "./synopsistheolog01tanqgoog_0162.png"; bbox 0 0 2780 4646; ppageno 0'>
   <div class='ocr_carea' id='block_1_1' title="bbox 412 179 1152 230">
    <p class='ocr_par' dir='ltr' id='par_1_1' title="bbox 412 179 1152 230">
     <span class='ocr_line' id='line_1_1' title="bbox 412 179 1152 230; baseline -0.003 -2"><span class='ocrx_word' id='word_1_1' title='bbox 412 181 466 228; x_wconf 85' lang='lat' dir='ltr'>DE</span> <span class='ocrx_word' id='word_1_2' title='bbox 486 179 799 230; x_wconf 73' lang='lat' dir='ltr'>SACRAMENTIS.</span> <span class='ocrx_word' id='word_1_3' title='bbox 1092 179 1152 227; x_wconf 76' lang='grc'>147</span> 
     </span>
    </p>
   </div>
   <div class='ocr_carea' id='block_1_2' title="bbox 7 351 1154 2494">
    <p class='ocr_par' dir='ltr' id='par_1_2' title="bbox 58 351 1154 1726">
     <span class='ocr_line' id='line_1_2' title="bbox 96 351 1152 428; baseline 0.004 -20"><span class='ocrx_word' id='word_1_4' title='bbox 96 351 182 410; x_wconf 77' lang='lat' dir='ltr'>Novae</span> <span class='ocrx_word' id='word_1_5' title='bbox 194 353 265 424; x_wconf 85' lang='lat' dir='ltr'>legis</span> <span class='ocrx_word' id='word_1_6' title='bbox 279 363 395 426; x_wconf 85' lang='lat' dir='ltr'>septem</span> <span class='ocrx_word' id='word_1_7' title='bbox 408 365 476 411; x_wconf 90' lang='lat' dir='ltr'>sunt</span> <span class='ocrx_word' id='word_1_8' title='bbox 490 365 691 412; x_wconf 89' lang='lat' dir='ltr'>sacramenta:</span> <span class='ocrx_word' id='word_1_9' title='bbox 711 354 858 420; x_wconf 90' lang='lat' dir='ltr'>videlicet,</span> <span class='ocrx_word' id='word_1_10' title='bbox 875 354 1055 428; x_wconf 84' lang='lat' dir='ltr'>Baptismus,</span> <span class='ocrx_word' id='word_1_11' title='bbox 1073 353 1152 413; x_wconf 87' lang='lat' dir='ltr'>Con·</span> 
     </span>
     <span class='ocr_line' id='line_1_3' title="bbox 63 439 1152 512; baseline 0.006 -18"><span class='ocrx_word' id='word_1_12' title='bbox 63 439 188 509; x_wconf 82' lang='lat' dir='ltr'>firmatio,</span> <span class='ocrx_word' id='word_1_13' title='bbox 204 441 398 508; x_wconf 86' lang='lat' dir='ltr'>Eucharistia,</span> <span class='ocrx_word' id='word_1_14' title='bbox 414 441 598 512; x_wconf 71' lang='lat' dir='ltr'><strong>Paenitentia,</strong></span> <span class='ocrx_word' id='word_1_15' title='bbox 613 443 752 500; x_wconf 87' lang='lat' dir='ltr'>Extrema</span> <span class='ocrx_word' id='word_1_16' title='bbox 766 442 888 511; x_wconf 75' lang='lat' dir='ltr'>Unam,</span> <span class='ocrx_word' id='word_1_17' title='bbox 899 441 992 510; x_wconf 90' lang='lat' dir='ltr'>Ordo,</span> <span class='ocrx_word' id='word_1_18' title='bbox 1006 453 1036 499; x_wconf 90' lang='lat' dir='ltr'>et</span> <span class='ocrx_word' id='word_1_19' title='bbox 1051 441 1152 500; x_wconf 86' lang='lat' dir='ltr'>Matri·</span> 
     </span>
     <span class='ocr_line' id='line_1_4' title="bbox 62 527 1150 601; baseline 0.006 -21"><span class='ocrx_word' id='word_1_20' title='bbox 62 527 195 584; x_wconf 88' lang='lat' dir='ltr'>monium.</span> <span class='ocrx_word' id='word_1_21' title='bbox 239 528 317 600; x_wconf 77' lang='lat' dir='ltr'>Quae</span> <span class='ocrx_word' id='word_1_22' title='bbox 339 528 465 584; x_wconf 92' lang='lat' dir='ltr'>multum</span> <span class='ocrx_word' id='word_1_23' title='bbox 488 548 505 586; x_wconf 92' lang='lat' dir='ltr'>a</span> <span class='ocrx_word' id='word_1_24' title='bbox 527 529 717 586; x_wconf 81' lang='lat' dir='ltr'>sacramentis</span> <span class='ocrx_word' id='word_1_25' title='bbox 739 528 878 586; x_wconf 81' lang='lat' dir='ltr'>differunt</span> <span class='ocrx_word' id='word_1_26' title='bbox 901 530 1032 600; x_wconf 80' lang='lat' dir='ltr'>antiquae</span> <span class='ocrx_word' id='word_1_27' title='bbox 1053 529 1150 601; x_wconf 77' lang='lat' dir='ltr'>Legis</span> 
     </span>
     <span class='ocr_line' id='line_1_5' title="bbox 63 613 1153 688; baseline 0.006 -21"><span class='ocrx_word' id='word_1_28' title='bbox 63 613 114 667; x_wconf 91' lang='lat' dir='ltr'>llla</span> <span class='ocrx_word' id='word_1_29' title='bbox 134 615 207 670; x_wconf 89' lang='lat' dir='ltr'>enim</span> <span class='ocrx_word' id='word_1_30' title='bbox 227 633 287 671; x_wconf 91' lang='lat' dir='ltr'>non</span> <span class='ocrx_word' id='word_1_31' title='bbox 308 615 470 671; x_wconf 85' lang='lat' dir='ltr'>causabam</span> <span class='ocrx_word' id='word_1_32' title='bbox 489 617 622 686; x_wconf 75' lang='lat' dir='ltr'>gratiam,</span> <span class='ocrx_word' id='word_1_33' title='bbox 638 617 691 673; x_wconf 87' lang='lat' dir='ltr'>sed</span> <span class='ocrx_word' id='word_1_34' title='bbox 711 632 775 672; x_wconf 85' lang='lat' dir='ltr'>eam</span> <span class='ocrx_word' id='word_1_35' title='bbox 796 616 892 672; x_wconf 90' lang='lat' dir='ltr'>solnm</span> <span class='ocrx_word' id='word_1_36' title='bbox 912 634 964 687; x_wconf 91' lang='lat' dir='ltr'>per</span> <span class='ocrx_word' id='word_1_37' title='bbox 984 617 1153 688; x_wconf 85' lang='lat' dir='ltr'>passionem</span> 
     </span>
     <span class='ocr_line' id='line_1_6' title="bbox 61 699 1153 776; baseline 0.005 -19"><span class='ocrx_word' id='word_1_38' title='bbox 61 699 163 758; x_wconf 82' lang='lat' dir='ltr'>Christi</span> <span class='ocrx_word' id='word_1_39' title='bbox 176 701 306 759; x_wconf 88' lang='lat' dir='ltr'>dandam</span> <span class='ocrx_word' id='word_1_40' title='bbox 321 720 385 760; x_wconf 90' lang='lat' dir='ltr'>esse</span> <span class='ocrx_word' id='word_1_41' title='bbox 399 703 583 774; x_wconf 58' lang='lat' dir='ltr'>figurabam</span> <span class='ocrx_word' id='word_1_42' title='bbox 603 703 666 760; x_wconf 83' lang='lat' dir='ltr'>haec</span> <span class='ocrx_word' id='word_1_43' title='bbox 680 721 749 760; x_wconf 82' lang='lat' dir='ltr'>vero</span> <span class='ocrx_word' id='word_1_44' title='bbox 768 713 867 760; x_wconf 85' lang='lat' dir='ltr'>nostra</span> <span class='ocrx_word' id='word_1_45' title='bbox 880 717 909 762; x_wconf 87' lang='lat' dir='ltr'>et</span> <span class='ocrx_word' id='word_1_46' title='bbox 923 705 1078 762; x_wconf 82' lang='lat' dir='ltr'>continent</span> <span class='ocrx_word' id='word_1_47' title='bbox 1091 722 1153 776; x_wconf 84' lang='lat' dir='ltr'>gra·</span> 
     </span>
     <span class='ocr_line' id='line_1_7' title="bbox 61 787 1153 863; baseline 0.005 -21"><span class='ocrx_word' id='word_1_48' title='bbox 61 787 136 856; x_wconf 91' lang='lat' dir='ltr'>tiam,</span> <span class='ocrx_word' id='word_1_49' title='bbox 156 799 183 844; x_wconf 93' lang='lat' dir='ltr'>et</span> <span class='ocrx_word' id='word_1_50' title='bbox 202 788 297 860; x_wconf 83' lang='lat' dir='ltr'>ipsam</span> <span class='ocrx_word' id='word_1_51' title='bbox 317 789 407 860; x_wconf 84' lang='lat' dir='ltr'>digne</span> <span class='ocrx_word' id='word_1_52' title='bbox 425 789 656 860; x_wconf 87' lang='lat' dir='ltr'>suscipientibus</span> <span class='ocrx_word' id='word_1_53' title='bbox 675 790 840 846; x_wconf 82' lang='lat' dir='ltr'>conterunt.</span> <span class='ocrx_word' id='word_1_54' title='bbox 883 791 1000 847; x_wconf 90' lang='lat' dir='ltr'>Horum</span> <span class='ocrx_word' id='word_1_55' title='bbox 1020 792 1153 863; x_wconf 90' lang='lat' dir='ltr'>quinque</span> 
     </span>
     <span class='ocr_line' id='line_1_8' title="bbox 61 875 1152 950; baseline 0.008 -21"><span class='ocrx_word' id='word_1_56' title='bbox 61 875 149 943; x_wconf 86' lang='lat' dir='ltr'>primu</span> <span class='ocrx_word' id='word_1_57' title='bbox 166 875 203 932; x_wconf 89' lang='lat' dir='ltr'>ad</span> <span class='ocrx_word' id='word_1_58' title='bbox 222 876 406 948; x_wconf 89' lang='lat' dir='ltr'>spiritualem</span> <span class='ocrx_word' id='word_1_59' title='bbox 426 877 660 949; x_wconf 83' lang='lat' dir='ltr'>uniuscujusque</span> <span class='ocrx_word' id='word_1_60' title='bbox 679 876 808 934; x_wconf 90' lang='lat' dir='ltr'>hominis</span> <span class='ocrx_word' id='word_1_61' title='bbox 828 877 856 934; x_wconf 90' lang='lat' dir='ltr'>in</span> <span class='ocrx_word' id='word_1_62' title='bbox 876 879 975 950; x_wconf 90' lang='lat' dir='ltr'>seipso</span> <span class='ocrx_word' id='word_1_63' title='bbox 999 879 1152 950; x_wconf 75' lang='lat' dir='ltr'>perfeetio-</span> 
     </span>
     <span class='ocr_line' id='line_1_9' title="bbox 60 962 1153 1037; baseline 0.007 -22"><span class='ocrx_word' id='word_1_64' title='bbox 60 979 124 1016; x_wconf 87' lang='lat' dir='ltr'>nem</span> <span class='ocrx_word' id='word_1_65' title='bbox 133 981 139 1031; x_wconf 87' lang='lat'>;</span> <span class='ocrx_word' id='word_1_66' title='bbox 156 962 216 1019; x_wconf 91' lang='lat' dir='ltr'>duo</span> <span class='ocrx_word' id='word_1_67' title='bbox 230 963 333 1019; x_wconf 91' lang='lat' dir='ltr'>ultima</span> <span class='ocrx_word' id='word_1_68' title='bbox 346 963 384 1020; x_wconf 89' lang='lat' dir='ltr'>ad</span> <span class='ocrx_word' id='word_1_69' title='bbox 399 963 487 1020; x_wconf 91' lang='lat' dir='ltr'>totins</span> <span class='ocrx_word' id='word_1_70' title='bbox 502 965 643 1021; x_wconf 76' lang='lat' dir='ltr'>Ecclesiae</span> <span class='ocrx_word' id='word_1_71' title='bbox 662 964 794 1034; x_wconf 81' lang='lat' dir='ltr'>regimen</span> <span class='ocrx_word' id='word_1_72' title='bbox 814 963 1153 1037; x_wconf 90' lang='lat' dir='ltr'>multiplicationemque</span> 
     </span>
     <span class='ocr_line' id='line_1_10' title="bbox 60 1049 1154 1126; baseline 0.008 -25"><span class='ocrx_word' id='word_1_73' title='bbox 60 1049 187 1105; x_wconf 88' lang='lat' dir='ltr'>ordinata</span> <span class='ocrx_word' id='word_1_74' title='bbox 199 1063 276 1106; x_wconf 89' lang='lat' dir='ltr'>sunt.</span> <span class='ocrx_word' id='word_1_75' title='bbox 320 1051 374 1107; x_wconf 87' lang='lat' dir='ltr'>Per</span> <span class='ocrx_word' id='word_1_76' title='bbox 388 1050 574 1122; x_wconf 88' lang='lat' dir='ltr'>Baptismum</span> <span class='ocrx_word' id='word_1_77' title='bbox 588 1051 667 1108; x_wconf 91' lang='lat' dir='ltr'>enim</span> <span class='ocrx_word' id='word_1_78' title='bbox 683 1051 870 1122; x_wconf 84' lang='lat' dir='ltr'>spiritualiter</span> <span class='ocrx_word' id='word_1_79' title='bbox 883 1051 1082 1123; x_wconf 88' lang='lat' dir='ltr'>renascimur;</span> <span class='ocrx_word' id='word_1_80' title='bbox 1101 1071 1154 1126; x_wconf 90' lang='lat' dir='ltr'>per</span> 
     </span>
     <span class='ocr_line' id='line_1_11' title="bbox 60 1136 1152 1208; baseline 0.005 -17"><span class='ocrx_word' id='word_1_81' title='bbox 60 1136 317 1194; x_wconf 72' lang='lat' dir='ltr'>Confirmationem</span> <span class='ocrx_word' id='word_1_82' title='bbox 336 1155 478 1208; x_wconf 82' lang='lat' dir='ltr'>augemur</span> <span class='ocrx_word' id='word_1_83' title='bbox 498 1139 527 1194; x_wconf 91' lang='lat' dir='ltr'>in</span> <span class='ocrx_word' id='word_1_84' title='bbox 547 1139 646 1208; x_wconf 77' lang='lat' dir='ltr'>gratia,</span> <span class='ocrx_word' id='word_1_85' title='bbox 670 1149 699 1195; x_wconf 92' lang='lat' dir='ltr'>et</span> <span class='ocrx_word' id='word_1_86' title='bbox 721 1137 894 1196; x_wconf 86' lang='lat' dir='ltr'>roboramur</span> <span class='ocrx_word' id='word_1_87' title='bbox 912 1139 941 1195; x_wconf 90' lang='lat' dir='ltr'>in</span> <span class='ocrx_word' id='word_1_88' title='bbox 962 1139 1039 1208; x_wconf 87' lang='lat' dir='ltr'>fide;</span> <span class='ocrx_word' id='word_1_89' title='bbox 1059 1141 1152 1197; x_wconf 87' lang='lat' dir='ltr'>renati</span> 
     </span>
     <span class='ocr_line' id='line_1_12' title="bbox 58 1222 1151 1298; baseline 0.01 -24"><span class='ocrx_word' id='word_1_90' title='bbox 58 1233 151 1277; x_wconf 87' lang='lat' dir='ltr'>autem</span> <span class='ocrx_word' id='word_1_91' title='bbox 165 1233 192 1280; x_wconf 90' lang='lat' dir='ltr'>et</span> <span class='ocrx_word' id='word_1_92' title='bbox 206 1222 344 1292; x_wconf 91' lang='lat' dir='ltr'>roborati,</span> <span class='ocrx_word' id='word_1_93' title='bbox 360 1224 504 1280; x_wconf 90' lang='lat' dir='ltr'>nutrimur</span> <span class='ocrx_word' id='word_1_94' title='bbox 516 1223 616 1282; x_wconf 70' lang='lat' dir='ltr'>divinit</span> <span class='ocrx_word' id='word_1_95' title='bbox 628 1224 820 1282; x_wconf 68' lang='lat' dir='ltr'>Eucharistiae</span> <span class='ocrx_word' id='word_1_96' title='bbox 833 1225 982 1282; x_wconf 73' lang='lat' dir='ltr'>alimonia.</span> <span class='ocrx_word' id='word_1_97' title='bbox 1023 1227 1114 1298; x_wconf 81' lang='lat' dir='ltr'>Quod</span> <span class='ocrx_word' id='word_1_98' title='bbox 1128 1228 1151 1285; x_wconf 91' lang='lat' dir='ltr'>si</span> 
     </span>
     <span class='ocr_line' id='line_1_13' title="bbox 59 1310 1151 1383; baseline 0.008 -21"><span class='ocrx_word' id='word_1_99' title='bbox 59 1325 107 1376; x_wconf 86' lang='lat' dir='ltr'>per</span> <span class='ocrx_word' id='word_1_100' title='bbox 127 1321 279 1379; x_wconf 88' lang='lat' dir='ltr'>peccatum</span> <span class='ocrx_word' id='word_1_101' title='bbox 302 1310 508 1380; x_wconf 75' lang='lat' dir='ltr'>aegritudinem</span> <span class='ocrx_word' id='word_1_102' title='bbox 532 1311 706 1368; x_wconf 87' lang='lat' dir='ltr'>incurrimus</span> <span class='ocrx_word' id='word_1_103' title='bbox 728 1311 845 1376; x_wconf 87' lang='lat' dir='ltr'>animae,</span> <span class='ocrx_word' id='word_1_104' title='bbox 870 1329 921 1383; x_wconf 92' lang='lat' dir='ltr'>per</span> <span class='ocrx_word' id='word_1_105' title='bbox 943 1313 1151 1372; x_wconf 69' lang='lat' dir='ltr'>Paenitentiam</span> 
     </span>
     <span class='ocr_line' id='line_1_14' title="bbox 59 1393 1151 1471; baseline 0.007 -23"><span class='ocrx_word' id='word_1_106' title='bbox 59 1393 238 1463; x_wconf 78' lang='lat' dir='ltr'>spiritualiter</span> <span class='ocrx_word' id='word_1_107' title='bbox 251 1414 390 1453; x_wconf 88' lang='lat' dir='ltr'>sanamur</span> <span class='ocrx_word' id='word_1_108' title='bbox 402 1416 409 1466; x_wconf 91' lang='lat'>;</span> <span class='ocrx_word' id='word_1_109' title='bbox 429 1397 617 1468; x_wconf 89' lang='lat' dir='ltr'>spiritualiter</span> <span class='ocrx_word' id='word_1_110' title='bbox 629 1397 718 1454; x_wconf 91' lang='lat' dir='ltr'>etiam</span> <span class='ocrx_word' id='word_1_111' title='bbox 732 1410 761 1455; x_wconf 92' lang='lat' dir='ltr'>et</span> <span class='ocrx_word' id='word_1_112' title='bbox 774 1399 975 1469; x_wconf 83' lang='lat' dir='ltr'>corporaliter,</span> <span class='ocrx_word' id='word_1_113' title='bbox 991 1411 1078 1471; x_wconf 89' lang='lat' dir='ltr'>prout</span> <span class='ocrx_word' id='word_1_114' title='bbox 1091 1402 1151 1458; x_wconf 86' lang='lat' dir='ltr'>ani·</span> 
     </span>
     <span class='ocr_line' id='line_1_15' title="bbox 59 1482 1152 1556; baseline 0.009 -22"><span class='ocrx_word' id='word_1_115' title='bbox 59 1497 110 1536; x_wconf 82' lang='lat' dir='ltr'>mae</span> <span class='ocrx_word' id='word_1_116' title='bbox 121 1482 248 1552; x_wconf 85' lang='lat' dir='ltr'>expedit,</span> <span class='ocrx_word' id='word_1_117' title='bbox 265 1501 318 1554; x_wconf 91' lang='lat' dir='ltr'>per</span> <span class='ocrx_word' id='word_1_118' title='bbox 332 1483 502 1540; x_wconf 88' lang='lat' dir='ltr'>Extremam</span> <span class='ocrx_word' id='word_1_119' title='bbox 517 1483 699 1542; x_wconf 73' lang='lat' dir='ltr'>Unctionem</span> <span class='ocrx_word' id='word_1_120' title='bbox 713 1503 720 1553; x_wconf 86' lang='lat'>;</span> <span class='ocrx_word' id='word_1_121' title='bbox 739 1501 790 1556; x_wconf 90' lang='lat' dir='ltr'>per</span> <span class='ocrx_word' id='word_1_122' title='bbox 807 1483 951 1544; x_wconf 88' lang='lat' dir='ltr'>Ordinem</span> <span class='ocrx_word' id='word_1_123' title='bbox 966 1504 1035 1543; x_wconf 88' lang='lat' dir='ltr'>vero</span> <span class='ocrx_word' id='word_1_124' title='bbox 1052 1487 1152 1544; x_wconf 86' lang='lat' dir='ltr'>Eccle-</span> 
     </span>
     <span class='ocr_line' id='line_1_16' title="bbox 60 1565 1152 1642; baseline 0.011 -23"><span class='ocrx_word' id='word_1_125' title='bbox 60 1565 96 1621; x_wconf 86' lang='lat' dir='ltr'>sia</span> <span class='ocrx_word' id='word_1_126' title='bbox 109 1567 289 1637; x_wconf 77' lang='lat' dir='ltr'>gubernatur</span> <span class='ocrx_word' id='word_1_127' title='bbox 301 1579 330 1626; x_wconf 93' lang='lat' dir='ltr'>et</span> <span class='ocrx_word' id='word_1_128' title='bbox 345 1569 555 1640; x_wconf 91' lang='lat' dir='ltr'>multiplicatur</span> <span class='ocrx_word' id='word_1_129' title='bbox 568 1571 757 1642; x_wconf 89' lang='lat' dir='ltr'>spiritualiter</span> <span class='ocrx_word' id='word_1_130' title='bbox 765 1591 772 1642; x_wconf 79' lang='lat'>3</span> <span class='ocrx_word' id='word_1_131' title='bbox 793 1589 844 1642; x_wconf 88' lang='lat' dir='ltr'>per</span> <span class='ocrx_word' id='word_1_132' title='bbox 855 1572 1080 1630; x_wconf 87' lang='lat' dir='ltr'>Matrimonium</span> <span class='ocrx_word' id='word_1_133' title='bbox 1090 1592 1152 1630; x_wconf 86' lang='lat' dir='ltr'>cor-</span> 
     </span>
     <span class='ocr_line' id='line_1_17' title="bbox 61 1655 337 1726; baseline 0.018 -21"><span class='ocrx_word' id='word_1_134' title='bbox 61 1655 191 1722; x_wconf 86' lang='lat' dir='ltr'>poraliter</span> <span class='ocrx_word' id='word_1_135' title='bbox 203 1666 337 1726; x_wconf 82' lang='lat' dir='ltr'>augetur.</span> 
     </span>
    </p>

    <p class='ocr_par' dir='ltr' id='par_1_3' title="bbox 7 1741 1152 2494">
     <span class='ocr_line' id='line_1_18' title="bbox 92 1741 1152 1816; baseline 0.009 -20"><span class='ocrx_word' id='word_1_136' title='bbox 92 1741 166 1798; x_wconf 85' lang='lat' dir='ltr'>Haec</span> <span class='ocrx_word' id='word_1_137' title='bbox 181 1743 282 1800; x_wconf 88' lang='lat' dir='ltr'>omnia</span> <span class='ocrx_word' id='word_1_138' title='bbox 298 1755 481 1801; x_wconf 88' lang='lat' dir='ltr'>sacramenta</span> <span class='ocrx_word' id='word_1_139' title='bbox 502 1743 595 1802; x_wconf 91' lang='lat' dir='ltr'>tribus</span> <span class='ocrx_word' id='word_1_140' title='bbox 613 1744 813 1816; x_wconf 89' lang='lat' dir='ltr'>perficiuntur,</span> <span class='ocrx_word' id='word_1_141' title='bbox 829 1745 966 1804; x_wconf 91' lang='lat' dir='ltr'>videlicet</span> <span class='ocrx_word' id='word_1_142' title='bbox 983 1747 1070 1804; x_wconf 91' lang='lat' dir='ltr'>rebus</span> <span class='ocrx_word' id='word_1_143' title='bbox 1090 1757 1152 1806; x_wconf 91' lang='lat' dir='ltr'>tan·</span> 
     </span>
     <span class='ocr_line' id='line_1_19' title="bbox 60 1830 1151 1902; baseline 0.008 -19"><span class='ocrx_word' id='word_1_144' title='bbox 60 1845 143 1896; x_wconf 90' lang='lat' dir='ltr'>quam</span> <span class='ocrx_word' id='word_1_145' title='bbox 164 1830 294 1898; x_wconf 71' lang='lat' dir='ltr'>materia,</span> <span class='ocrx_word' id='word_1_146' title='bbox 313 1830 410 1888; x_wconf 88' lang='lat' dir='ltr'>verbis</span> <span class='ocrx_word' id='word_1_147' title='bbox 431 1844 573 1902; x_wconf 84' lang='lat' dir='ltr'>tanquam</span> <span class='ocrx_word' id='word_1_148' title='bbox 594 1832 697 1900; x_wconf 75' lang='lat' dir='ltr'>forma,</span> <span class='ocrx_word' id='word_1_149' title='bbox 715 1844 744 1890; x_wconf 92' lang='lat' dir='ltr'>et</span> <span class='ocrx_word' id='word_1_150' title='bbox 765 1833 891 1902; x_wconf 70' lang='lat' dir='ltr'>persona</span> <span class='ocrx_word' id='word_1_151' title='bbox 910 1834 1032 1891; x_wconf 90' lang='lat' dir='ltr'>ministri</span> <span class='ocrx_word' id='word_1_152' title='bbox 1052 1837 1125 1894; x_wconf 87' lang='lat' dir='ltr'>conl</span> <span class='ocrx_word' id='word_1_153' title='bbox 1142 1869 1151 1880; x_wconf 88' lang='lat'><em>-</em></span> 
     </span>
     <span class='ocr_line' id='line_1_20' title="bbox 59 1915 1150 1994; baseline 0.01 -26"><span class='ocrx_word' id='word_1_154' title='bbox 59 1915 141 1972; x_wconf 87' lang='lat' dir='ltr'>rentis</span> <span class='ocrx_word' id='word_1_155' title='bbox 157 1927 376 1974; x_wconf 87' lang='lat' dir='ltr'>sacramentum</span> <span class='ocrx_word' id='word_1_156' title='bbox 396 1936 465 1974; x_wconf 92' lang='lat' dir='ltr'>cum</span> <span class='ocrx_word' id='word_1_157' title='bbox 485 1917 651 1976; x_wconf 90' lang='lat' dir='ltr'>intentione</span> <span class='ocrx_word' id='word_1_158' title='bbox 670 1918 794 1976; x_wconf 85' lang='lat' dir='ltr'>faciendi</span> <span class='ocrx_word' id='word_1_159' title='bbox 812 1919 894 1990; x_wconf 88' lang='lat' dir='ltr'>quod</span> <span class='ocrx_word' id='word_1_160' title='bbox 914 1920 982 1978; x_wconf 85' lang='lat' dir='ltr'>lacit</span> <span class='ocrx_word' id='word_1_161' title='bbox 1001 1922 1150 1994; x_wconf 86' lang='lat' dir='ltr'>Ecclesia;</span> 
     </span>
     <span class='ocr_line' id='line_1_21' title="bbox 60 2003 1151 2076; baseline 0.007 -20"><span class='ocrx_word' id='word_1_162' title='bbox 60 2017 179 2069; x_wconf 89' lang='lat' dir='ltr'>qaorum</span> <span class='ocrx_word' id='word_1_163' title='bbox 199 2003 223 2060; x_wconf 90' lang='lat' dir='ltr'>si</span> <span class='ocrx_word' id='word_1_164' title='bbox 240 2004 364 2075; x_wconf 86' lang='lat' dir='ltr'>aliquod</span> <span class='ocrx_word' id='word_1_165' title='bbox 384 2004 468 2072; x_wconf 86' lang='lat' dir='ltr'>desit,</span> <span class='ocrx_word' id='word_1_166' title='bbox 483 2023 543 2062; x_wconf 91' lang='lat' dir='ltr'>non</span> <span class='ocrx_word' id='word_1_167' title='bbox 562 2004 710 2076; x_wconf 85' lang='lat' dir='ltr'>perficitur</span> <span class='ocrx_word' id='word_1_168' title='bbox 726 2016 951 2064; x_wconf 88' lang='lat' dir='ltr'>sacramentum.</span> <span class='ocrx_word' id='word_1_169' title='bbox 990 2008 1071 2065; x_wconf 90' lang='lat' dir='ltr'>Inter</span> <span class='ocrx_word' id='word_1_170' title='bbox 1084 2009 1151 2072; x_wconf 74' lang='lat' dir='ltr'>haec</span> 
     </span>
     <span class='ocr_line' id='line_1_22' title="bbox 7 2089 1150 2164; baseline 0.01 -25"><span class='ocrx_word' id='word_1_171' title='bbox 7 2091 8 2106; x_wconf 66' lang='lat'>¹</span> <span class='ocrx_word' id='word_1_172' title='bbox 59 2100 235 2146; x_wconf 79' lang='lat' dir='ltr'>sacramenta</span> <span class='ocrx_word' id='word_1_173' title='bbox 256 2091 309 2146; x_wconf 89' lang='lat' dir='ltr'>tria</span> <span class='ocrx_word' id='word_1_174' title='bbox 328 2100 415 2147; x_wconf 89' lang='lat' dir='ltr'>sunt:</span> <span class='ocrx_word' id='word_1_175' title='bbox 437 2091 615 2162; x_wconf 89' lang='lat' dir='ltr'>Baptismus,</span> <span class='ocrx_word' id='word_1_176' title='bbox 633 2089 829 2148; x_wconf 86' lang='lat' dir='ltr'>Confirmatio</span> <span class='ocrx_word' id='word_1_177' title='bbox 846 2102 875 2149; x_wconf 87' lang='lat' dir='ltr'>et</span> <span class='ocrx_word' id='word_1_178' title='bbox 893 2093 982 2160; x_wconf 87' lang='lat' dir='ltr'>Ordo,</span> <span class='ocrx_word' id='word_1_179' title='bbox 1000 2112 1067 2164; x_wconf 90' lang='lat' dir='ltr'>qnae</span> <span class='ocrx_word' id='word_1_180' title='bbox 1084 2096 1150 2151; x_wconf 92' lang='lat' dir='ltr'>cha·</span> 
     </span>
     <span class='ocr_line' id='line_1_23' title="bbox 61 2175 1147 2249; baseline 0.009 -22"><span class='ocrx_word' id='word_1_181' title='bbox 61 2175 204 2242; x_wconf 71' lang='lat' dir='ltr'>radterem,</span> <span class='ocrx_word' id='word_1_182' title='bbox 213 2175 243 2232; x_wconf 93' lang='lat' dir='ltr'>id</span> <span class='ocrx_word' id='word_1_183' title='bbox 257 2187 310 2238; x_wconf 89' lang='lat' dir='ltr'>est,</span> <span class='ocrx_word' id='word_1_184' title='bbox 325 2177 476 2247; x_wconf 88' lang='lat' dir='ltr'>spirituale</span> <span class='ocrx_word' id='word_1_185' title='bbox 489 2177 642 2248; x_wconf 88' lang='lat' dir='ltr'>quoddam</span> <span class='ocrx_word' id='word_1_186' title='bbox 658 2178 775 2248; x_wconf 85' lang='lat' dir='ltr'>signum</span> <span class='ocrx_word' id='word_1_187' title='bbox 789 2196 806 2234; x_wconf 92' lang='lat' dir='ltr'>a</span> <span class='ocrx_word' id='word_1_188' title='bbox 819 2179 923 2235; x_wconf 85' lang='lat' dir='ltr'>ceteris</span> <span class='ocrx_word' id='word_1_189' title='bbox 936 2179 1147 2249; x_wconf 63' lang='lat' dir='ltr'>distinctivum,</span> 
     </span>
     <span class='ocr_line' id='line_1_24' title="bbox 60 2259 1150 2336; baseline 0.008 -23"><span class='ocrx_word' id='word_1_190' title='bbox 60 2259 226 2330; x_wconf 89' lang='lat' dir='ltr'>imprimunt</span> <span class='ocrx_word' id='word_1_191' title='bbox 241 2261 270 2318; x_wconf 92' lang='lat' dir='ltr'>in</span> <span class='ocrx_word' id='word_1_192' title='bbox 283 2263 382 2320; x_wconf 74' lang='lat' dir='ltr'>anima</span> <span class='ocrx_word' id='word_1_193' title='bbox 396 2263 563 2322; x_wconf 88' lang='lat' dir='ltr'>indelebile.</span> <span class='ocrx_word' id='word_1_194' title='bbox 605 2263 696 2322; x_wconf 90' lang='lat' dir='ltr'>Unde</span> <span class='ocrx_word' id='word_1_195' title='bbox 715 2264 744 2320; x_wconf 90' lang='lat' dir='ltr'>in</span> <span class='ocrx_word' id='word_1_196' title='bbox 764 2265 870 2322; x_wconf 70' lang='lat' dir='ltr'>eidem</span> <span class='ocrx_word' id='word_1_197' title='bbox 885 2268 1010 2336; x_wconf 74' lang='lat' dir='ltr'>persona</span> <span class='ocrx_word' id='word_1_198' title='bbox 1024 2285 1083 2323; x_wconf 90' lang='lat' dir='ltr'>non</span> <span class='ocrx_word' id='word_1_199' title='bbox 1099 2267 1150 2324; x_wconf 89' lang='lat' dir='ltr'>rei-</span> 
     </span>
     <span class='ocr_line' id='line_1_25' title="bbox 60 2349 1151 2424; baseline 0.012 -25"><span class='ocrx_word' id='word_1_200' title='bbox 60 2354 215 2404; x_wconf 87' lang='lat' dir='ltr'>terantur...</span> <span class='ocrx_word' id='word_1_201' title='bbox 238 2349 366 2420; x_wconf 89' lang='lat' dir='ltr'>Reliqua</span> <span class='ocrx_word' id='word_1_202' title='bbox 387 2368 454 2407; x_wconf 85' lang='lat' dir='ltr'>vero</span> <span class='ocrx_word' id='word_1_203' title='bbox 472 2361 599 2421; x_wconf 89' lang='lat' dir='ltr'>quatuor</span> <span class='ocrx_word' id='word_1_204' title='bbox 618 2349 816 2408; x_wconf 70' lang='lat' dir='ltr'>characterem</span> <span class='ocrx_word' id='word_1_205' title='bbox 838 2369 896 2408; x_wconf 92' lang='lat' dir='ltr'>non</span> <span class='ocrx_word' id='word_1_206' title='bbox 920 2353 1099 2424; x_wconf 90' lang='lat' dir='ltr'>imprimunt,</span> <span class='ocrx_word' id='word_1_207' title='bbox 1122 2367 1151 2412; x_wconf 89' lang='lat' dir='ltr'>et</span> 
     </span>
     <span class='ocr_line' id='line_1_26' title="bbox 60 2433 453 2494; baseline 0.013 -8"><span class='ocrx_word' id='word_1_208' title='bbox 60 2433 270 2493; x_wconf 85' lang='lat' dir='ltr'>reiterationem</span> <span class='ocrx_word' id='word_1_209' title='bbox 285 2436 453 2494; x_wconf 90' lang='lat' dir='ltr'>admittunt.</span> 
     </span>
    </p>
   </div>
   <div class='ocr_carea' id='block_1_3' title="bbox 120 2569 1087 2642">
    <p class='ocr_par' dir='ltr' id='par_1_4' title="bbox 120 2569 1087 2642">
     <span class='ocr_line' id='line_1_27' title="bbox 120 2569 1087 2642; baseline 0.003 -16"><span class='ocrx_word' id='word_1_210' title='bbox 120 2569 250 2626; x_wconf 77' lang='lat' dir='ltr'>Curiones</span> <span class='ocrx_word' id='word_1_211' title='bbox 267 2569 296 2626; x_wconf 89' lang='lat' dir='ltr'>C.</span> <span class='ocrx_word' id='word_1_212' title='bbox 317 2569 484 2626; x_wconf 75' lang='lat' dir='ltr'>Tridentini</span> <span class='ocrx_word' id='word_1_213' title='bbox 493 2569 526 2624; x_wconf 82' lang='lat' dir='ltr'>de</span> <span class='ocrx_word' id='word_1_214' title='bbox 539 2571 725 2626; x_wconf 77' lang='lat' dir='ltr'>sacramentis</span> <span class='ocrx_word' id='word_1_215' title='bbox 738 2571 768 2626; x_wconf 87' lang='lat' dir='ltr'>r&#39;n</span> <span class='ocrx_word' id='word_1_216' title='bbox 778 2589 886 2640; x_wconf 77' lang='lat' dir='ltr'>genere.</span> <span class='ocrx_word' id='word_1_217' title='bbox 901 2571 983 2641; x_wconf 75' lang='lat' dir='ltr'>(Sess.</span> <span class='ocrx_word' id='word_1_218' title='bbox 1004 2571 1087 2642; x_wconf 82' lang='lat' dir='ltr'><em>VII.)</em></span> 
     </span>
    </p>
   </div>
   <div class='ocr_carea' id='block_1_4' title="bbox 60 2689 1153 3799">
    <p class='ocr_par' dir='ltr' id='par_1_5' title="bbox 60 2689 1153 3194">
     <span class='ocr_line' id='line_1_28' title="bbox 93 2689 1153 2763; baseline 0.005 -18"><span class='ocrx_word' id='word_1_219' title='bbox 93 2689 163 2746; x_wconf 86' lang='lat' dir='ltr'>Can.</span> <span class='ocrx_word' id='word_1_220' title='bbox 184 2709 204 2746; x_wconf 89' lang='grc'>1.</span> <span class='ocrx_word' id='word_1_221' title='bbox 245 2691 274 2748; x_wconf 91' lang='lat' dir='ltr'>Si</span> <span class='ocrx_word' id='word_1_222' title='bbox 288 2691 354 2763; x_wconf 92' lang='lat' dir='ltr'>quis</span> <span class='ocrx_word' id='word_1_223' title='bbox 367 2691 481 2758; x_wconf 82' lang='lat' dir='ltr'>dixerit,</span> <span class='ocrx_word' id='word_1_224' title='bbox 495 2703 678 2748; x_wconf 87' lang='lat' dir='ltr'>sacramenta</span> <span class='ocrx_word' id='word_1_225' title='bbox 692 2709 777 2748; x_wconf 74' lang='lat' dir='ltr'>novae</span> <span class='ocrx_word' id='word_1_226' title='bbox 792 2692 862 2763; x_wconf 87' lang='lat' dir='ltr'>legis</span> <span class='ocrx_word' id='word_1_227' title='bbox 876 2710 934 2749; x_wconf 89' lang='lat' dir='ltr'>non</span> <span class='ocrx_word' id='word_1_228' title='bbox 951 2693 1039 2751; x_wconf 83' lang='lat' dir='ltr'>luisse</span> <span class='ocrx_word' id='word_1_229' title='bbox 1052 2696 1153 2751; x_wconf 91' lang='lat' dir='ltr'>omnia</span> 
     </span>
     <span class='ocr_line' id='line_1_29' title="bbox 60 2775 1153 2851; baseline 0.008 -23"><span class='ocrx_word' id='word_1_230' title='bbox 60 2775 152 2846; x_wconf 79' lang='lat' dir='ltr'>aJesu</span> <span class='ocrx_word' id='word_1_231' title='bbox 167 2776 289 2836; x_wconf 88' lang='lat' dir='ltr'>Christo</span> <span class='ocrx_word' id='word_1_232' title='bbox 305 2779 437 2835; x_wconf 88' lang='lat' dir='ltr'>Domino</span> <span class='ocrx_word' id='word_1_233' title='bbox 451 2791 553 2835; x_wconf 90' lang='lat' dir='ltr'>nostro</span> <span class='ocrx_word' id='word_1_234' title='bbox 567 2778 698 2835; x_wconf 89' lang='lat' dir='ltr'>instituta</span> <span class='ocrx_word' id='word_1_235' title='bbox 704 2801 710 2844; x_wconf 90' lang='lat'>;</span> <span class='ocrx_word' id='word_1_236' title='bbox 729 2791 780 2835; x_wconf 88' lang='lat' dir='ltr'>aut</span> <span class='ocrx_word' id='word_1_237' title='bbox 793 2797 857 2836; x_wconf 86' lang='lat' dir='ltr'>esse</span> <span class='ocrx_word' id='word_1_238' title='bbox 871 2779 963 2850; x_wconf 88' lang='lat' dir='ltr'>plura,</span> <span class='ocrx_word' id='word_1_239' title='bbox 976 2781 1021 2837; x_wconf 88' lang='lat' dir='ltr'>vel</span> <span class='ocrx_word' id='word_1_240' title='bbox 1035 2782 1153 2851; x_wconf 89' lang='lat' dir='ltr'>paucio-</span> 
     </span>
     <span class='ocr_line' id='line_1_30' title="bbox 60 2864 1153 2937; baseline 0.007 -23"><span class='ocrx_word' id='word_1_241' title='bbox 60 2877 94 2930; x_wconf 73' lang='lat' dir='ltr'>ra,</span> <span class='ocrx_word' id='word_1_242' title='bbox 109 2881 198 2934; x_wconf 88' lang='lat' dir='ltr'>quam</span> <span class='ocrx_word' id='word_1_243' title='bbox 213 2874 337 2935; x_wconf 88' lang='lat' dir='ltr'>septem.</span> <span class='ocrx_word' id='word_1_244' title='bbox 349 2864 496 2930; x_wconf 89' lang='lat' dir='ltr'>videlicet,</span> <span class='ocrx_word' id='word_1_245' title='bbox 514 2864 709 2937; x_wconf 88' lang='lat' dir='ltr'>Baptismum,</span> <span class='ocrx_word' id='word_1_246' title='bbox 723 2865 998 2930; x_wconf 89' lang='lat' dir='ltr'>Confirmationem,</span> <span class='ocrx_word' id='word_1_247' title='bbox 1014 2867 1153 2930; x_wconf 86' lang='lat' dir='ltr'>Euchari-</span> 
     </span>
     <span class='ocr_line' id='line_1_31' title="bbox 60 2949 1151 3022; baseline 0.009 -22"><span class='ocrx_word' id='word_1_248' title='bbox 60 2949 146 3014; x_wconf 88' lang='lat' dir='ltr'>stiam,</span> <span class='ocrx_word' id='word_1_249' title='bbox 175 2951 397 3020; x_wconf 85' lang='lat' dir='ltr'>Paenitentiam,</span> <span class='ocrx_word' id='word_1_250' title='bbox 418 2952 587 3010; x_wconf 81' lang='lat' dir='ltr'>Extremam</span> <span class='ocrx_word' id='word_1_251' title='bbox 610 2952 806 3020; x_wconf 74' lang='lat' dir='ltr'>Undtionem,</span> <span class='ocrx_word' id='word_1_252' title='bbox 826 2951 978 3022; x_wconf 90' lang='lat' dir='ltr'>Ordinem,</span> <span class='ocrx_word' id='word_1_253' title='bbox 1001 2963 1029 3010; x_wconf 93' lang='lat' dir='ltr'>et</span> <span class='ocrx_word' id='word_1_254' title='bbox 1051 2955 1151 3010; x_wconf 86' lang='lat' dir='ltr'>illatri-</span> 
     </span>
     <span class='ocr_line' id='line_1_32' title="bbox 60 3037 1151 3112; baseline 0.005 -22"><span class='ocrx_word' id='word_1_255' title='bbox 60 3037 203 3102; x_wconf 64' lang='lat' dir='ltr'>mamurra</span> <span class='ocrx_word' id='word_1_256' title='bbox 222 3047 272 3093; x_wconf 92' lang='lat' dir='ltr'>aut</span> <span class='ocrx_word' id='word_1_257' title='bbox 286 3037 374 3094; x_wconf 90' lang='lat' dir='ltr'>etiam</span> <span class='ocrx_word' id='word_1_258' title='bbox 389 3037 511 3108; x_wconf 91' lang='lat' dir='ltr'>aliquod</span> <span class='ocrx_word' id='word_1_259' title='bbox 526 3037 631 3094; x_wconf 90' lang='lat' dir='ltr'>horum</span> <span class='ocrx_word' id='word_1_260' title='bbox 645 3049 758 3108; x_wconf 87' lang='lat' dir='ltr'>septem</span> <span class='ocrx_word' id='word_1_261' title='bbox 771 3057 831 3094; x_wconf 92' lang='lat' dir='ltr'>non</span> <span class='ocrx_word' id='word_1_262' title='bbox 842 3056 906 3096; x_wconf 89' lang='lat' dir='ltr'>esse</span> <span class='ocrx_word' id='word_1_263' title='bbox 917 3057 983 3096; x_wconf 87' lang='lat' dir='ltr'>vere</span> <span class='ocrx_word' id='word_1_264' title='bbox 994 3051 1022 3098; x_wconf 87' lang='lat' dir='ltr'>et</span> <span class='ocrx_word' id='word_1_265' title='bbox 1034 3041 1151 3112; x_wconf 80' lang='lat' dir='ltr'>proprie</span> 
     </span>
     <span class='ocr_line' id='line_1_33' title="bbox 61 3124 388 3194; baseline 0.021 -22"><span class='ocrx_word' id='word_1_266' title='bbox 61 3135 289 3194; x_wconf 80' lang='lat' dir='ltr'>sacramentum3</span> <span class='ocrx_word' id='word_1_267' title='bbox 309 3125 344 3180; x_wconf 85' lang='grc' dir='ltr'>Α.</span> <span class='ocrx_word' id='word_1_268' title='bbox 361 3124 388 3181; x_wconf 90' lang='lat' dir='ltr'>S.</span> 
     </span>
    </p>

    <p class='ocr_par' dir='ltr' id='par_1_6' title="bbox 61 3209 1151 3452">
     <span class='ocr_line' id='line_1_34' title="bbox 92 3209 1151 3281; baseline 0.006 -18"><span class='ocrx_word' id='word_1_269' title='bbox 92 3225 112 3262; x_wconf 87' lang='lat'>2.</span> <span class='ocrx_word' id='word_1_270' title='bbox 152 3209 182 3265; x_wconf 85' lang='lat' dir='ltr'>Si</span> <span class='ocrx_word' id='word_1_271' title='bbox 196 3210 263 3280; x_wconf 91' lang='lat' dir='ltr'>quis</span> <span class='ocrx_word' id='word_1_272' title='bbox 276 3209 388 3280; x_wconf 88' lang='lat' dir='ltr'>dixerit,</span> <span class='ocrx_word' id='word_1_273' title='bbox 405 3229 440 3268; x_wconf 89' lang='lat' dir='ltr'>ea</span> <span class='ocrx_word' id='word_1_274' title='bbox 460 3211 479 3280; x_wconf 92' lang='grc'>11</span> <span class='ocrx_word' id='word_1_275' title='bbox 491 3227 523 3268; x_wconf 83' lang='lat' dir='ltr'>st</span> <span class='ocrx_word' id='word_1_276' title='bbox 543 3227 627 3268; x_wconf 71' lang='lat' dir='ltr'>novae</span> <span class='ocrx_word' id='word_1_277' title='bbox 644 3211 717 3281; x_wconf 80' lang='lat' dir='ltr'>legis</span> <span class='ocrx_word' id='word_1_278' title='bbox 736 3221 919 3268; x_wconf 89' lang='lat' dir='ltr'>sacramenta</span> <span class='ocrx_word' id='word_1_279' title='bbox 931 3230 948 3268; x_wconf 88' lang='lat' dir='ltr'>a</span> <span class='ocrx_word' id='word_1_280' title='bbox 962 3213 1151 3270; x_wconf 83' lang='lat' dir='ltr'>sacramentis</span> 
     </span>
     <span class='ocr_line' id='line_1_35' title="bbox 61 3293 1150 3368; baseline 0.011 -26"><span class='ocrx_word' id='word_1_281' title='bbox 61 3293 182 3364; x_wconf 89' lang='lat' dir='ltr'>antiquae</span> <span class='ocrx_word' id='word_1_282' title='bbox 200 3295 272 3366; x_wconf 83' lang='lat' dir='ltr'>legis</span> <span class='ocrx_word' id='word_1_283' title='bbox 293 3314 352 3352; x_wconf 90' lang='lat' dir='ltr'>non</span> <span class='ocrx_word' id='word_1_284' title='bbox 373 3297 498 3363; x_wconf 82' lang='lat' dir='ltr'>differre,</span> <span class='ocrx_word' id='word_1_285' title='bbox 515 3297 568 3352; x_wconf 87' lang='lat' dir='ltr'>nisi</span> <span class='ocrx_word' id='word_1_286' title='bbox 590 3297 660 3368; x_wconf 88' lang='lat' dir='ltr'>quia</span> <span class='ocrx_word' id='word_1_287' title='bbox 678 3297 862 3354; x_wconf 79' lang='lat' dir='ltr'>caeremoniae</span> <span class='ocrx_word' id='word_1_288' title='bbox 881 3310 949 3354; x_wconf 87' lang='lat' dir='ltr'>sunt</span> <span class='ocrx_word' id='word_1_289' title='bbox 966 3300 1038 3366; x_wconf 85' lang='lat' dir='ltr'>aliae,</span> <span class='ocrx_word' id='word_1_290' title='bbox 1056 3311 1083 3355; x_wconf 85' lang='lat' dir='ltr'>et</span> <span class='ocrx_word' id='word_1_291' title='bbox 1102 3300 1150 3355; x_wconf 90' lang='lat' dir='ltr'>alii</span> 
     </span>
     <span class='ocr_line' id='line_1_36' title="bbox 63 3377 366 3452; baseline 0.023 -20"><span class='ocrx_word' id='word_1_292' title='bbox 63 3377 124 3434; x_wconf 88' lang='lat' dir='ltr'>ritus</span> <span class='ocrx_word' id='word_1_293' title='bbox 136 3382 247 3438; x_wconf 90' lang='lat' dir='ltr'>externi</span> <span class='ocrx_word' id='word_1_294' title='bbox 261 3403 268 3452; x_wconf 91' lang='lat'>;</span> <span class='ocrx_word' id='word_1_295' title='bbox 288 3385 322 3438; x_wconf 88' lang='lat' dir='ltr'>A.</span> <span class='ocrx_word' id='word_1_296' title='bbox 337 3382 366 3439; x_wconf 89' lang='lat' dir='ltr'>S.</span> 
     </span>
    </p>

    <p class='ocr_par' dir='ltr' id='par_1_7' title="bbox 63 3467 1149 3628">
     <span class='ocr_line' id='line_1_37' title="bbox 92 3467 1149 3541; baseline 0.002 -17"><span class='ocrx_word' id='word_1_297' title='bbox 92 3483 114 3532; x_wconf 79' lang='lat'>3.</span> <span class='ocrx_word' id='word_1_298' title='bbox 152 3468 182 3524; x_wconf 89' lang='lat' dir='ltr'>Si</span> <span class='ocrx_word' id='word_1_299' title='bbox 196 3468 263 3539; x_wconf 89' lang='lat' dir='ltr'>quis</span> <span class='ocrx_word' id='word_1_300' title='bbox 275 3467 391 3534; x_wconf 88' lang='lat' dir='ltr'>dixerit,</span> <span class='ocrx_word' id='word_1_301' title='bbox 404 3467 467 3527; x_wconf 84' lang='lat' dir='ltr'>haec</span> <span class='ocrx_word' id='word_1_302' title='bbox 480 3480 594 3541; x_wconf 88' lang='lat' dir='ltr'>septem</span> <span class='ocrx_word' id='word_1_303' title='bbox 609 3481 793 3527; x_wconf 86' lang='lat' dir='ltr'>sacramenta</span> <span class='ocrx_word' id='word_1_304' title='bbox 807 3471 846 3526; x_wconf 92' lang='lat' dir='ltr'>ita</span> <span class='ocrx_word' id='word_1_305' title='bbox 859 3487 923 3528; x_wconf 86' lang='lat' dir='ltr'>esse</span> <span class='ocrx_word' id='word_1_306' title='bbox 935 3470 1049 3534; x_wconf 89' lang='lat' dir='ltr'>interse</span> <span class='ocrx_word' id='word_1_307' title='bbox 1059 3473 1149 3540; x_wconf 88' lang='lat' dir='ltr'>paria,</span> 
     </span>
     <span class='ocr_line' id='line_1_38' title="bbox 63 3555 772 3628; baseline 0.014 -26"><span class='ocrx_word' id='word_1_308' title='bbox 63 3561 89 3604; x_wconf 91' lang='lat' dir='ltr'>ut</span> <span class='ocrx_word' id='word_1_309' title='bbox 102 3555 178 3610; x_wconf 78' lang='lat' dir='ltr'>nulla</span> <span class='ocrx_word' id='word_1_310' title='bbox 192 3555 306 3613; x_wconf 91' lang='lat' dir='ltr'>ratione</span> <span class='ocrx_word' id='word_1_311' title='bbox 319 3556 400 3614; x_wconf 89' lang='lat' dir='ltr'>aliud</span> <span class='ocrx_word' id='word_1_312' title='bbox 414 3558 450 3614; x_wconf 92' lang='lat' dir='ltr'>sit</span> <span class='ocrx_word' id='word_1_313' title='bbox 463 3557 521 3614; x_wconf 91' lang='lat' dir='ltr'>alio</span> <span class='ocrx_word' id='word_1_314' title='bbox 535 3558 653 3628; x_wconf 81' lang='lat' dir='ltr'>dignius</span> <span class='ocrx_word' id='word_1_315' title='bbox 665 3579 671 3623; x_wconf 93' lang='lat'><strong>;</strong></span> <span class='ocrx_word' id='word_1_316' title='bbox 694 3559 726 3612; x_wconf 86' lang='grc' dir='ltr'>Α.</span> <span class='ocrx_word' id='word_1_317' title='bbox 744 3558 772 3613; x_wconf 92' lang='lat' dir='ltr'>S.</span> 
     </span>
    </p>

    <p class='ocr_par' dir='ltr' id='par_1_8' title="bbox 65 3641 1150 3799">
     <span class='ocr_line' id='line_1_39' title="bbox 92 3641 1150 3714; baseline -0.005 -11"><span class='ocrx_word' id='word_1_318' title='bbox 92 3655 114 3703; x_wconf 78' lang='lat' dir='ltr'>t·</span> <span class='ocrx_word' id='word_1_319' title='bbox 153 3641 182 3698; x_wconf 87' lang='lat' dir='ltr'>Si</span> <span class='ocrx_word' id='word_1_320' title='bbox 196 3642 262 3712; x_wconf 89' lang='lat' dir='ltr'>quis</span> <span class='ocrx_word' id='word_1_321' title='bbox 279 3642 392 3711; x_wconf 88' lang='lat' dir='ltr'>dixerit,</span> <span class='ocrx_word' id='word_1_322' title='bbox 406 3655 590 3701; x_wconf 88' lang='lat' dir='ltr'>sacramenta</span> <span class='ocrx_word' id='word_1_323' title='bbox 611 3661 694 3700; x_wconf 81' lang='lat' dir='ltr'>novae</span> <span class='ocrx_word' id='word_1_324' title='bbox 714 3643 786 3714; x_wconf 80' lang='lat' dir='ltr'>legis</span> <span class='ocrx_word' id='word_1_325' title='bbox 806 3661 866 3700; x_wconf 91' lang='lat' dir='ltr'>non</span> <span class='ocrx_word' id='word_1_326' title='bbox 886 3661 951 3700; x_wconf 91' lang='lat' dir='ltr'>esse</span> <span class='ocrx_word' id='word_1_327' title='bbox 969 3643 1008 3700; x_wconf 89' lang='lat' dir='ltr'>ad</span> <span class='ocrx_word' id='word_1_328' title='bbox 1026 3643 1150 3700; x_wconf 90' lang='lat' dir='ltr'>salutem</span> 
     </span>
     <span class='ocr_line' id='line_1_40' title="bbox 65 3729 1150 3799; baseline 0.01 -24"><span class='ocrx_word' id='word_1_329' title='bbox 65 3729 225 3790; x_wconf 78' lang='lat' dir='ltr'>necessaria,</span> <span class='ocrx_word' id='word_1_330' title='bbox 246 3729 299 3786; x_wconf 90' lang='lat' dir='ltr'>sed</span> <span class='ocrx_word' id='word_1_331' title='bbox 319 3729 484 3798; x_wconf 63' lang='lat' dir='ltr'>superflum</span> <span class='ocrx_word' id='word_1_332' title='bbox 505 3741 534 3786; x_wconf 89' lang='lat' dir='ltr'>et</span> <span class='ocrx_word' id='word_1_333' title='bbox 553 3730 616 3786; x_wconf 90' lang='lat' dir='ltr'>sine</span> <span class='ocrx_word' id='word_1_334' title='bbox 635 3730 685 3796; x_wconf 90' lang='lat' dir='ltr'>eis,</span> <span class='ocrx_word' id='word_1_335' title='bbox 708 3739 758 3786; x_wconf 89' lang='lat' dir='ltr'>aut</span> <span class='ocrx_word' id='word_1_336' title='bbox 777 3747 879 3786; x_wconf 91' lang='lat' dir='ltr'>eorum</span> <span class='ocrx_word' id='word_1_337' title='bbox 899 3739 968 3785; x_wconf 90' lang='lat' dir='ltr'>voto</span> <span class='ocrx_word' id='word_1_338' title='bbox 988 3747 1039 3799; x_wconf 88' lang='lat' dir='ltr'>per</span> <span class='ocrx_word' id='word_1_339' title='bbox 1058 3730 1150 3786; x_wconf 91' lang='lat' dir='ltr'>solam</span> 
     </span>
    </p>
   </div>
   <div class='ocr_carea' id='block_1_5' title="bbox 65 3921 1151 4340">
    <p class='ocr_par' dir='ltr' id='par_1_9' title="bbox 65 3921 1151 4340">
     <span class='ocr_line' id='line_1_41' title="bbox 65 3921 1147 3994; baseline 0.004 -22"><span class='ocrx_word' id='word_1_340' title='bbox 65 3934 164 3978; x_wconf 86' lang='lat' dir='ltr'>constat</span> <span class='ocrx_word' id='word_1_341' title='bbox 177 3923 303 3994; x_wconf 87' lang='lat' dir='ltr'>partibus</span> <span class='ocrx_word' id='word_1_342' title='bbox 315 3941 320 3976; x_wconf 91' lang='lat'>:</span> <span class='ocrx_word' id='word_1_343' title='bbox 336 3924 381 3976; x_wconf 93' lang='lat' dir='ltr'>hic</span> <span class='ocrx_word' id='word_1_344' title='bbox 394 3925 484 3976; x_wconf 87' lang='lat' dir='ltr'>solam</span> <span class='ocrx_word' id='word_1_345' title='bbox 496 3921 708 3976; x_wconf 71' lang='lat' dir='ltr'>instructionem</span> <span class='ocrx_word' id='word_1_346' title='bbox 719 3924 754 3975; x_wconf 89' lang='lat' dir='ltr'>de</span> <span class='ocrx_word' id='word_1_347' title='bbox 765 3924 949 3975; x_wconf 87' lang='lat' dir='ltr'>sacramentis</span> <span class='ocrx_word' id='word_1_348' title='bbox 958 3923 1147 3976; x_wconf 89' lang='lat' dir='ltr'>exscribimus.</span> 
     </span>
     <span class='ocr_line' id='line_1_42' title="bbox 66 4003 1151 4078; baseline 0.002 -18"><span class='ocrx_word' id='word_1_349' title='bbox 66 4003 79 4028; x_wconf 87' lang='lat'>“</span> <span class='ocrx_word' id='word_1_350' title='bbox 88 4008 144 4075; x_wconf 72' lang='lat' dir='ltr'>Qua</span> <span class='ocrx_word' id='word_1_351' title='bbox 156 4011 192 4064; x_wconf 88' lang='lat' dir='ltr'>de</span> <span class='ocrx_word' id='word_1_352' title='bbox 205 4009 388 4064; x_wconf 64' lang='lat' dir='ltr'>instruclione</span> <span class='ocrx_word' id='word_1_353' title='bbox 402 4010 628 4078; x_wconf 77' lang='lat' dir='ltr'>praemittendum</span> <span class='ocrx_word' id='word_1_354' title='bbox 642 4019 684 4063; x_wconf 89' lang='lat' dir='ltr'>est</span> <span class='ocrx_word' id='word_1_355' title='bbox 699 4025 761 4062; x_wconf 86' lang='lat' dir='ltr'>eam</span> <span class='ocrx_word' id='word_1_356' title='bbox 773 4023 828 4061; x_wconf 89' lang='lat' dir='ltr'>non</span> <span class='ocrx_word' id='word_1_357' title='bbox 840 4026 902 4062; x_wconf 90' lang='lat' dir='ltr'>esse</span> <span class='ocrx_word' id='word_1_358' title='bbox 912 4010 1103 4063; x_wconf 85' lang='lat' dir='ltr'>definitionem</span> <span class='ocrx_word' id='word_1_359' title='bbox 1116 4011 1151 4062; x_wconf 81' lang='lat' dir='ltr'>tle</span> 
     </span>
     <span class='ocr_line' id='line_1_43' title="bbox 67 4093 1148 4165; baseline 0.006 -23"><span class='ocrx_word' id='word_1_360' title='bbox 67 4093 191 4165; x_wconf 91' lang='lat' dir='ltr'>ministro,</span> <span class='ocrx_word' id='word_1_361' title='bbox 207 4097 324 4152; x_wconf 77' lang='lat' dir='ltr'>materia</span> <span class='ocrx_word' id='word_1_362' title='bbox 338 4109 364 4151; x_wconf 89' lang='lat' dir='ltr'>et</span> <span class='ocrx_word' id='word_1_363' title='bbox 377 4097 467 4150; x_wconf 71' lang='lat' dir='ltr'>forma</span> <span class='ocrx_word' id='word_1_364' title='bbox 481 4107 728 4160; x_wconf 88' lang='lat' dir='ltr'>sacramentorum,</span> <span class='ocrx_word' id='word_1_365' title='bbox 742 4107 771 4148; x_wconf 91' lang='lat' dir='ltr'>ut</span> <span class='ocrx_word' id='word_1_366' title='bbox 788 4096 865 4148; x_wconf 88' lang='lat' dir='ltr'>multi</span> <span class='ocrx_word' id='word_1_367' title='bbox 886 4097 1030 4163; x_wconf 83' lang='lat' dir='ltr'>putabant,</span> <span class='ocrx_word' id='word_1_368' title='bbox 1045 4097 1094 4149; x_wconf 87' lang='lat' dir='ltr'>sed</span> <span class='ocrx_word' id='word_1_369' title='bbox 1109 4098 1148 4148; x_wconf 93' lang='lat' dir='ltr'>in-</span> 
     </span>
     <span class='ocr_line' id='line_1_44' title="bbox 69 4181 1150 4252; baseline 0.006 -25"><span class='ocrx_word' id='word_1_370' title='bbox 69 4181 236 4239; x_wconf 69' lang='lat' dir='ltr'>strullionem</span> <span class='ocrx_word' id='word_1_371' title='bbox 251 4185 446 4239; x_wconf 88' lang='lat' dir='ltr'>tantummodo</span> <span class='ocrx_word' id='word_1_372' title='bbox 459 4182 621 4252; x_wconf 60' lang='lat' dir='ltr'>practicam,</span> <span class='ocrx_word' id='word_1_373' title='bbox 633 4201 695 4252; x_wconf 76' lang='lat' dir='ltr'>qnae</span> <span class='ocrx_word' id='word_1_374' title='bbox 710 4193 803 4236; x_wconf 89' lang='lat' dir='ltr'>tamen</span> <span class='ocrx_word' id='word_1_375' title='bbox 819 4194 846 4235; x_wconf 92' lang='lat' dir='ltr'>ut</span> <span class='ocrx_word' id='word_1_376' title='bbox 860 4182 924 4234; x_wconf 87' lang='lat' dir='ltr'>talis</span> <span class='ocrx_word' id='word_1_377' title='bbox 939 4184 1050 4250; x_wconf 86' lang='lat' dir='ltr'>plenam</span> <span class='ocrx_word' id='word_1_378' title='bbox 1065 4182 1150 4234; x_wconf 85' lang='lat' dir='ltr'>habet</span> 
     </span>
     <span class='ocr_line' id='line_1_45' title="bbox 69 4266 468 4340; baseline 0.013 -20"><span class='ocrx_word' id='word_1_379' title='bbox 69 4266 248 4327; x_wconf 70' lang='lat' dir='ltr'>auctoritatem</span> <span class='ocrx_word' id='word_1_380' title='bbox 258 4273 271 4299; x_wconf 87' lang='lat'>’&#39;</span> <span class='ocrx_word' id='word_1_381' title='bbox 285 4273 382 4339; x_wconf 75' lang='lat' dir='ltr'>(Dens.</span> <span class='ocrx_word' id='word_1_382' title='bbox 398 4271 468 4340; x_wconf 64' lang='lat'>590).</span> 
     </span>
    </p>
   </div>
   <div class='ocr_carea' id='block_1_6' title="bbox 0 0 1397 4646">
    <p class='ocr_par' dir='ltr' id='par_1_10' title="bbox 0 0 1397 4646">
     <span class='ocr_line' id='line_1_46' title="bbox 0 0 1397 4646; baseline 0 0"><span class='ocrx_word' id='word_1_383' title='bbox 0 0 1397 4646; x_wconf 95' lang='lat' dir='ltr'> </span> 
     </span>
    </p>
   </div>
  </div>
 </body>
</html>
