2794 4662
253 179 320 231 6⁴0
624 177 678 226 DE
699 174 990 226 MATRIMONIO.

252 377 323 420 esse
339 364 441 418 totum
455 365 488 418 et
505 355 670 436 integrum
688 356 1010 430 sacramentum‚sed
1029 363 1207 417 tenuerunt
1222 363 1349 414 contra-

252 460 367 522 hentes
383 477 481 542 posse
495 458 557 520 suci
573 458 747 520 intentione
763 457 891 522 efficere
914 468 951 521 ut
975 455 1166 520 contractus
1192 457 1351 518 naturalis

252 564 323 626 sine
339 571 550 624 sacramento
566 562 699 623 existat.

298 663 457 728 DoCtrina
471 675 581 727 autem
593 664 757 727 catholica
769 674 819 727 est
836 665 943 746 ipsum
957 661 1166 726 contractum
1181 663 1352 724 matrimo-

254 767 373 829 nialem
399 766 495 829 fuisse
520 767 561 828 ad
587 769 784 829 sacramenti
812 767 1010 848 dignitatem
1046 764 1211 840 evectum,
1237 768 1288 828 ita
1322 776 1353 828 ut

255 871 339 932 inter
355 869 531 948 baptizatos
546 870 616 931 dari
635 889 699 932 non
717 870 822 950 possit
840 869 1041 932 matrimonii
1063 865 1261 932 contractus
1278 871 1352 950 quin

255 993 321 1036 uno
338 975 521 1053 eodemque
538 983 688 1053 tempore
703 973 746 1035 sit
762 961 1014 1036 sacramentum.

294 1119 343 1169 21.
390 1107 488 1165 Tleesis
502 1132 513 1166 .·
544 1107 642 1169 Inter
657 1104 883 1174 Christianos
905 1105 1121 1170 matrimonii
1141 1113 1354 1170 contractus

255 1208 293 1265 et
309 1201 530 1265 Matrimonii
544 1208 813 1267 sacramentum
833 1208 909 1267 tam
931 1203 1055 1269 intime
1076 1209 1354 1278 connectuntur,

255 1305 297 1364 ut
324 1299 461 1364 nullum
484 1300 560 1363 dari
585 1300 700 1379 possit
724 1299 942 1364 matrimonii
965 1304 1177 1363 contractus
1200 1299 1292 1378 quin
1314 1302 1357 1364 sit

256 1398 389 1476 pariter
403 1401 679 1462 sacramentum.
723 1399 844 1458 Certum
860 1409 913 1457 est.

302 1491 367 1580 (A)
388 1496 502 1576 Scripr.
520 1497 682 1572 innuitur;
705 1496 889 1557 etenimex
908 1493 1015 1556 verbis
1032 1493 1065 1557 S.
1082 1494 1174 1556 Pauii
1193 1497 1235 1556 ad
1257 1495 1357 1575 Eplrt-

256 1599 320 1661 sios
344 1619 443 1678 supra
474 1599 626 1672 laudatis,
657 1601 791 1660 Parrum
820 1597 934 1660 addita
962 1598 1250 1678 interpretatione,
1281 1600 1358 1660 iliud

259 1702 365 1783 ipsum
384 1702 628 1764 matrimonium
646 1703 687 1764 ad
704 1702 903 1782 dignitatem
920 1703 1117 1763 sacramenti
1135 1698 1296 1764 evetium
1314 1717 1358 1764 est

258 1806 347 1886 quod
366 1803 457 1866 Deus
473 1804 516 1865 ab
533 1805 628 1866 initio
645 1805 849 1880 instituerat;
873 1804 966 1884 atqui
983 1805 1072 1884 quod
1092 1804 1184 1866 Deus
1201 1803 1246 1865 ab
1266 1807 1359 1867 initio

259 1908 445 1971 instituerat
462 1907 541 1968 nihil
559 1907 647 1970 aliud
665 1916 716 1970 est
740 1908 800 1970 nisi
824 1905 1013 1970 contractus
1037 1908 1107 1990 ipse
1130 1909 1360 1971 matrimonia-

259 2011 314 2087 lis;
338 2030 418 2091 ergo
433 2007 623 2072 contractus
640 2011 716 2090 ipse,
733 2029 799 2072 non
821 2020 932 2072 autem
951 2010 1034 2071 alter
1049 2010 1131 2072 ritus
1146 2014 1361 2077 accessorius.

259 2133 334 2175 vere
350 2113 412 2176 suit
427 2112 469 2175 ad
486 2113 685 2194 dignitatern
699 2112 896 2174 sacramenti
914 2109 1054 2174 evetius.
1104 2113 1231 2175 Revera
1250 2115 1361 2176 nuilus

260 2217 349 2289 ritus,
366 2214 456 2278 nulla
468 2216 582 2289 oratio,
598 2215 688 2276 nulla
706 2215 843 2276 materia
860 2225 917 2277 aut
935 2214 1040 2276 forma
1058 2216 1089 2276 in
1109 2214 1289 2296 Scriptura
1306 2219 1359 2280 de-

259 2319 462 2388 terminatur.
475 2328 595 2398 praeter
611 2317 718 2398 ipsum
737 2317 1014 2380 matrimonialem
1031 2315 1258 2394 contractum
1284 2341 1361 2400 ergo

259 2441 359 2483 omne
376 2421 623 2482 matrimonium
649 2421 734 2482 inter
752 2419 960 2484 Christianos
978 2421 1126 2500 legitime
1143 2421 1361 2485 celebratum.

260 2535 310 2588 est
326 2533 569 2586 sacramentum
584 2546 591 2600 ;
614 2534 648 2587 et
664 2525 734 2586 vico
750 2528 852 2597 versa,
870 2523 896 2584 si
913 2542 980 2586 non
997 2522 1084 2585 adsit
1101 2535 1361 2596 sacramentum,
1387 2593 1388 2596 Ἴ

260 2647 320 2691 nec
336 2628 398 2688 erit
413 2646 489 2688 vere
506 2625 694 2689 contractus
711 2626 973 2690 matrimonialis.

303 2743 351 2792 22.
398 2729 458 2810 (B)
491 2729 614 2792 Tradit.
640 2729 689 2808 (a)
716 2731 828 2791 Patres
862 2747 928 2790 non
964 2724 1088 2790 directe
1111 2728 1250 2808 quidem
1279 2729 1361 2792 hanc

260 2833 477 2914 quaestioncm
495 2834 734 2913 expenderunt.
750 2833 807 2896 sed
826 2833 873 2894 ita
889 2831 931 2894 de
949 2831 1162 2894 matrimonio
1178 2831 1363 2895 christiano
1386 2891 1387 2909 ,

261 2937 361 2999 locuti
379 2945 465 3010 sunt,
482 2947 518 2997 ut
534 2937 658 2998 exinde
674 2936 742 2997 erui
765 2935 870 3016 possit
893 2931 1100 2996 contractum
1124 2934 1234 3014 ipsum
1265 2936 1362 2998 fuisse

238 3057 242 3066 “
261 3037 303 3099 ad
320 3037 517 3117 dignitatem
536 3039 731 3099 sacramenti
749 3035 908 3100 evectum.
956 3035 1154 3100 Scholastici
1168 3057 1293 3099 omnes
1309 3040 1362 3120 qui
1385 3099 1386 3102 ,

261 3152 339 3203 ante
356 3159 428 3200 saec.
447 3139 531 3201 XVl
551 3139 729 3202 floruerunt
747 3140 778 3201 id
793 3139 937 3220 apertius
954 3139 1173 3213 declararunt,
1189 3139 1363 3207 docentes.

262 3251 337 3326 post
355 3240 391 3304 S.
412 3241 442 3302 T
439 3241 568 3303 hornam
581 3254 601 3316 ¹,
618 3242 717 3304 verba
740 3241 860 3322 quibus
883 3259 1064 3303 consensus
1086 3261 1144 3302 seu
1169 3242 1363 3306 contractus

262 3343 514 3408 matrimonialis
530 3345 737 3424 exprimitur,
749 3363 821 3404 esse
838 3342 977 3405 sormam
995 3344 1203 3419 sacramenti,
1215 3345 1269 3408 vel
1289 3360 1363 3427 post

264 3447 298 3511 S.
316 3447 598 3508 Bouuoeutumm²
626 3457 870 3508 sacramentum
902 3447 1107 3508 Matrimonii
1136 3467 1198 3528 pro
1223 3451 1385 3519 materiai

260 3550 382 3613 habere
398 3567 555 3629 personas
580 3548 753 3628 legitimas
773 3559 807 3610 et
822 3568 884 3629 pro
889 3548 1005 3628 formai
1020 3569 1206 3612 consensum
1224 3573 1235 3612 .·
1273 3553 1362 3631 quod

261 3653 395 3734 quidem
414 3653 572 3731 importat
596 3671 805 3724 consensum,
821 3671 877 3714 seu
902 3651 1108 3714 contractum
1134 3653 1384 3760 matrimonia·i

262 3755 326 3816 lem
354 3755 396 3814 ad
421 3753 598 3814 essentiam
623 3754 821 3814 sacramenti
846 3754 1018 3835 pertinere,
1036 3773 1095 3816 nec
1120 3755 1228 3817 abeo
1252 3755 1384 3825 divellit

262 3876 366 3938 posse.

265 3957 313 4036 (b)
333 3958 370 4018 ld
387 3958 487 4017 ctiam
506 3957 643 4020 infertur
666 3978 710 4018 cx
728 3959 825 4019 variis
845 3957 1002 4019 Ecclesiae
1026 3959 1247 4022 documentis.
1300 3961 1360 4023 lm·

263 4059 377 4136 primis
394 4057 564 4119 Decretum
574 4071 637 4138 pro
653 4061 811 4121 Armenis
827 4061 898 4121 haec
914 4060 1036 4123 habet:
1060 4059 1201 4124 “Causa
1217 4063 1359 4127 efficiens

301 4247 415 4313 ¹Suppl.
430 4263 454 4314 q.
469 4263 512 4314 4²,
527 4267 551 4300 a.
570 4265 577 4300 r
594 4252 630 4302 ad
646 4267 666 4304 1.
681 4283 714 4289 —
730 4251 782 4304 ·-·lu
798 4253 847 4318 IV,
857 4253 920 4305 dist.
936 4254 977 4321 28,
991 4270 1016 4306 a.
1036 4268 1058 4318 r,
1071 4269 1098 4321 q.
1117 4265 1139 4322 5.
