2738 4646
348 181 793 237 na‘ss.aucrsnarsrrn.
1055 177 1122 238 aaa

47 389 52 396 ·
73 355 210 428 Quoniam
224 359 323 419 autem
338 357 399 419 nori
411 372 456 420 est
469 363 538 420 satis
552 355 704 420 veritatem
718 361 826 431 dicere,
836 361 890 418 nisi
904 361 1083 432 detegantur
1092 371 1123 418 et

42 443 326 514 refellanturerrores3
343 447 453 520 placuit
462 447 704 508 sandtaeSvnodo
715 448 920 507 hosCanones
929 446 1123 519 subjungere

41 539 70 584 ut
81 547 179 588 omnes
185 549 245 604 ram
258 529 358 604 agnita
368 533 526 594 Catholica
538 535 675 593 doctrina
677 535 859 626 ,intelligant
869 551 992 606 quoque
1005 551 1072 606 quae
1083 533 1122 592 ab

41 615 91 672 illis
101 617 219 678 haereses
231 621 326 729 caveri
342 621 485 694 vitarique
498 621 636 680 debeant.

345 745 349 754 ’
398 751 400 754 ·
481 758 663 809 canonas.

74 871 139 928 Can.
152 891 172 931 1.
201 874 232 932 Si
241 876 310 947 quis
320 878 479 948 negaverit,
490 877 724 935 insanetissimae
733 877 927 936 Eucharistiae
935 885 1123 935 sacramento

40 961 169 1020 contineri
182 981 258 1034 vere,
275 964 389 1023 realiter
406 975 436 1023 et
452 964 685 1023 substantialiter
698 980 806 1037 corpus
823 975 853 1022 et
869 966 1043 1037 sanguinem
1062 983 1122 1023 una

41 1063 99 1103 cum
110 1050 214 1118 animai,
221 1061 252 1109 et
264 1051 420 1110 divinitate
434 1053 558 1110 Domini
572 1053 662 1110 nostri
677 1052 748 1126 Jesu
762 1052 882 1120 Christi,
891 1071 926 1110 ac
939 1053 1065 1125 proinde
1077 1065 1121 1112 to·

40 1142 95 1190 tum
107 1135 263 1208 Christum,
279 1139 332 1197 sed
346 1139 452 1198 dixerit
465 1139 675 1198 tantummodo
689 1156 753 1196 esse
767 1141 796 1196 in
810 1156 847 1196 eo
864 1150 896 1197 ut
917 1140 946 1196 in
964 1141 1058 1212 signo,
1074 1142 1120 1199 vel

41 1221 129 1292 ligura,
139 1235 188 1283 aut
201 1226 326 1293 virtuter
346 1229 382 1283 A.
399 1227 427 1285 S.

73 1309 138 1367 Can.
155 1329 178 1368 2.
219 1314 247 1371 Si
264 1316 331 1386 quis
346 1314 462 1380 dixerit,
478 1315 508 1371 in
524 1315 715 1373 sacrosanclo
729 1314 924 1373 Eucharistiae
936 1325 1123 1372 sacramento

40 1413 177 1458 remanere
190 1400 385 1460 substantiam
400 1403 485 1474 panis
497 1412 528 1460 et
540 1403 610 1468 vini,
626 1420 685 1459 una
703 1419 771 1459 cum
790 1419 914 1473 corpore
930 1413 960 1460 et
977 1403 1122 1474 sanguine

43 1482 149 1543 Domini
161 1488 252 1545 nostri
261 1488 332 1560 Jesu
342 1489 452 1548 Christi
464 1508 472 1561 ;
489 1489 702 1561 negaveritque
715 1489 879 1546 mirabilem
893 1489 972 1546 illam
983 1500 1012 1548 et
1022 1489 1120 1562 singu·

41 1570 117 1629 larem
136 1578 359 1634 conversionem
380 1577 470 1634 totius
490 1576 663 1634 substantiae
686 1577 771 1648 panis
790 1575 820 1633 in
838 1568 959 1648 corpus,
980 1587 1009 1635 et
1031 1578 1122 1636 totius

40 1657 198 1720 substantiae
208 1663 267 1719 vini
277 1663 308 1719 in
318 1653 503 1735 sanguinem,
513 1662 704 1722 manentibus
715 1662 858 1721 duntaxat
869 1663 1026 1735 speciebus
1037 1665 1122 1737 panis

41 1746 142 1812 etvini,
157 1765 248 1820 quam
267 1750 389 1821 quidem
409 1750 637 1809 conversionem
656 1749 802 1807 catholica
816 1749 951 1820 Ecclesia
969 1752 1121 1824 aptissime

41 1833 386 1894 transsubstantiationem
399 1837 548 1910 appellat;
568 1837 602 1894 A.
616 1837 645 1894 S.

74 1919 140 1976 Can.
151 1937 175 1990 3.
215 1923 246 1980 Si
260 1922 326 1995 quis
339 1923 497 1995 negaverit,
511 1923 541 1981 in
553 1923 713 1982 venerabili
725 1923 917 1981 Sacramento
929 1923 1122 1983 Eucharistiae

41 2005 88 2062 sub
101 2010 277 2083 unaqquue
287 2011 395 2082 specie,
404 2021 434 2068 et
446 2011 503 2070 sub
513 2011 637 2082 singulis
650 2011 795 2083 cuiusque
805 2011 914 2084 speciei
929 2012 1070 2086 partibus,
1078 2031 1123 2072 se·

42 2096 181 2161 paratione
194 2097 281 2164 factal,
292 2108 388 2160 totum
402 2099 553 2157 Christum
567 2098 711 2156 contineri
724 2117 732 2168 ;
751 2099 787 2155 A.
803 2097 831 2155 S.
1081 2169 1084 2180 .

74 2180 140 2238 Can.
150 2199 176 2250 4.
217 2185 247 2241 Si
261 2186 328 2256 quis
340 2184 455 2252 dixerit,
467 2184 586 2258 peracta
599 2185 831 2255 consecratione,
842 2185 872 2241 in
886 2185 1051 2244 admirabili
1063 2188 1123 2244 Eu-

41 2265 173 2329 charistiae
185 2283 372 2331 sacramento
385 2292 446 2331 non
460 2291 523 2332 esse
536 2291 645 2346 corpus
658 2285 687 2331 et
700 2273 875 2345 sanguinem
891 2273 1014 2331 Domini
1030 2277 1121 2333 nostri

41 2352 102 2423 Jesu
115 2357 230 2429 Christi,
247 2361 301 2418 sed
314 2371 428 2419 tantum
441 2363 470 2417 in
484 2378 548 2430 usu,
565 2360 638 2418 dum
652 2361 787 2425 sumitur,
803 2378 863 2417 non
876 2371 976 2418 autem
994 2372 1063 2421 ante
1076 2362 1122 2420 vel

41 2455 116 2510 post;
138 2455 166 2503 et
184 2446 214 2503 in
231 2446 335 2505 hostiis
347 2465 400 2506 seu
414 2447 564 2520 particulis
577 2447 766 2516 consecratis,
778 2464 845 2518 quae
859 2457 925 2519 post
937 2449 1124 2507 communio·

41 2544 101 2585 uem
113 2544 296 2590 reservantur
309 2534 354 2591 vel
362 2543 535 2606 supersunt,
544 2552 604 2591 non
618 2551 771 2592 remanere
784 2551 884 2592 verum
898 2552 1005 2608 corpus
1020 2535 1123 2594 Domi-

41 2613 82 2680 ni;
100 2618 133 2673 A.
148 2618 175 2677 S.

73 2703 141 2760 Can.
162 2725 187 2778 5.
227 2706 256 2764 Si
278 2708 344 2778 quis
367 2709 481 2775 dixerit,
502 2708 548 2766 vel
569 2705 753 2780 praecipuum
777 2707 905 2764 fructum
929 2709 1123 2768 sanctissimae

42 2787 223 2852 Eucharistiae
234 2813 300 2854 esse
313 2797 517 2855 remissionem
532 2805 731 2868 peccatorum,
739 2794 785 2851 vel
799 2812 834 2851 ex
847 2795 883 2852 ea
897 2813 956 2852 non
970 2795 1044 2854 alios
1055 2797 1122 2854 efle-

42 2877 97 2935 c'tus
110 2884 281 2956 provenire3
300 2885 337 2941 A.
353 2885 380 2942 S.

9 3011 10 3014 ,
73 2967 141 3024 Can.
156 2975 181 3025 6.
221 2971 250 3028 Si
265 2973 331 3043 quis
343 2974 457 3040 dixerit,
471 2973 500 3029 in
513 2971 617 3029 sanilo
631 2969 826 3027 Eucharistiae
839 2982 1025 3028 sacramento
1039 2972 1122 3031 Chri-

42 3061 116 3124 stum,
129 3059 312 3129 unigenitum
329 3061 384 3118 Dei
399 3061 422 3118 F
425 3061 517 3126 ilium,
528 3077 588 3116 non
602 3077 667 3116 esse
680 3058 761 3114 cultu
775 3057 876 3122 latriae,
887 3059 976 3116 etiam
990 3070 1119 3132 externe,

42 3140 234 3216 adorandum
252 3157 342 3218 atque
362 3149 430 3206 ideo
449 3167 504 3206 nec
523 3147 626 3204 festiva
646 3146 786 3217 peculiari
799 3145 970 3205 celebritate
983 3166 1122 3206 veneran-

42 3221 103 3281 dum
117 3247 124 3297 ;
142 3247 239 3302 neque
255 3232 283 3287 in
298 3233 546 3303 processionibus,
559 3235 725 3291 secundum
739 3233 919 3292 laudabilem
933 3244 962 3293 et
976 3237 1123 3295 universa-

43 3309 89 3368 lem
104 3315 244 3376 Ecclesiae
263 3319 372 3378 sanciae
391 3323 477 3378 ritum
497 3333 526 3380 et
543 3322 800 3392 consuetudinem,
817 3322 987 3380 solemniter
999 3324 1123 3382 circum·

42 3405 214 3476 gestandum,
231 3407 277 3464 vel
291 3425 350 3464 non
364 3408 492 3480 publice,
509 3419 541 3466 ut
553 3409 701 3478 adoretur,
714 3409 828 3481 populo
842 3411 1081 3480 proponendum,
1094 3423 1124 3469 et

43 3491 95 3558 ejus
107 3495 275 3554 adoratores
288 3515 353 3556 esse
366 3498 536 3557 idololatras
548 3519 555 3570 3
574 3501 609 3555 A.
626 3497 653 3554 S.

74 3580 171 3654 Can.7
158 3599 180 3654 7.
219 3583 248 3641 Si
269 3585 335 3657 quis
352 3586 466 3650 dixerit,
483 3605 542 3644 non
563 3586 650 3643 licere
668 3602 781 3640 sacram
796 3583 1010 3641 Eucharistiam
1031 3585 1061 3640 in
1080 3603 1122 3642 sa-

43 3668 122 3725 crario
135 3673 280 3743 reservari,
297 3675 350 3731 sed
368 3673 466 3731 statim
486 3685 552 3746 post
565 3673 820 3730 consecrationem
833 3669 1007 3736 astantibus,
1023 3689 1123 3730 neces-

43 3754 107 3811 sario
120 3757 374 3830 distribuendnm3
395 3773 446 3818 aut
460 3779 520 3818 non
535 3761 633 3827 licere,
649 3768 681 3817 ut
697 3758 796 3816 illaad
811 3757 942 3855 infirmos
960 3757 1124 3818 honorilice

43 3839 193 3918 des3eratur
213 3849 247 3903 A.
266 3848 293 3904 S.

74 3931 139 3988 Can.
154 3935 178 3990 8.
219 3935 248 3993 Si
263 3936 329 4008 quis
342 3936 456 4006 dixerit,
470 3936 642 3996 Christum
637 3954 665 3991 m
681 3933 866 3990 Eucharistid
878 3932 1052 4004 exhibitum,
1066 3938 1123 4008 spi·

43 4015 170 4078 ritualiter
182 4031 296 4080 tantum
311 4023 492 4092 manducari,
506 4035 534 4081 et
552 4043 612 4081 non
627 4023 715 4081 etiam
730 4021 980 4080 sacrarrrentaliter
992 4041 1028 4079 ac
1041 4025 1122 4082 reali-

43 4115 94 4180 ter;
111 4111 145 4166 A.
162 4112 190 4169 S.

75 4197 140 4256 Can.
162 4217 186 4271 9.
235 4199 266 4257 Si
289 4197 356 4272 quis
377 4200 539 4271 negaverit,
560 4217 665 4256 omnes
684 4209 713 4256 et
733 4197 865 4268 singulos
884 4196 993 4254 Christi
1020 4198 1123 4255 fideles

43 4285 180 4358 utriusque
198 4305 293 4355 sexus,
305 4305 374 4345 cum
388 4286 426 4344 ad
439 4304 534 4343 annos
548 4285 734 4344 discretionis
749 4283 943 4356 pervenerint,
958 4283 1050 4339 teneri
1064 4283 1121 4339 sin-
