<?xml version="1.0" encoding="UTF-8"?>
<!DOCTYPE html PUBLIC "-//W3C//DTD XHTML 1.0 Transitional//EN"
    "http://www.w3.org/TR/xhtml1/DTD/xhtml1-transitional.dtd">
<html xmlns="http://www.w3.org/1999/xhtml" xml:lang="en" lang="en">
 <head>
  <title>
</title>
<meta http-equiv="Content-Type" content="text/html;charset=utf-8" />
  <meta name='ocr-system' content='tesseract 3.04.00' />
  <meta name='ocr-capabilities' content='ocr_page ocr_carea ocr_par ocr_line ocrx_word'/>
</head>
<body>
  <div class='ocr_page' id='page_1' title='image "./synopsistheolog01tanqgoog_0579.png"; bbox 0 0 2758 4652; ppageno 0'>
   <div class='ocr_carea' id='block_1_1' title="bbox 409 199 1151 260">
    <p class='ocr_par' dir='ltr' id='par_1_1' title="bbox 409 199 1151 260">
     <span class='ocr_line' id='line_1_1' title="bbox 409 199 1151 260; baseline 0.005 -5"><span class='ocrx_word' id='word_1_1' title='bbox 409 207 464 256; x_wconf 83' lang='lat' dir='ltr'><strong>DE</strong></span> <span class='ocrx_word' id='word_1_2' title='bbox 483 199 796 260; x_wconf 70' lang='lat' dir='ltr'><strong>innumerirus.</strong></span> <span class='ocrx_word' id='word_1_3' title='bbox 1085 209 1151 260; x_wconf 82' lang='lat'><strong>563</strong></span> 
     </span>
    </p>
   </div>
   <div class='ocr_carea' id='block_1_2' title="bbox 50 386 1159 2327">
    <p class='ocr_par' dir='ltr' id='par_1_2' title="bbox 50 386 1156 1917">
     <span class='ocr_line' id='line_1_2' title="bbox 54 386 1153 473; baseline 0.006 -29"><span class='ocrx_word' id='word_1_4' title='bbox 54 404 117 463; x_wconf 91' lang='lat' dir='ltr'><strong>pus</strong></span> <span class='ocrx_word' id='word_1_5' title='bbox 134 386 319 462; x_wconf 82' lang='lat' dir='ltr'><strong>efforment,</strong></span> <span class='ocrx_word' id='word_1_6' title='bbox 336 391 541 471; x_wconf 87' lang='lat' dir='ltr'>proindeque</span> <span class='ocrx_word' id='word_1_7' title='bbox 557 392 670 454; x_wconf 89' lang='lat' dir='ltr'><strong>omnia</strong></span> <span class='ocrx_word' id='word_1_8' title='bbox 684 392 847 473; x_wconf 91' lang='lat' dir='ltr'><strong>justorum</strong></span> <span class='ocrx_word' id='word_1_9' title='bbox 866 392 953 453; x_wconf 93' lang='lat' dir='ltr'><strong>bona</strong></span> <span class='ocrx_word' id='word_1_10' title='bbox 969 411 1070 473; x_wconf 91' lang='lat' dir='ltr'><strong>opera</strong></span> <span class='ocrx_word' id='word_1_11' title='bbox 1086 392 1153 452; x_wconf 91' lang='lat' dir='ltr'><strong>sint</strong></span> 
     </span>
     <span class='ocr_line' id='line_1_3' title="bbox 54 487 1154 575; baseline 0.005 -28"><span class='ocrx_word' id='word_1_12' title='bbox 54 487 159 550; x_wconf 81' lang='lat' dir='ltr'><strong>veluti</strong></span> <span class='ocrx_word' id='word_1_13' title='bbox 182 491 386 572; x_wconf 86' lang='lat' dir='ltr'><strong>singulorum</strong></span> <span class='ocrx_word' id='word_1_14' title='bbox 411 494 553 575; x_wconf 91' lang='lat' dir='ltr'><strong>propria,</strong></span> <span class='ocrx_word' id='word_1_15' title='bbox 579 505 612 558; x_wconf 89' lang='lat' dir='ltr'><strong>et</strong></span> <span class='ocrx_word' id='word_1_16' title='bbox 637 496 668 556; x_wconf 93' lang='lat' dir='ltr'><strong>in</strong></span> <span class='ocrx_word' id='word_1_17' title='bbox 694 515 806 558; x_wconf 89' lang='lat' dir='ltr'><strong>eorum</strong></span> <span class='ocrx_word' id='word_1_18' title='bbox 833 496 1010 558; x_wconf 83' lang='lat' dir='ltr'><strong>utilitatem</strong></span> <span class='ocrx_word' id='word_1_19' title='bbox 1035 493 1154 556; x_wconf 81' lang='lat' dir='ltr'><strong>cedere</strong></span> 
     </span>
     <span class='ocr_line' id='line_1_4' title="bbox 52 593 1153 679; baseline 0.006 -29"><span class='ocrx_word' id='word_1_20' title='bbox 52 593 209 670; x_wconf 83' lang='lat' dir='ltr'><strong>possint:</strong></span> <span class='ocrx_word' id='word_1_21' title='bbox 244 595 364 658; x_wconf 87' lang='lat' dir='ltr'><strong>“Sicut</strong></span> <span class='ocrx_word' id='word_1_22' title='bbox 388 597 476 659; x_wconf 90' lang='lat' dir='ltr'><strong>enim</strong></span> <span class='ocrx_word' id='word_1_23' title='bbox 500 617 620 679; x_wconf 90' lang='lat' dir='ltr'><strong>corpus</strong></span> <span class='ocrx_word' id='word_1_24' title='bbox 644 620 744 662; x_wconf 90' lang='lat' dir='ltr'><strong>unum</strong></span> <span class='ocrx_word' id='word_1_25' title='bbox 761 609 820 674; x_wconf 88' lang='lat' dir='ltr'><strong>est,</strong></span> <span class='ocrx_word' id='word_1_26' title='bbox 836 608 869 661; x_wconf 90' lang='lat' dir='ltr'><strong>et</strong></span> <span class='ocrx_word' id='word_1_27' title='bbox 887 598 1037 660; x_wconf 90' lang='lat' dir='ltr'><strong>membra</strong></span> <span class='ocrx_word' id='word_1_28' title='bbox 1052 596 1153 659; x_wconf 89' lang='lat' dir='ltr'><strong>habet</strong></span> 
     </span>
     <span class='ocr_line' id='line_1_5' title="bbox 53 696 1155 784; baseline 0.005 -29"><span class='ocrx_word' id='word_1_29' title='bbox 53 696 170 768; x_wconf 86' lang='lat' dir='ltr'><strong>multa,</strong></span> <span class='ocrx_word' id='word_1_30' title='bbox 196 699 311 762; x_wconf 88' lang='lat' dir='ltr'><strong>omnia</strong></span> <span class='ocrx_word' id='word_1_31' title='bbox 341 708 452 763; x_wconf 86' lang='lat' dir='ltr'><strong>autem</strong></span> <span class='ocrx_word' id='word_1_32' title='bbox 482 702 632 765; x_wconf 88' lang='lat' dir='ltr'><strong>membra</strong></span> <span class='ocrx_word' id='word_1_33' title='bbox 658 703 804 784; x_wconf 90' lang='lat' dir='ltr'><strong>corporis</strong></span> <span class='ocrx_word' id='word_1_34' title='bbox 836 722 911 764; x_wconf 92' lang='lat' dir='ltr'><strong>cum</strong></span> <span class='ocrx_word' id='word_1_35' title='bbox 945 701 1011 763; x_wconf 89' lang='lat' dir='ltr'><strong>sint</strong></span> <span class='ocrx_word' id='word_1_36' title='bbox 1039 700 1155 772; x_wconf 83' lang='lat' dir='ltr'><strong>multa,</strong></span> 
     </span>
     <span class='ocr_line' id='line_1_6' title="bbox 51 804 1153 885; baseline 0.005 -25"><span class='ocrx_word' id='word_1_37' title='bbox 51 818 158 862; x_wconf 90' lang='lat' dir='ltr'><strong>unum</strong></span> <span class='ocrx_word' id='word_1_38' title='bbox 175 811 287 864; x_wconf 87' lang='lat' dir='ltr'><strong>tamen</strong></span> <span class='ocrx_word' id='word_1_39' title='bbox 304 823 424 884; x_wconf 91' lang='lat' dir='ltr'><strong>corpus</strong></span> <span class='ocrx_word' id='word_1_40' title='bbox 440 816 526 880; x_wconf 88' lang='lat' dir='ltr'><strong>sunt,</strong></span> <span class='ocrx_word' id='word_1_41' title='bbox 540 806 586 868; x_wconf 87' lang='lat' dir='ltr'><strong>ita</strong></span> <span class='ocrx_word' id='word_1_42' title='bbox 601 817 635 868; x_wconf 91' lang='lat' dir='ltr'><strong>et</strong></span> <span class='ocrx_word' id='word_1_43' title='bbox 658 806 845 870; x_wconf 90' lang='lat' dir='ltr'><strong>Christus</strong></span> <span class='ocrx_word' id='word_1_44' title='bbox 893 805 938 866; x_wconf 92' lang='lat' dir='ltr'><strong>Et</strong></span> <span class='ocrx_word' id='word_1_45' title='bbox 954 804 980 866; x_wconf 92' lang='lat' dir='ltr'><strong>si</strong></span> <span class='ocrx_word' id='word_1_46' title='bbox 998 806 1077 885; x_wconf 91' lang='lat' dir='ltr'><strong>quid</strong></span> <span class='ocrx_word' id='word_1_47' title='bbox 1096 824 1153 885; x_wconf 93' lang='lat' dir='ltr'><strong>pa-</strong></span> 
     </span>
     <span class='ocr_line' id='line_1_7' title="bbox 52 903 1156 990; baseline 0.005 -28"><span class='ocrx_word' id='word_1_48' title='bbox 52 903 136 963; x_wconf 88' lang='lat' dir='ltr'><strong>titur</strong></span> <span class='ocrx_word' id='word_1_49' title='bbox 152 924 253 968; x_wconf 91' lang='lat' dir='ltr'><strong>unum</strong></span> <span class='ocrx_word' id='word_1_50' title='bbox 272 907 469 984; x_wconf 87' lang='lat' dir='ltr'>membrum,</span> <span class='ocrx_word' id='word_1_51' title='bbox 491 911 740 990; x_wconf 89' lang='lat' dir='ltr'><strong>compatiuntur</strong></span> <span class='ocrx_word' id='word_1_52' title='bbox 755 908 868 970; x_wconf 91' lang='lat' dir='ltr'><strong>omnia</strong></span> <span class='ocrx_word' id='word_1_53' title='bbox 885 907 1050 982; x_wconf 89' lang='lat' dir='ltr'><strong>membra;</strong></span> <span class='ocrx_word' id='word_1_54' title='bbox 1085 907 1156 968; x_wconf 86' lang='lat' dir='ltr'><strong>sive</strong></span> 
     </span>
     <span class='ocr_line' id='line_1_8' title="bbox 51 1005 1154 1093; baseline 0.004 -27"><span class='ocrx_word' id='word_1_55' title='bbox 51 1005 214 1084; x_wconf 85' lang='lat' dir='ltr'><strong>gloriatur</strong></span> <span class='ocrx_word' id='word_1_56' title='bbox 237 1029 339 1072; x_wconf 91' lang='lat' dir='ltr'><strong>unum</strong></span> <span class='ocrx_word' id='word_1_57' title='bbox 358 1010 553 1088; x_wconf 88' lang='lat' dir='ltr'>membrum,</span> <span class='ocrx_word' id='word_1_58' title='bbox 571 1014 784 1093; x_wconf 81' lang='lat' dir='ltr'><strong>congaudent</strong></span> <span class='ocrx_word' id='word_1_59' title='bbox 806 1011 918 1072; x_wconf 92' lang='lat' dir='ltr'><strong>omnia</strong></span> <span class='ocrx_word' id='word_1_60' title='bbox 943 1009 1091 1072; x_wconf 87' lang='lat' dir='ltr'><strong>membra</strong></span> <span class='ocrx_word' id='word_1_61' title='bbox 1103 1009 1119 1036; x_wconf 89' lang='lat'><strong>’&#39;</strong></span> <span class='ocrx_word' id='word_1_62' title='bbox 1135 1021 1154 1071; x_wconf 91' lang='lat'><strong>¹.</strong></span> 
     </span>
     <span class='ocr_line' id='line_1_9' title="bbox 50 1108 1137 1190; baseline 0.008 -21"><span class='ocrx_word' id='word_1_63' title='bbox 50 1108 220 1188; x_wconf 87' lang='lat' dir='ltr'><strong>Jamvero,</strong></span> <span class='ocrx_word' id='word_1_64' title='bbox 236 1112 262 1173; x_wconf 93' lang='lat' dir='ltr'><strong>si</strong></span> <span class='ocrx_word' id='word_1_65' title='bbox 287 1133 337 1173; x_wconf 88' lang='lat' dir='ltr'><strong>res</strong></span> <span class='ocrx_word' id='word_1_66' title='bbox 362 1114 407 1176; x_wconf 91' lang='lat' dir='ltr'><strong>ita</strong></span> <span class='ocrx_word' id='word_1_67' title='bbox 431 1134 465 1175; x_wconf 91' lang='lat' dir='ltr'><strong>se</strong></span> <span class='ocrx_word' id='word_1_68' title='bbox 489 1115 598 1190; x_wconf 89' lang='lat' dir='ltr'><strong>habet,</strong></span> <span class='ocrx_word' id='word_1_69' title='bbox 616 1114 859 1180; x_wconf 65' lang='lat' dir='ltr'><strong>satisfactiones</strong></span> <span class='ocrx_word' id='word_1_70' title='bbox 877 1118 1000 1182; x_wconf 86' lang='lat' dir='ltr'><strong>Christi</strong></span> <span class='ocrx_word' id='word_1_71' title='bbox 1017 1127 1050 1180; x_wconf 89' lang='lat' dir='ltr'><strong>et</strong></span> <span class='ocrx_word' id='word_1_72' title='bbox 1069 1116 1137 1180; x_wconf 91' lang='lat' dir='ltr'><strong>San</strong></span> 
     </span>
     <span class='ocr_line' id='line_1_10' title="bbox 50 1210 1154 1302; baseline 0.007 -28"><span class='ocrx_word' id='word_1_73' title='bbox 50 1210 184 1275; x_wconf 70' lang='lat' dir='ltr'><strong>&amp;orum</strong></span> <span class='ocrx_word' id='word_1_74' title='bbox 202 1214 474 1296; x_wconf 87' lang='lat' dir='ltr'><strong>supereffluentes</strong></span> <span class='ocrx_word' id='word_1_75' title='bbox 491 1219 523 1278; x_wconf 93' lang='lat' dir='ltr'><strong>in</strong></span> <span class='ocrx_word' id='word_1_76' title='bbox 541 1219 632 1292; x_wconf 75' lang='lat' dir='ltr'><strong>alios</strong></span> <span class='ocrx_word' id='word_1_77' title='bbox 645 1219 700 1299; x_wconf 90' lang='lat' dir='ltr'><strong>qui</strong></span> <span class='ocrx_word' id='word_1_78' title='bbox 718 1221 840 1284; x_wconf 68' lang='lat' dir='ltr'><strong>divinae</strong></span> <span class='ocrx_word' id='word_1_79' title='bbox 854 1221 992 1302; x_wconf 71' lang='lat' dir='ltr'><strong>justitiae</strong></span> <span class='ocrx_word' id='word_1_80' title='bbox 1008 1222 1154 1283; x_wconf 88' lang='lat' dir='ltr'><strong>suntde-</strong></span> 
     </span>
     <span class='ocr_line' id='line_1_11' title="bbox 51 1316 1155 1400; baseline 0.005 -23"><span class='ocrx_word' id='word_1_81' title='bbox 51 1316 187 1394; x_wconf 89' lang='lat' dir='ltr'><strong>bitores‚</strong></span> <span class='ocrx_word' id='word_1_82' title='bbox 214 1319 354 1381; x_wconf 89' lang='lat' dir='ltr'><strong>derivari</strong></span> <span class='ocrx_word' id='word_1_83' title='bbox 383 1331 537 1400; x_wconf 87' lang='lat' dir='ltr'><strong>possunt;</strong></span> <span class='ocrx_word' id='word_1_84' title='bbox 582 1340 668 1394; x_wconf 86' lang='lat' dir='ltr'><strong>nam,</strong></span> <span class='ocrx_word' id='word_1_85' title='bbox 695 1331 731 1384; x_wconf 91' lang='lat' dir='ltr'><strong>ut</strong></span> <span class='ocrx_word' id='word_1_86' title='bbox 755 1324 801 1386; x_wconf 88' lang='lat' dir='ltr'><strong>ait</strong></span> <span class='ocrx_word' id='word_1_87' title='bbox 831 1325 866 1386; x_wconf 79' lang='lat' dir='ltr'><strong>S.</strong></span> <span class='ocrx_word' id='word_1_88' title='bbox 894 1323 1061 1395; x_wconf 81' lang='lat' dir='ltr'><strong>Tleornas²‚</strong></span> <span class='ocrx_word' id='word_1_89' title='bbox 1088 1327 1155 1384; x_wconf 90' lang='lat' dir='ltr'><strong>“ea</strong></span> 
     </span>
     <span class='ocr_line' id='line_1_12' title="bbox 50 1423 1155 1503; baseline 0.005 -22"><span class='ocrx_word' id='word_1_90' title='bbox 50 1440 130 1500; x_wconf 83' lang='lat' dir='ltr'><strong>quae</strong></span> <span class='ocrx_word' id='word_1_91' title='bbox 158 1432 235 1484; x_wconf 89' lang='lat' dir='ltr'><strong>sunt</strong></span> <span class='ocrx_word' id='word_1_92' title='bbox 262 1423 402 1503; x_wconf 89' lang='lat' dir='ltr'><strong>alicujus</strong></span> <span class='ocrx_word' id='word_1_93' title='bbox 430 1425 653 1488; x_wconf 88' lang='lat' dir='ltr'><strong>multitudinis</strong></span> <span class='ocrx_word' id='word_1_94' title='bbox 684 1428 882 1498; x_wconf 88' lang='lat' dir='ltr'><strong>communia,</strong></span> <span class='ocrx_word' id='word_1_95' title='bbox 910 1426 1155 1488; x_wconf 91' lang='lat' dir='ltr'><strong>distribuuntur</strong></span> 
     </span>
     <span class='ocr_line' id='line_1_13' title="bbox 50 1524 1154 1607; baseline 0.004 -25"><span class='ocrx_word' id='word_1_96' title='bbox 50 1524 194 1603; x_wconf 85' lang='lat' dir='ltr'><strong>singulis</strong></span> <span class='ocrx_word' id='word_1_97' title='bbox 210 1526 252 1586; x_wconf 89' lang='lat' dir='ltr'><strong>de</strong></span> <span class='ocrx_word' id='word_1_98' title='bbox 270 1524 493 1600; x_wconf 89' lang='lat' dir='ltr'><strong>multitudine,</strong></span> <span class='ocrx_word' id='word_1_99' title='bbox 510 1527 692 1589; x_wconf 90' lang='lat' dir='ltr'><strong>secundum</strong></span> <span class='ocrx_word' id='word_1_100' title='bbox 710 1526 882 1589; x_wconf 88' lang='lat' dir='ltr'><strong>arbitrium</strong></span> <span class='ocrx_word' id='word_1_101' title='bbox 900 1526 967 1607; x_wconf 89' lang='lat' dir='ltr'><strong>ejus</strong></span> <span class='ocrx_word' id='word_1_102' title='bbox 991 1526 1047 1607; x_wconf 92' lang='lat' dir='ltr'><strong>qui</strong></span> <span class='ocrx_word' id='word_1_103' title='bbox 1071 1525 1154 1586; x_wconf 92' lang='lat' dir='ltr'><strong>mul-</strong></span> 
     </span>
     <span class='ocr_line' id='line_1_14' title="bbox 51 1629 1155 1711; baseline 0.001 -22"><span class='ocrx_word' id='word_1_104' title='bbox 51 1629 190 1690; x_wconf 90' lang='lat' dir='ltr'><strong>titudini</strong></span> <span class='ocrx_word' id='word_1_105' title='bbox 207 1639 344 1709; x_wconf 84' lang='lat' dir='ltr'><strong>praeest;</strong></span> <span class='ocrx_word' id='word_1_106' title='bbox 377 1629 465 1692; x_wconf 90' lang='lat' dir='ltr'><strong>unde</strong></span> <span class='ocrx_word' id='word_1_107' title='bbox 482 1629 566 1692; x_wconf 91' lang='lat' dir='ltr'><strong>sicut</strong></span> <span class='ocrx_word' id='word_1_108' title='bbox 582 1629 701 1710; x_wconf 92' lang='lat' dir='ltr'><strong>aliquis</strong></span> <span class='ocrx_word' id='word_1_109' title='bbox 717 1639 974 1711; x_wconf 84' lang='lat' dir='ltr'><strong>consequeretur</strong></span> <span class='ocrx_word' id='word_1_110' title='bbox 991 1629 1155 1692; x_wconf 89' lang='lat' dir='ltr'><strong>remissio-</strong></span> 
     </span>
     <span class='ocr_line' id='line_1_15' title="bbox 51 1731 1151 1814; baseline 0.003 -22"><span class='ocrx_word' id='word_1_111' title='bbox 51 1751 131 1792; x_wconf 91' lang='lat' dir='ltr'><strong>nem</strong></span> <span class='ocrx_word' id='word_1_112' title='bbox 150 1752 269 1812; x_wconf 84' lang='lat' dir='ltr'><strong>poenae,</strong></span> <span class='ocrx_word' id='word_1_113' title='bbox 286 1733 312 1794; x_wconf 91' lang='lat' dir='ltr'><strong>si</strong></span> <span class='ocrx_word' id='word_1_114' title='bbox 330 1732 414 1795; x_wconf 87' lang='lat' dir='ltr'><strong>alius</strong></span> <span class='ocrx_word' id='word_1_115' title='bbox 431 1752 545 1814; x_wconf 86' lang='lat' dir='ltr'><strong>proco</strong></span> <span class='ocrx_word' id='word_1_116' title='bbox 563 1732 785 1806; x_wconf 85' lang='lat' dir='ltr'><strong>satisfecisset,</strong></span> <span class='ocrx_word' id='word_1_117' title='bbox 802 1736 848 1798; x_wconf 92' lang='lat' dir='ltr'><strong>ita</strong></span> <span class='ocrx_word' id='word_1_118' title='bbox 864 1735 890 1796; x_wconf 92' lang='lat' dir='ltr'><strong>si</strong></span> <span class='ocrx_word' id='word_1_119' title='bbox 908 1731 1091 1796; x_wconf 65' lang='lat' dir='ltr'><strong>satisfactio</strong></span> <span class='ocrx_word' id='word_1_120' title='bbox 1108 1732 1151 1796; x_wconf 89' lang='lat' dir='ltr'><strong>al-</strong></span> 
     </span>
     <span class='ocr_line' id='line_1_16' title="bbox 51 1834 873 1917; baseline 0.004 -21"><span class='ocrx_word' id='word_1_121' title='bbox 51 1834 157 1896; x_wconf 90' lang='lat' dir='ltr'><strong>terius</strong></span> <span class='ocrx_word' id='word_1_122' title='bbox 174 1835 235 1896; x_wconf 93' lang='lat' dir='ltr'><strong>sibi</strong></span> <span class='ocrx_word' id='word_1_123' title='bbox 249 1854 308 1915; x_wconf 90' lang='lat' dir='ltr'><strong>per</strong></span> <span class='ocrx_word' id='word_1_124' title='bbox 324 1856 398 1897; x_wconf 88' lang='lat' dir='ltr'><strong>eum</strong></span> <span class='ocrx_word' id='word_1_125' title='bbox 416 1836 472 1917; x_wconf 90' lang='lat' dir='ltr'><strong>qui</strong></span> <span class='ocrx_word' id='word_1_126' title='bbox 486 1844 606 1916; x_wconf 89' lang='lat' dir='ltr'><strong>potest,</strong></span> <span class='ocrx_word' id='word_1_127' title='bbox 621 1836 836 1899; x_wconf 88' lang='lat' dir='ltr'><strong>distribuatur</strong></span> <span class='ocrx_word' id='word_1_128' title='bbox 849 1835 873 1898; x_wconf 90' lang='lat'><strong>&#39;&#39;.</strong></span> 
     </span>
    </p>

    <p class='ocr_par' dir='ltr' id='par_1_3' title="bbox 51 1939 1159 2327">
     <span class='ocr_line' id='line_1_17' title="bbox 104 1939 1156 2020; baseline 0.002 -22"><span class='ocrx_word' id='word_1_129' title='bbox 104 1939 175 1999; x_wconf 90' lang='lat' dir='ltr'><strong>Res</strong></span> <span class='ocrx_word' id='word_1_130' title='bbox 192 1940 440 2019; x_wconf 88' lang='lat' dir='ltr'><strong>comparatione</strong></span> <span class='ocrx_word' id='word_1_131' title='bbox 457 1939 646 2001; x_wconf 91' lang='lat' dir='ltr'><strong>illustratur.</strong></span> <span class='ocrx_word' id='word_1_132' title='bbox 695 1939 732 2000; x_wconf 91' lang='lat' dir='ltr'><strong>lu</strong></span> <span class='ocrx_word' id='word_1_133' title='bbox 751 1939 935 2020; x_wconf 72' lang='lat' dir='ltr'><strong>Republica</strong></span> <span class='ocrx_word' id='word_1_134' title='bbox 960 1941 1045 2001; x_wconf 92' lang='lat' dir='ltr'><strong>bene</strong></span> <span class='ocrx_word' id='word_1_135' title='bbox 1068 1939 1156 2001; x_wconf 90' lang='lat' dir='ltr'><strong>ordi-</strong></span> 
     </span>
     <span class='ocr_line' id='line_1_18' title="bbox 51 2039 1155 2122; baseline 0.002 -22"><span class='ocrx_word' id='word_1_136' title='bbox 51 2044 134 2101; x_wconf 75' lang='lat' dir='ltr'><strong>nata</strong></span> <span class='ocrx_word' id='word_1_137' title='bbox 150 2039 285 2102; x_wconf 83' lang='lat' dir='ltr'><strong>Praesidi</strong></span> <span class='ocrx_word' id='word_1_138' title='bbox 302 2051 451 2122; x_wconf 91' lang='lat' dir='ltr'><strong>potestas</strong></span> <span class='ocrx_word' id='word_1_139' title='bbox 468 2042 553 2104; x_wconf 91' lang='lat' dir='ltr'><strong>inest</strong></span> <span class='ocrx_word' id='word_1_140' title='bbox 572 2041 681 2122; x_wconf 86' lang='lat' dir='ltr'><strong>legum</strong></span> <span class='ocrx_word' id='word_1_141' title='bbox 699 2051 732 2104; x_wconf 91' lang='lat' dir='ltr'><strong>et</strong></span> <span class='ocrx_word' id='word_1_142' title='bbox 749 2061 923 2122; x_wconf 85' lang='lat' dir='ltr'><strong>poenarum</strong></span> <span class='ocrx_word' id='word_1_143' title='bbox 945 2041 1155 2103; x_wconf 89' lang='lat' dir='ltr'><strong>severitatem</strong></span> 
     </span>
     <span class='ocr_line' id='line_1_19' title="bbox 51 2142 1157 2224; baseline 0.001 -21"><span class='ocrx_word' id='word_1_144' title='bbox 51 2142 240 2222; x_wconf 90' lang='lat' dir='ltr'><strong>aliquando</strong></span> <span class='ocrx_word' id='word_1_145' title='bbox 256 2144 412 2217; x_wconf 90' lang='lat' dir='ltr'><strong>emollire,</strong></span> <span class='ocrx_word' id='word_1_146' title='bbox 428 2145 564 2224; x_wconf 91' lang='lat' dir='ltr'><strong>quando</strong></span> <span class='ocrx_word' id='word_1_147' title='bbox 588 2145 620 2206; x_wconf 93' lang='lat' dir='ltr'><strong>id</strong></span> <span class='ocrx_word' id='word_1_148' title='bbox 645 2143 815 2224; x_wconf 89' lang='lat' dir='ltr'><strong>postulant</strong></span> <span class='ocrx_word' id='word_1_149' title='bbox 832 2145 956 2206; x_wconf 92' lang='lat' dir='ltr'><strong>bonum</strong></span> <span class='ocrx_word' id='word_1_150' title='bbox 974 2163 1157 2212; x_wconf 83' lang='lat' dir='ltr'><strong>commune,</strong></span> 
     </span>
     <span class='ocr_line' id='line_1_20' title="bbox 51 2245 1159 2327; baseline 0 -21"><span class='ocrx_word' id='word_1_151' title='bbox 51 2245 104 2307; x_wconf 81' lang='lat' dir='ltr'><strong>vel</strong></span> <span class='ocrx_word' id='word_1_152' title='bbox 123 2246 170 2306; x_wconf 91' lang='lat' dir='ltr'><strong>rei</strong></span> <span class='ocrx_word' id='word_1_153' title='bbox 187 2247 379 2309; x_wconf 87' lang='lat' dir='ltr'><strong>emendatio</strong></span> <span class='ocrx_word' id='word_1_154' title='bbox 395 2247 493 2308; x_wconf 91' lang='lat' dir='ltr'><strong>certis</strong></span> <span class='ocrx_word' id='word_1_155' title='bbox 510 2247 613 2327; x_wconf 86' lang='lat' dir='ltr'><strong>signis</strong></span> <span class='ocrx_word' id='word_1_156' title='bbox 638 2245 867 2322; x_wconf 84' lang='lat' dir='ltr'><strong>manifestata;</strong></span> <span class='ocrx_word' id='word_1_157' title='bbox 895 2247 987 2327; x_wconf 91' lang='lat' dir='ltr'><strong>atqui</strong></span> <span class='ocrx_word' id='word_1_158' title='bbox 1006 2245 1159 2307; x_wconf 85' lang='lat' dir='ltr'><strong>Ecclesia</strong></span> 
     </span>
    </p>
   </div>
   <div class='ocr_carea' id='block_1_3' title="bbox 50 2347 1159 2824">
    <p class='ocr_par' dir='ltr' id='par_1_4' title="bbox 50 2347 1159 2824">
     <span class='ocr_line' id='line_1_21' title="bbox 50 2347 1157 2430; baseline -0.002 -19"><span class='ocrx_word' id='word_1_159' title='bbox 50 2359 104 2411; x_wconf 89' lang='lat' dir='ltr'><strong>est</strong></span> <span class='ocrx_word' id='word_1_160' title='bbox 129 2349 272 2411; x_wconf 89' lang='lat' dir='ltr'><strong>societas</strong></span> <span class='ocrx_word' id='word_1_161' title='bbox 288 2350 373 2412; x_wconf 91' lang='lat' dir='ltr'><strong>bene</strong></span> <span class='ocrx_word' id='word_1_162' title='bbox 396 2350 559 2422; x_wconf 87' lang='lat' dir='ltr'><strong>ordinata,</strong></span> <span class='ocrx_word' id='word_1_163' title='bbox 576 2350 644 2412; x_wconf 91' lang='lat' dir='ltr'><strong>imo</strong></span> <span class='ocrx_word' id='word_1_164' title='bbox 667 2349 809 2411; x_wconf 90' lang='lat' dir='ltr'><strong>nobilior</strong></span> <span class='ocrx_word' id='word_1_165' title='bbox 833 2361 866 2411; x_wconf 86' lang='lat' dir='ltr'><strong>et</strong></span> <span class='ocrx_word' id='word_1_166' title='bbox 891 2347 1066 2430; x_wconf 63' lang='lat' dir='ltr'><strong>perfectior</strong></span> <span class='ocrx_word' id='word_1_167' title='bbox 1082 2348 1157 2411; x_wconf 91' lang='lat' dir='ltr'><strong>aliis</strong></span> 
     </span>
     <span class='ocr_line' id='line_1_22' title="bbox 50 2452 1159 2535; baseline 0 -21"><span class='ocrx_word' id='word_1_168' title='bbox 50 2452 279 2527; x_wconf 83' lang='lat' dir='ltr'><strong>societatibus,</strong></span> <span class='ocrx_word' id='word_1_169' title='bbox 295 2474 399 2535; x_wconf 93' lang='lat' dir='ltr'><strong>quum</strong></span> <span class='ocrx_word' id='word_1_170' title='bbox 417 2454 542 2516; x_wconf 93' lang='lat' dir='ltr'><strong>bonum</strong></span> <span class='ocrx_word' id='word_1_171' title='bbox 560 2454 810 2534; x_wconf 88' lang='lat' dir='ltr'><strong>supernaturale</strong></span> <span class='ocrx_word' id='word_1_172' title='bbox 820 2454 1006 2516; x_wconf 86' lang='lat' dir='ltr'><strong>animarum</strong></span> <span class='ocrx_word' id='word_1_173' title='bbox 1024 2473 1159 2533; x_wconf 92' lang='lat' dir='ltr'><strong>promo-</strong></span> 
     </span>
     <span class='ocr_line' id='line_1_23' title="bbox 50 2556 1157 2638; baseline -0.002 -20"><span class='ocrx_word' id='word_1_174' title='bbox 50 2566 149 2634; x_wconf 76' lang='lat' dir='ltr'><strong>veat3</strong></span> <span class='ocrx_word' id='word_1_175' title='bbox 183 2577 262 2637; x_wconf 85' lang='lat' dir='ltr'><strong>ergo</strong></span> <span class='ocrx_word' id='word_1_176' title='bbox 283 2557 423 2620; x_wconf 87' lang='lat' dir='ltr'><strong>decebat</strong></span> <span class='ocrx_word' id='word_1_177' title='bbox 445 2568 482 2621; x_wconf 93' lang='lat' dir='ltr'><strong>ut</strong></span> <span class='ocrx_word' id='word_1_178' title='bbox 500 2556 658 2620; x_wconf 70' lang='lat' dir='ltr'><strong>Ecclesiae</strong></span> <span class='ocrx_word' id='word_1_179' title='bbox 676 2557 833 2638; x_wconf 75' lang='lat' dir='ltr'><strong>praesides</strong></span> <span class='ocrx_word' id='word_1_180' title='bbox 850 2563 1017 2637; x_wconf 87' lang='lat' dir='ltr'><strong>potestate</strong></span> <span class='ocrx_word' id='word_1_181' title='bbox 1033 2556 1157 2636; x_wconf 87' lang='lat' dir='ltr'><strong>gaude-</strong></span> 
     </span>
     <span class='ocr_line' id='line_1_24' title="bbox 50 2658 1157 2741; baseline -0.001 -20"><span class='ocrx_word' id='word_1_182' title='bbox 50 2669 128 2721; x_wconf 86' lang='lat' dir='ltr'><strong>rent</strong></span> <span class='ocrx_word' id='word_1_183' title='bbox 154 2659 277 2740; x_wconf 88' lang='lat' dir='ltr'><strong>aliquid</strong></span> <span class='ocrx_word' id='word_1_184' title='bbox 300 2661 342 2722; x_wconf 91' lang='lat' dir='ltr'><strong>de</strong></span> <span class='ocrx_word' id='word_1_185' title='bbox 358 2659 585 2740; x_wconf 89' lang='lat' dir='ltr'><strong>spiritualibus</strong></span> <span class='ocrx_word' id='word_1_186' title='bbox 609 2661 730 2722; x_wconf 85' lang='lat' dir='ltr'><strong>debitis</strong></span> <span class='ocrx_word' id='word_1_187' title='bbox 745 2661 836 2741; x_wconf 79' lang='lat' dir='ltr'><strong>justa</strong></span> <span class='ocrx_word' id='word_1_188' title='bbox 859 2661 901 2722; x_wconf 90' lang='lat' dir='ltr'><strong>de</strong></span> <span class='ocrx_word' id='word_1_189' title='bbox 918 2663 1016 2721; x_wconf 77' lang='lat' dir='ltr'><strong>causa</strong></span> <span class='ocrx_word' id='word_1_190' title='bbox 1034 2658 1157 2722; x_wconf 91' lang='lat' dir='ltr'><strong>condo-</strong></span> 
     </span>
     <span class='ocr_line' id='line_1_25' title="bbox 51 2761 167 2824; baseline 0 0"><span class='ocrx_word' id='word_1_191' title='bbox 51 2761 167 2824; x_wconf 88' lang='lat' dir='ltr'><strong>naudi.</strong></span> 
     </span>
    </p>
   </div>
   <div class='ocr_carea' id='block_1_4' title="bbox 49 2891 1175 4178">
    <p class='ocr_par' dir='ltr' id='par_1_5' title="bbox 49 2891 1159 3137">
     <span class='ocr_line' id='line_1_26' title="bbox 91 2891 1159 2964; baseline -0.001 -16"><span class='ocrx_word' id='word_1_192' title='bbox 91 2909 148 2948; x_wconf 65' lang='grc' dir='ltr'><strong>ιιι.</strong></span> <span class='ocrx_word' id='word_1_193' title='bbox 177 2893 225 2960; x_wconf 86' lang='lat' dir='ltr'><strong>(C)</strong></span> <span class='ocrx_word' id='word_1_194' title='bbox 236 2891 398 2948; x_wconf 71' lang='lat' dir='ltr'><strong>Solvuntur</strong></span> <span class='ocrx_word' id='word_1_195' title='bbox 408 2891 491 2964; x_wconf 84' lang='lat' dir='ltr'><strong>diffic.</strong></span> <span class='ocrx_word' id='word_1_196' title='bbox 505 2895 545 2963; x_wconf 80' lang='lat' dir='ltr'><strong>(a)</strong></span> <span class='ocrx_word' id='word_1_197' title='bbox 556 2893 812 2964; x_wconf 82' lang='lat' dir='ltr'><strong>Indulgentiarum</strong></span> <span class='ocrx_word' id='word_1_198' title='bbox 824 2893 977 2950; x_wconf 88' lang='lat' dir='ltr'><strong>concessio</strong></span> <span class='ocrx_word' id='word_1_199' title='bbox 992 2891 1094 2948; x_wconf 88' lang='lat' dir='ltr'><strong>liberat</strong></span> <span class='ocrx_word' id='word_1_200' title='bbox 1106 2891 1159 2947; x_wconf 85' lang='lat' dir='ltr'><strong>lio-</strong></span> 
     </span>
     <span class='ocr_line' id='line_1_27' title="bbox 49 2977 1159 3052; baseline -0.004 -15"><span class='ocrx_word' id='word_1_201' title='bbox 49 2981 169 3037; x_wconf 88' lang='lat' dir='ltr'><strong>minem</strong></span> <span class='ocrx_word' id='word_1_202' title='bbox 183 2995 200 3035; x_wconf 86' lang='lat' dir='ltr'><strong>a</strong></span> <span class='ocrx_word' id='word_1_203' title='bbox 213 2978 316 3037; x_wconf 92' lang='lat' dir='ltr'><strong>debito</strong></span> <span class='ocrx_word' id='word_1_204' title='bbox 324 2979 532 3049; x_wconf 85' lang='lat' dir='ltr'><strong>satisfaciendi,</strong></span> <span class='ocrx_word' id='word_1_205' title='bbox 545 2980 732 3052; x_wconf 90' lang='lat' dir='ltr'><strong>proindeque</strong></span> <span class='ocrx_word' id='word_1_206' title='bbox 743 2989 960 3036; x_wconf 85' lang='lat' dir='ltr'><strong>sacramentum</strong></span> <span class='ocrx_word' id='word_1_207' title='bbox 973 2977 1159 3034; x_wconf 84' lang='lat' dir='ltr'><strong>Poenitentiae</strong></span> 
     </span>
     <span class='ocr_line' id='line_1_28' title="bbox 50 3063 1155 3137; baseline -0.003 -14"><span class='ocrx_word' id='word_1_208' title='bbox 50 3065 184 3133; x_wconf 86' lang='lat' dir='ltr'><strong>mutilat,</strong></span> <span class='ocrx_word' id='word_1_209' title='bbox 197 3065 279 3136; x_wconf 92' lang='lat' dir='ltr'><strong>quod</strong></span> <span class='ocrx_word' id='word_1_210' title='bbox 293 3065 525 3124; x_wconf 74' lang='lat' dir='ltr'><strong>satisfactionem</strong></span> <span class='ocrx_word' id='word_1_211' title='bbox 539 3067 670 3137; x_wconf 84' lang='lat' dir='ltr'><strong>aliquam</strong></span> <span class='ocrx_word' id='word_1_212' title='bbox 684 3065 823 3135; x_wconf 84' lang='lat' dir='ltr'><strong>involvit;</strong></span> <span class='ocrx_word' id='word_1_213' title='bbox 842 3082 913 3136; x_wconf 82' lang='lat' dir='ltr'><strong>ergo</strong></span> <span class='ocrx_word' id='word_1_214' title='bbox 927 3063 1089 3135; x_wconf 85' lang='lat' dir='ltr'><strong>rejicienda</strong></span> <span class='ocrx_word' id='word_1_215' title='bbox 1103 3075 1155 3121; x_wconf 86' lang='lat' dir='ltr'><strong>est.</strong></span> 
     </span>
    </p>

    <p class='ocr_par' dir='ltr' id='par_1_6' title="bbox 51 3150 1175 3917">
     <span class='ocr_line' id='line_1_29' title="bbox 91 3150 1160 3224; baseline -0.001 -17"><span class='ocrx_word' id='word_1_216' title='bbox 91 3152 177 3222; x_wconf 83' lang='lat' dir='ltr'><strong>Resp.</strong></span> <span class='ocrx_word' id='word_1_217' title='bbox 201 3151 282 3222; x_wconf 84' lang='lat' dir='ltr'><strong>Nego</strong></span> <span class='ocrx_word' id='word_1_218' title='bbox 304 3152 491 3223; x_wconf 83' lang='lat' dir='ltr'><strong>suppositum,</strong></span> <span class='ocrx_word' id='word_1_219' title='bbox 517 3170 585 3210; x_wconf 87' lang='lat' dir='ltr'><strong>nam</strong></span> <span class='ocrx_word' id='word_1_220' title='bbox 607 3150 800 3224; x_wconf 86' lang='lat' dir='ltr'><strong>indulgentiae</strong></span> <span class='ocrx_word' id='word_1_221' title='bbox 819 3150 981 3222; x_wconf 86' lang='lat' dir='ltr'><strong>prudenter</strong></span> <span class='ocrx_word' id='word_1_222' title='bbox 1008 3167 1160 3208; x_wconf 77' lang='lat' dir='ltr'><strong>concessae</strong></span> 
     </span>
     <span class='ocr_line' id='line_1_30' title="bbox 51 3234 1159 3306; baseline 0 -14"><span class='ocrx_word' id='word_1_223' title='bbox 51 3254 117 3292; x_wconf 91' lang='lat' dir='ltr'><strong>non</strong></span> <span class='ocrx_word' id='word_1_224' title='bbox 140 3234 272 3292; x_wconf 86' lang='lat' dir='ltr'><strong>eximunt</strong></span> <span class='ocrx_word' id='word_1_225' title='bbox 285 3236 480 3306; x_wconf 84' lang='lat' dir='ltr'><strong>poenitentem</strong></span> <span class='ocrx_word' id='word_1_226' title='bbox 493 3255 510 3294; x_wconf 86' lang='lat' dir='ltr'><strong>a</strong></span> <span class='ocrx_word' id='word_1_227' title='bbox 524 3235 727 3293; x_wconf 86' lang='lat' dir='ltr'><strong>sacramentali</strong></span> <span class='ocrx_word' id='word_1_228' title='bbox 741 3237 786 3294; x_wconf 91' lang='lat' dir='ltr'><strong>vel</strong></span> <span class='ocrx_word' id='word_1_229' title='bbox 800 3236 1095 3296; x_wconf 78' lang='lat' dir='ltr'><strong>extra-sacramentali</strong></span> <span class='ocrx_word' id='word_1_230' title='bbox 1115 3253 1159 3292; x_wconf 86' lang='lat' dir='ltr'><strong>sa-</strong></span> 
     </span>
     <span class='ocr_line' id='line_1_31' title="bbox 51 3321 1160 3392; baseline -0.003 -13"><span class='ocrx_word' id='word_1_231' title='bbox 51 3321 235 3388; x_wconf 73' lang='lat' dir='ltr'><strong>tisfactione,</strong></span> <span class='ocrx_word' id='word_1_232' title='bbox 251 3322 303 3380; x_wconf 90' lang='lat' dir='ltr'><strong>sed</strong></span> <span class='ocrx_word' id='word_1_233' title='bbox 323 3323 435 3380; x_wconf 91' lang='lat' dir='ltr'><strong>sincere</strong></span> <span class='ocrx_word' id='word_1_234' title='bbox 458 3322 591 3380; x_wconf 88' lang='lat' dir='ltr'><strong>contritis</strong></span> <span class='ocrx_word' id='word_1_235' title='bbox 612 3322 819 3380; x_wconf 90' lang='lat' dir='ltr'><strong>conceduntur</strong></span> <span class='ocrx_word' id='word_1_236' title='bbox 842 3334 873 3381; x_wconf 90' lang='lat' dir='ltr'><strong>ut</strong></span> <span class='ocrx_word' id='word_1_237' title='bbox 893 3325 1021 3381; x_wconf 85' lang='lat' dir='ltr'><strong>habeant</strong></span> <span class='ocrx_word' id='word_1_238' title='bbox 1041 3341 1076 3380; x_wconf 85' lang='lat' dir='ltr'><strong>ex</strong></span> <span class='ocrx_word' id='word_1_239' title='bbox 1098 3339 1160 3392; x_wconf 89' lang='lat' dir='ltr'><strong>quo</strong></span> 
     </span>
     <span class='ocr_line' id='line_1_32' title="bbox 52 3407 1159 3481; baseline -0.001 -17"><span class='ocrx_word' id='word_1_240' title='bbox 52 3407 225 3481; x_wconf 89' lang='lat' dir='ltr'><strong>promptius</strong></span> <span class='ocrx_word' id='word_1_241' title='bbox 243 3419 272 3466; x_wconf 88' lang='lat' dir='ltr'><strong>et</strong></span> <span class='ocrx_word' id='word_1_242' title='bbox 291 3409 440 3466; x_wconf 85' lang='lat' dir='ltr'><strong>efficacius</strong></span> <span class='ocrx_word' id='word_1_243' title='bbox 453 3410 642 3468; x_wconf 86' lang='lat' dir='ltr'><strong>satisfaciant.</strong></span> <span class='ocrx_word' id='word_1_244' title='bbox 685 3410 786 3468; x_wconf 91' lang='lat' dir='ltr'><strong>Nemo</strong></span> <span class='ocrx_word' id='word_1_245' title='bbox 799 3411 878 3468; x_wconf 90' lang='lat' dir='ltr'><strong>enim</strong></span> <span class='ocrx_word' id='word_1_246' title='bbox 894 3408 1095 3480; x_wconf 83' lang='lat' dir='ltr'><strong>indulgentias</strong></span> <span class='ocrx_word' id='word_1_247' title='bbox 1117 3409 1159 3463; x_wconf 93' lang='lat' dir='ltr'><strong>lu·</strong></span> 
     </span>
     <span class='ocr_line' id='line_1_33' title="bbox 52 3495 1160 3568; baseline -0.003 -15"><span class='ocrx_word' id='word_1_248' title='bbox 52 3495 131 3553; x_wconf 86' lang='lat' dir='ltr'><strong>erari</strong></span> <span class='ocrx_word' id='word_1_249' title='bbox 145 3495 221 3552; x_wconf 87' lang='lat' dir='ltr'><strong>valet</strong></span> <span class='ocrx_word' id='word_1_250' title='bbox 235 3495 289 3551; x_wconf 89' lang='lat' dir='ltr'><strong>nisi</strong></span> <span class='ocrx_word' id='word_1_251' title='bbox 310 3513 400 3566; x_wconf 89' lang='lat' dir='ltr'><strong>opera</strong></span> <span class='ocrx_word' id='word_1_252' title='bbox 419 3496 557 3567; x_wconf 78' lang='lat' dir='ltr'><strong>quaedam</strong></span> <span class='ocrx_word' id='word_1_253' title='bbox 579 3496 749 3568; x_wconf 84' lang='lat' dir='ltr'><strong>praescripta</strong></span> <span class='ocrx_word' id='word_1_254' title='bbox 771 3509 899 3568; x_wconf 83' lang='lat' dir='ltr'><strong>peragat,</strong></span> <span class='ocrx_word' id='word_1_255' title='bbox 916 3508 945 3554; x_wconf 89' lang='lat' dir='ltr'><strong>et</strong></span> <span class='ocrx_word' id='word_1_256' title='bbox 965 3496 1079 3553; x_wconf 90' lang='lat' dir='ltr'><strong>sincere</strong></span> <span class='ocrx_word' id='word_1_257' title='bbox 1099 3511 1160 3565; x_wconf 87' lang='lat' dir='ltr'><strong>poe-</strong></span> 
     </span>
     <span class='ocr_line' id='line_1_34' title="bbox 54 3583 1175 3638; baseline -0.003 0"><span class='ocrx_word' id='word_1_258' title='bbox 54 3583 158 3638; x_wconf 87' lang='lat' dir='ltr'><strong>niteat.</strong></span> <span class='ocrx_word' id='word_1_259' title='bbox 1173 3583 1175 3588; x_wconf 81' lang='grc'>’</span> 
     </span>
     <span class='ocr_line' id='line_1_35' title="bbox 54 3668 1159 3742; baseline 0.002 -20"><span class='ocrx_word' id='word_1_260' title='bbox 54 3672 97 3739; x_wconf 83' lang='lat' dir='ltr'><strong>(b)</strong></span> <span class='ocrx_word' id='word_1_261' title='bbox 111 3669 234 3724; x_wconf 73' lang='lat' dir='ltr'><strong>Instant</strong></span> <span class='ocrx_word' id='word_1_262' title='bbox 249 3690 259 3723; x_wconf 92' lang='lat'><em>:</em></span> <span class='ocrx_word' id='word_1_263' title='bbox 288 3668 425 3726; x_wconf 88' lang='lat' dir='ltr'><strong>Facilitas</strong></span> <span class='ocrx_word' id='word_1_264' title='bbox 446 3687 498 3740; x_wconf 87' lang='lat' dir='ltr'><strong>per</strong></span> <span class='ocrx_word' id='word_1_265' title='bbox 516 3670 629 3740; x_wconf 86' lang='lat' dir='ltr'><strong>aliquot</strong></span> <span class='ocrx_word' id='word_1_266' title='bbox 650 3687 751 3740; x_wconf 90' lang='lat' dir='ltr'><strong>preces</strong></span> <span class='ocrx_word' id='word_1_267' title='bbox 771 3671 815 3728; x_wconf 91' lang='lat' dir='ltr'><strong>vel</strong></span> <span class='ocrx_word' id='word_1_268' title='bbox 836 3687 926 3742; x_wconf 83' lang='lat' dir='ltr'><strong>opera</strong></span> <span class='ocrx_word' id='word_1_269' title='bbox 946 3687 998 3740; x_wconf 87' lang='lat' dir='ltr'><strong>pro</strong></span> <span class='ocrx_word' id='word_1_270' title='bbox 1018 3668 1159 3725; x_wconf 88' lang='lat' dir='ltr'><strong>omnibus</strong></span> 
     </span>
     <span class='ocr_line' id='line_1_36' title="bbox 55 3754 1158 3830; baseline -0.005 -16"><span class='ocrx_word' id='word_1_271' title='bbox 55 3755 188 3830; x_wconf 83' lang='lat' dir='ltr'><strong>peccatis</strong></span> <span class='ocrx_word' id='word_1_272' title='bbox 208 3755 405 3814; x_wconf 86' lang='lat' dir='ltr'><strong>satisfaciendi</strong></span> <span class='ocrx_word' id='word_1_273' title='bbox 426 3757 607 3828; x_wconf 85' lang='lat' dir='ltr'><strong>spiritualem</strong></span> <span class='ocrx_word' id='word_1_274' title='bbox 628 3758 795 3816; x_wconf 89' lang='lat' dir='ltr'><strong>socordiam</strong></span> <span class='ocrx_word' id='word_1_275' title='bbox 818 3766 948 3828; x_wconf 82' lang='lat' dir='ltr'><strong>generat,</strong></span> <span class='ocrx_word' id='word_1_276' title='bbox 964 3771 1057 3827; x_wconf 88' lang='lat' dir='ltr'><strong>quum</strong></span> <span class='ocrx_word' id='word_1_277' title='bbox 1078 3754 1158 3810; x_wconf 86' lang='lat' dir='ltr'><strong>nulla</strong></span> 
     </span>
     <span class='ocr_line' id='line_1_37' title="bbox 55 3842 988 3917; baseline -0.001 -18"><span class='ocrx_word' id='word_1_278' title='bbox 55 3842 212 3917; x_wconf 90' lang='lat' dir='ltr'><strong>proportio</strong></span> <span class='ocrx_word' id='word_1_279' title='bbox 224 3843 261 3899; x_wconf 92' lang='lat' dir='ltr'><strong>sit</strong></span> <span class='ocrx_word' id='word_1_280' title='bbox 274 3843 349 3900; x_wconf 88' lang='lat' dir='ltr'><strong>inter</strong></span> <span class='ocrx_word' id='word_1_281' title='bbox 362 3860 452 3914; x_wconf 89' lang='lat' dir='ltr'><strong>opera</strong></span> <span class='ocrx_word' id='word_1_282' title='bbox 465 3845 636 3915; x_wconf 71' lang='lat' dir='ltr'><strong>praescripta</strong></span> <span class='ocrx_word' id='word_1_283' title='bbox 649 3855 677 3902; x_wconf 90' lang='lat' dir='ltr'><strong>et</strong></span> <span class='ocrx_word' id='word_1_284' title='bbox 691 3861 811 3915; x_wconf 81' lang='lat' dir='ltr'><strong>poenam</strong></span> <span class='ocrx_word' id='word_1_285' title='bbox 826 3842 988 3900; x_wconf 89' lang='lat' dir='ltr'><strong>remissam.</strong></span> 
     </span>
    </p>

    <p class='ocr_par' dir='ltr' id='par_1_7' title="bbox 57 3927 1160 4178">
     <span class='ocr_line' id='line_1_38' title="bbox 92 3927 1158 4004; baseline -0.005 -17"><span class='ocrx_word' id='word_1_286' title='bbox 92 3931 177 4000; x_wconf 77' lang='lat' dir='ltr'><strong>Resp.</strong></span> <span class='ocrx_word' id='word_1_287' title='bbox 192 3930 274 4001; x_wconf 79' lang='lat' dir='ltr'><strong>Nego</strong></span> <span class='ocrx_word' id='word_1_288' title='bbox 286 3930 484 4000; x_wconf 87' lang='lat' dir='ltr'><strong>subsumptum</strong></span> <span class='ocrx_word' id='word_1_289' title='bbox 499 3953 509 3987; x_wconf 95' lang='lat'><em>:</em></span> <span class='ocrx_word' id='word_1_290' title='bbox 529 3950 596 3988; x_wconf 87' lang='lat' dir='ltr'><strong>nam</strong></span> <span class='ocrx_word' id='word_1_291' title='bbox 611 3950 701 4004; x_wconf 87' lang='lat' dir='ltr'><strong>opera</strong></span> <span class='ocrx_word' id='word_1_292' title='bbox 715 3932 866 3994; x_wconf 86' lang='lat' dir='ltr'><strong>exteriora,</strong></span> <span class='ocrx_word' id='word_1_293' title='bbox 883 3947 950 3999; x_wconf 84' lang='lat' dir='ltr'><strong>quae</strong></span> <span class='ocrx_word' id='word_1_294' title='bbox 964 3927 1158 4000; x_wconf 79' lang='lat' dir='ltr'><strong>praescribun-</strong></span> 
     </span>
     <span class='ocr_line' id='line_1_39' title="bbox 57 4015 1159 4096; baseline -0.005 -21"><span class='ocrx_word' id='word_1_295' title='bbox 57 4028 113 4082; x_wconf 91' lang='lat' dir='ltr'><strong>tur,</strong></span> <span class='ocrx_word' id='word_1_296' title='bbox 130 4017 198 4074; x_wconf 87' lang='lat' dir='ltr'><strong>licet</strong></span> <span class='ocrx_word' id='word_1_297' title='bbox 213 4016 242 4072; x_wconf 89' lang='lat' dir='ltr'><strong>in</strong></span> <span class='ocrx_word' id='word_1_298' title='bbox 256 4035 288 4074; x_wconf 91' lang='lat' dir='ltr'><strong>se</strong></span> <span class='ocrx_word' id='word_1_299' title='bbox 301 4017 376 4074; x_wconf 89' lang='lat' dir='ltr'><strong>levia</strong></span> <span class='ocrx_word' id='word_1_300' title='bbox 390 4017 457 4082; x_wconf 87' lang='lat' dir='ltr'><strong>sint,</strong></span> <span class='ocrx_word' id='word_1_301' title='bbox 473 4030 647 4091; x_wconf 89' lang='lat' dir='ltr'><strong>supponunt</strong></span> <span class='ocrx_word' id='word_1_302' title='bbox 662 4019 814 4075; x_wconf 89' lang='lat' dir='ltr'><strong>interiores</strong></span> <span class='ocrx_word' id='word_1_303' title='bbox 828 4015 1159 4096; x_wconf 16' lang='lat' dir='ltr'><strong>dispositionesvcontri-</strong></span> 
     </span>
     <span class='ocr_line' id='line_1_40' title="bbox 58 4098 1160 4178; baseline -0.008 -14"><span class='ocrx_word' id='word_1_304' title='bbox 58 4105 147 4164; x_wconf 91' lang='lat' dir='ltr'><strong>tionis</strong></span> <span class='ocrx_word' id='word_1_305' title='bbox 168 4117 196 4163; x_wconf 88' lang='lat' dir='ltr'><strong>et</strong></span> <span class='ocrx_word' id='word_1_306' title='bbox 217 4105 292 4161; x_wconf 86' lang='lat' dir='ltr'><strong>firmi</strong></span> <span class='ocrx_word' id='word_1_307' title='bbox 312 4105 467 4178; x_wconf 81' lang='lat' dir='ltr'><strong>propositi,</strong></span> <span class='ocrx_word' id='word_1_308' title='bbox 488 4123 555 4174; x_wconf 83' lang='lat' dir='ltr'><strong>quae</strong></span> <span class='ocrx_word' id='word_1_309' title='bbox 573 4104 741 4161; x_wconf 86' lang='lat' dir='ltr'><strong>socordiam</strong></span> <span class='ocrx_word' id='word_1_310' title='bbox 761 4102 938 4177; x_wconf 83' lang='lat' dir='ltr'><strong>excludunt;</strong></span> <span class='ocrx_word' id='word_1_311' title='bbox 967 4119 1045 4169; x_wconf 82' lang='lat' dir='ltr'><strong>nam,</strong></span> <span class='ocrx_word' id='word_1_312' title='bbox 1068 4110 1100 4156; x_wconf 91' lang='lat' dir='ltr'><strong>ut</strong></span> <span class='ocrx_word' id='word_1_313' title='bbox 1119 4098 1160 4155; x_wconf 89' lang='lat' dir='ltr'><strong>ait</strong></span> 
     </span>
    </p>
   </div>
   <div class='ocr_carea' id='block_1_5' title="bbox 64 4225 209 4236">
    <p class='ocr_par' dir='ltr' id='par_1_8' title="bbox 64 4225 209 4236">
     <span class='ocr_line' id='line_1_41' title="bbox 64 4225 209 4236; baseline -0.028 0"><span class='ocrx_word' id='word_1_314' title='bbox 64 4225 209 4236; x_wconf 73' lang='lat'><em>,-.-—-—</em></span> 
     </span>
    </p>
   </div>
   <div class='ocr_carea' id='block_1_6' title="bbox 93 4291 735 4363">
    <p class='ocr_par' dir='ltr' id='par_1_9' title="bbox 93 4291 735 4363">
     <span class='ocr_line' id='line_1_42' title="bbox 93 4291 735 4363; baseline 0.002 -16"><span class='ocrx_word' id='word_1_315' title='bbox 93 4296 133 4347; x_wconf 82' lang='grc' dir='ltr'><strong>1Ι</strong></span> <span class='ocrx_word' id='word_1_316' title='bbox 143 4295 204 4350; x_wconf 86' lang='lat' dir='ltr'><strong>Cor.</strong></span> <span class='ocrx_word' id='word_1_317' title='bbox 219 4295 288 4360; x_wconf 83' lang='lat' dir='ltr'>XII,</span> <span class='ocrx_word' id='word_1_318' title='bbox 304 4293 434 4348; x_wconf 79' lang='lat' dir='ltr'><strong>rz·26.-</strong></span> <span class='ocrx_word' id='word_1_319' title='bbox 448 4291 553 4362; x_wconf 87' lang='lat' dir='ltr'><strong>‘·&#39;Supp.</strong></span> <span class='ocrx_word' id='word_1_320' title='bbox 569 4311 595 4363; x_wconf 89' lang='lat' dir='ltr'><strong>q.</strong></span> <span class='ocrx_word' id='word_1_321' title='bbox 609 4305 652 4362; x_wconf 81' lang='lat'><strong>25,</strong></span> <span class='ocrx_word' id='word_1_322' title='bbox 668 4311 692 4348; x_wconf 92' lang='lat' dir='ltr'><strong>a.</strong></span> <span class='ocrx_word' id='word_1_323' title='bbox 713 4307 735 4348; x_wconf 91' lang='lat'><strong>1.</strong></span> 
     </span>
    </p>
   </div>
   <div class='ocr_carea' id='block_1_7' title="bbox 0 0 1386 4652">
    <p class='ocr_par' dir='ltr' id='par_1_10' title="bbox 0 0 1386 4652">
     <span class='ocr_line' id='line_1_43' title="bbox 0 0 1386 4652; baseline 0 0"><span class='ocrx_word' id='word_1_324' title='bbox 0 0 1386 4652; x_wconf 95' lang='lat' dir='ltr'><strong> </strong></span> 
     </span>
    </p>
   </div>
  </div>
 </body>
</html>
