2794 4662
199 153 201 158 ’
250 181 315 232 666
618 183 674 232 ns
693 185 987 235 mnrnruonro.

249 379 324 422 cum
341 361 455 423 docuit
470 371 503 424 et
519 363 626 438 docet,
641 363 743 444 juxta
759 366 985 446 evangelicam
1002 375 1036 428 et
1053 363 1276 447 apostolicam
1298 365 1346 424 do·

250 459 399 538 61116616,
417 473 552 544 propter
572 466 772 528 adulterium
790 468 924 530 alterius
940 469 1124 550 conjugum
1151 469 1346 530 matrimonii

250 567 417 629 vinculum
435 587 500 630 non
519 589 616 650 posse
632 569 790 649 dissolvi3
813 581 847 632 et
864 580 1050 651 utrumque,
1066 571 1116 633 vel
1134 572 1238 633 etiam
1263 572 1348 631 inno

250 679 391 744 centem,
408 671 464 750 qui
481 691 615 734 6666616
639 672 802 736 adulterio
826 692 891 735 non
916 674 1018 749 dedit,
1035 694 1101 736 non
1127 693 1236 754 posse,
1252 673 1349 736 altero

250 770 392 852 conjuge
407 774 549 848 vivente,
565 774 655 837 aliud
674 776 924 838 matrimonium
942 776 1137 840 contrahere
1154 797 1162 852 ;
1185 774 1349 838 1666611611-

250 895 314 956 666
330 896 405 939 6661
422 878 488 957 661,
505 877 641 939 dimissa
658 877 818 948 adultera,
835 875 934 938 aliam
951 877 1095 952 duxerit,
1113 887 1147 939 et
1171 896 1247 938 eam
1272 896 1349 956 qua.

166 1047 168 1049 ,
250 978 388 1040 (11161666
404 980 564 1054 adultero,
581 980 635 1048 alii
659 979 807 1060 nupserit
822 1000 830 1056 ;
854 978 895 1042 A.
913 979 963 1044 S.”
1009 978 1127 1042 Canon
1142 979 1265 1040 dircite
1280 979 1349 1040 diri-

250 1082 339 1162 gitur
354 1091 470 1144 contra
488 1084 723 1156 l'rotestantes
737 1081 793 1161 qui
812 1081 995 1144 Ecclesiam
1010 1081 1221 1145 Catholicam
1239 1083 1349 1143 erroris

250 1180 312 1242 hac
328 1180 370 1242 (16
387 1202 420 1242 66
433 1182 655 1258 accusabant;
679 1181 886 1262 proindeque
897 1182 1014 1262 defide
1024 1193 1072 1246 est
1084 1184 1275 1246 Ecclesiam
1290 1204 1348 1244 non

251 1304 357 1346 errare
380 1285 461 1346 dum
485 1287 591 1359 docet,
616 1295 751 1367 propter
774 1284 984 1362 adulterium,
1008 1287 1258 1350 matrimoniale
1285 1287 1349 1348 uin·

251 1386 360 1448 culum
378 1387 512 1449 dissolvi
530 1408 595 1450 non
614 1407 711 1469 posse
728 1410 735 1465 ;
759 1387 913 1450 indirelle
929 1398 1059 1452 tantum
1076 1399 1194 1452 contra
1211 1388 1350 1458 Graecos,

252 1490 329 1569 quia
342 1490 527 1552 Concilium
542 1491 649 1553 noluit
666 1511 780 1554 eorum
795 1491 987 1570 opinionem
1001 1502 1038 1554 ut
1054 1491 1247 1554 haereticam
1260 1491 1349 1552 darn·

252 1612 330 1653 nare
342 1604 362 1667 ¹,
379 1603 620 1674 proptereaque
637 1593 739 1655 talem
757 1593 934 1656 formulam
951 1593 1103 1657 adhibuit
1124 1614 1200 1675 quae
1224 1594 1257 1654 in
1284 1603 1349 1655 tuto

253 1694 347 1776 ponit
362 1692 547 1759 (1661116616
566 1696 734 1770 Ecclesiae,
750 1697 830 1776 quin
855 1696 927 1758 haec
942 1706 1103 1778 'tanquam
1127 1697 1170 1758 de
1194 1693 1260 1758 fide
1283 1715 1348 1775 pro

253 1807 396 1878 ponatur
411 1819 417 1874 ;
442 1818 519 1861 nam
543 1798 631 1860 aliud
657 1807 708 1860 est
729 1797 867 1860 delinire
883 1798 1061 1861 Ecclesiam
1077 1819 1140 1860 non
1155 1817 1270 1859 errare
1284 1817 1348 1858 cum

252 1903 346 1976 docet,
369 1901 459 1964 aliud
482 1902 592 1963 dicere
623 1901 662 1963 id
688 1891 776 1981 611611
802 1902 888 1964 docet
913 1922 978 1963 esse
1006 1901 1046 1962 de
1065 1901 1138 1982 fide
1154 1925 1165 1959 .·
1204 1899 1349 1962 Ecclesia

253 2005 341 2066 enirn
358 2006 477 2066 (166616
497 2013 609 2085 potest
624 2005 782 2067 veritates
799 2026 873 2086 quae
890 2014 969 2067 sunt
985 2013 1092 2078 certae,
1110 2002 1187 2065 licet
1204 2021 1271 2064 non
1290 2003 1348 2062 6161

253 2107 295 2168 616
312 2105 384 2168 fide.

298 2212 456 2274 Diximus
473 2211 504 2273 in
523 2213 748 2294 propositione
765 2212 1014 2274 matrimonium
1023 2209 1178 2292 fidelium
1196 2219 1304 2270 raturn
1321 2219 1348 2268 et

253 2323 518 2390 consummatum,
535 2316 613 2396 quia
629 2316 656 2376 si
673 2325 791 2395 agatur
807 2317 849 2377 (16
866 2314 1078 2376 matrimonio
1096 2311 1292 2380 infidelium,
1304 2309 1346 2370 rel

254 2418 296 2478 de
321 2417 532 2479 matrimonio
556 2416 702 2479 fidelium
728 2427 799 2480 rato
823 2427 954 2478 tantum
971 2427 1004 2479 et
1026 2435 1091 2477 non
1112 2423 1347 2481 consummato,

254 2520 470 2600 exceptiones
487 2519 603 2581 adesse
619 2529 767 2600 possunt,
784 2529 821 2582 ut
837 2519 921 2580 infra
936 2518 1164 2580 declarabitur.

297 2635 346 2702 54,
396 2619 461 2706 (Α)
481 2623 600 2702 Script.
646 2625 697 2702 (a)
713 2621 835 2684 Tribus
852 2624 884 2684 in
903 2623 983 2684 locis
1000 2621 1152 2684 Christus
1169 2628 1285 2700 aperte
1300 2619 1346 2678 de·

255 2725 359 2787 clarat
375 2724 573 2787 adulterium
588 2725 751 2787 committi
769 2725 812 2786 ab
824 2745 864 2786 eo
876 2725 932 2804 qui
949 2723 1120 2786 dimissam
1138 2741 1281 2784 uxorern
1298 2721 1346 2782 du·

256 2830 300 2891 cit
315 2852 321 2891 :
345 2829 444 2910 “Ego
457 2839 568 2891 autem
582 2830 658 2892 dico
670 2828 764 2891 vobis
779 2852 785 2890 ε
806 2827 1013 2908 6616661616,
1026 2825 1082 2906 qui
1095 2823 1262 2885 dimiserit
1274 2842 1346 2884 uxo·

256 2953 324 2994 rem
341 2952 445 3006 suam,
461 2937 603 3012 excepta
620 2931 846 2994 fornicationis
862 2933 970 3004 causa,
987 2929 1156 2991 faciteam
1175 2925 1346 2988 moechari:
1382 2937 1383 2984 1

256 3045 289 3097 61
305 3036 363 3115 qui
377 3035 547 3096 dimissam
561 3036 705 3108 duxerit,
717 3035 882 3097 adulterat
893 3034 909 3059 ”
920 3047 934 3076 ²
947 3056 954 3110 ;
977 3038 992 3064 “
1004 3031 1135 3106 061616,
1147 3031 1205 3111 661
1218 3029 1346 3092 dimittit

257 3157 396 3200 uxorem
413 3158 518 3212 suam,
533 3148 566 3199 et
583 3139 682 3200 aliam
700 3138 799 3213 ducit,
817 3138 1003 3200 moechatur
1021 3159 1028 3197 ι
1051 3144 1084 3196 61
1104 3135 1162 3214 661
1182 3133 1345 3195 dimissam

256 3262 275 3303 a
291 3243 362 3303 viro
377 3241 477 3313 ducit,
494 3241 681 3303 moechatur
693 3242 707 3266 ''
721 3243 741 3303 ³.
789 3241 904 3322 Atqui,
917 3241 944 3302 si
969 3237 1221 3301 matrimonium
1248 3247 1346 3316 posset

256 3343 392 3406 dissolvi
409 3343 518 3423 quoad
535 3343 713 3410 vinculum.
725 3345 923 3406 adulterium
941 3343 1076 3404 minime
1093 3341 1348 3404 committeretur

256 3449 299 3511 ab
315 3467 355 3510 eo
370 3449 427 3528 qui
444 3447 615 3510 dimissam
634 3467 774 3510 uxorem
791 3448 933 3510 duceret.

258 3550 309 3632 (b)
325 3552 417 3614 ldem
432 3551 519 3611 clare
535 3551 659 3612 6161161
672 3572 714 3612 ex
728 3553 836 3614 verbis
850 3549 1005 3631 Apostoli
1018 3561 1033 3604 4
1047 3572 1054 3612 :
1077 3548 1152 3610 “lis
1168 3557 1291 3621 autern,
1302 3545 1346 3626 qui

258 3643 468 3717 matrimonio
489 3651 595 3732 juncti
619 3664 706 3730 sunt,
729 3655 886 3736 praecipio
910 3674 975 3716 non
1000 3672 1072 3734 eg0,
1097 3653 1155 3714 sed
1182 3652 1347 3715 Dominus.

266 3786 387 3792 -·-
799 3787 918 3796 ,σω-

292 3847 396 3914 116116
410 3845 587 3898 Pallavicini
604 3841 694 3911 (Hist.
713 3843 820 3898 Concil.
837 3843 915 3897 Trid.
932 3845 950 3898 1.
967 3841 1063 3908 XXII,
1076 3857 1100 3894 6.
1117 3857 1143 3905 4,
1159 3859 1188 3894 6.
1207 3843 1252 3906 27)
1271 3855 1348 3894 canon

258 3933 333 4001 prius
347 3933 385 3985 ita
396 3931 484 3985 fuerat
496 3930 640 3986 coniectus
651 3941 680 3985 ut
690 3933 776 3985 etiam
786 3933 902 3985 Graecos
912 3931 1092 3985 anathemate
1107 3939 1278 3997 percuteret;
1297 3927 1346 3983 sed.

258 4017 464 4086 postulantibus
474 4019 590 4071 Venetis
604 4019 769 4085 oratoribus,
783 4019 949 4072 reformatus
962 4028 1005 4071 est
1018 4017 1110 4086 qualis
1124 4033 1202 4070 nunc
1216 4027 1312 4077 exstat,
1321 4029 1347 4064 ne
1382 4017 1383 4094 1

259 4119 361 4155 novum
374 4105 549 4156 obstaculum
564 4105 728 4157 Graeeorum
742 4103 836 4157 unioni
852 4115 1047 4172 apponeretur.

316 4190 401 4241 Mali.
415 4190 449 4255 V,
461 4205 501 4256 3²·
514 4200 568 4230 —³
580 4191 647 4243 Luc.
663 4192 742 4256 XVl,
756 4193 799 4254 18;
818 4191 852 4244 ci.
865 4192 956 4244 Marc.
972 4192 1008 4254 X,
1027 4205 1114 4244 11-11.

326 4275 406 4327 'cun
419 4275 485 4340 Vll,
499 4292 538 4329 10.
