2770 4646
268 145 332 196 226
528 143 775 196 ΤΒᾸΟΤΑΤῦδ
794 143 850 192 DE
870 142 1100 193 BAPTISMO.

473 368 647 425 Excannrx
667 383 708 424 ax
730 368 884 425 Dncxaro
903 383 946 424 au
964 368 1124 425 Attianos
1134 381 1150 423 ¹.

299 501 429 558 Primum
448 499 583 558 omnium
603 511 854 558 sacramentorum
875 499 974 556 locum
994 509 1076 558 tenet
1095 499 1230 556 sanetum
1245 497 1345 568 Baptis

261 601 318 656 ma,
335 584 418 656 quod
431 583 499 641 vitae
511 583 672 655 spiritualis
682 587 774 655 janua
786 594 849 641 est:
868 601 920 655 per
931 583 1029 656 ipsum
1038 585 1120 658 enirn
1135 581 1265 641 membra
1274 581 1344 640 Chri-

248 667 306 739 sti,
324 688 360 727 ac
373 670 411 729 de
424 688 549 742 corpore
562 671 706 727 efficimur
720 671 869 728 Ecclesiae.
909 671 949 728 Et
967 688 1037 727 cum
1054 687 1106 742 per
1120 671 1245 742 primum
1264 668 1344 725 homi·

262 774 331 813 nem
342 774 421 814 mors
435 757 578 814 introierit
592 757 621 814 in
632 757 794 825 universos,
807 757 862 813 nisi
874 775 909 814 ex
919 758 999 829 aqua
1011 767 1041 813 et
1051 757 1163 829 Spiritu
1174 755 1343 815 renascimur,

262 859 321 899 non
348 860 516 914 possumus,
537 854 570 900 ut
595 843 691 914 inquit
711 843 836 908 Veritas,
858 842 889 898 in
909 861 1035 914 regnum
1061 843 1205 900 coelorum
1230 841 1341 900 introire.

262 927 389 985 Materia
407 927 495 1000 liujus
515 929 691 988 sacramenti
712 939 756 988 est
775 946 854 1000 aqua
873 947 941 986 vera
960 938 990 986 et
1010 929 1175 986 naturalis:
1200 946 1253 986 nec
1269 927 1343 984 relert
1375 989 1376 1002 χ

261 1015 366 1085 frigida
385 1016 435 1085 sit,
450 1033 488 1072 an
507 1016 613 1072 calida.
654 1015 761 1072 Forma
779 1024 880 1072 autem
900 1027 968 1073 est:
994 1015 1062 1086 Ego
1084 1022 1110 1071 te
1131 1015 1244 1086 baptizo
1259 1014 1288 1071 in
1305 1031 1343 1066 nu

262 1101 336 1156 minc
357 1101 469 1170 Patn's,
489 1109 518 1157 ct
538 1101 619 1168 tutti,
641 1109 670 1157 et
690 1101 820 1173 Spiritus
841 1101 944 1158 santii.
994 1101 1065 1159 Non
1092 1112 1193 1158 tamen
1219 1116 1343 1170 negamus

261 1187 333 1257 quin
347 1204 400 1259 per
409 1188 499 1245 verba
511 1188 580 1246 illa:
599 1187 840 1258 baptizentrtalis
848 1205 947 1246 servus
961 1187 1077 1245 Christi
1087 1188 1119 1245 itt
1130 1188 1242 1244 trontius
1249 1185 1342 1244 Panis,

259 1282 288 1330 et
299 1275 380 1343 Filii,
392 1284 420 1331 et
432 1275 562 1346 Spiritus
573 1275 682 1343 saniir}
699 1275 744 1332 vel
759 1296 764 1331 :
784 1275 948 1347 baptizetur
959 1275 1094 1332 titanibus
1107 1276 1176 1332 tuer's
1188 1274 1293 1331 tulitin
1305 1291 1342 1327 aa·

260 1362 336 1418 mine
344 1362 457 1432 Patris,
465 1370 494 1418 et
501 1361 582 1432 Filii,
593 1368 622 1418 et
631 1361 761 1432 spriritus
773 1362 875 1432 santii,
890 1379 992 1420 verum
1007 1362 1177 1433 perficiatur
1191 1361 1341 1434 Baptisma:

260 1449 401 1518 quoniam
416 1464 484 1506 cum
499 1448 670 1522 principalis
683 1465 781 1517 causa,
798 1465 833 1504 ex
847 1449 908 1518 qua
922 1449 1093 1520 Baptismus
1107 1449 1244 1507 virtutem
1257 1445 1340 1510 habet,

259 1535 296 1590 sit
310 1534 338 1590 S.
350 1535 376 1590 T
379 1534 490 1602 rinitas;
510 1535 741 1592 instrumentalis
755 1543 855 1591 autem
868 1534 906 1592 sit
921 1535 1054 1592 minister
1067 1535 1118 1607 qui
1133 1535 1223 1593 tradit
1235 1531 1342 1592 exterius

260 1632 486 1690 sacramentum,
503 1622 525 1677 si
545 1620 719 1694 exprimitur
731 1619 825 1690 aelus,
842 1621 893 1693 qui
913 1639 967 1692 per
986 1622 1083 1692 ipsum
1105 1635 1256 1680 exercetur
1271 1618 1341 1676 mini·

260 1715 362 1770 strum,
389 1723 457 1763 cum
485 1707 513 1763 S.
541 1706 694 1763 Trinitatis
720 1707 920 1773 invocatione,
948 1707 1100 1780 perficitur
1130 1717 1339 1764 sacramentum.

261 1793 398 1850 Minister
410 1793 498 1864 hujus
511 1794 687 1851 sacramenti
700 1803 745 1852 est
758 1795 906 1874 sacerdos,
923 1795 970 1852 cui
984 1812 1021 1852 ex
1034 1794 1134 1853 officio
1147 1794 1286 1866 competit
1302 1792 1341 1848 ba·

260 1879 376 1949 ptizare.
416 1880 452 1936 In
463 1882 552 1938 causa
562 1892 663 1937 autem
674 1879 858 1937 necessitatis
869 1898 930 1938 non
941 1880 1039 1938 solum
1050 1881 1192 1939 sacerdos
1203 1880 1248 1939 vel
1259 1879 1341 1938 diaco·

260 1983 324 2033 nus,
339 1967 494 2038 sedetiam
514 1967 606 2025 laicus
620 1968 665 2025 vel
685 1968 799 2040 mulier,
816 1967 877 2026 imo
890 1968 981 2025 etiam
1000 1985 1136 2040 paganus
1155 1981 1185 2027 et
1205 1967 1342 2026 haereticus

259 2051 406 2125 baptizare
419 2063 526 2126 potest,
535 2053 702 2111 dummodo
713 2054 838 2111 sormam
850 2065 946 2112 servet
956 2053 1108 2124 Ecclesiae,
1118 2065 1148 2112 et
1159 2054 1255 2112 lacere
1263 2055 1341 2110 inten-

258 2139 308 2196 dat
327 2140 410 2212 quod
429 2140 498 2197 lacit
517 2139 660 2198 Ecclesia.
703 2139 804 2211 Hujus
823 2140 1000 2197 sacramenti
1020 2139 1144 2198 effeetus
1164 2153 1209 2198 est
1227 2137 1341 2198 remissio

257 2228 354 2286 omnis
367 2228 463 2299 culpae
475 2227 625 2298 originalis
638 2239 667 2285 et
680 2226 805 2284 actualis
818 2245 826 2297 ;
845 2227 944 2284 omnis
958 2244 1081 2299 quoque
1101 2246 1201 2299 poenae
1220 2245 1282 2300 quae
1298 2243 1341 2298 pro

258 2313 321 2385 ipsa
331 2315 419 2386 culpal
429 2313 564 2372 debetur.
605 2313 765 2390 Propterea
780 2312 935 2384 baptizatis
948 2307 1030 2370 nulla
1043 2332 1098 2385 pro
1112 2315 1242 2386 peccatis
1255 2327 1341 2386 praete·

257 2401 319 2458 ritis
339 2401 522 2472 iniungenda
536 2411 579 2458 est
598 2399 779 2470 satislacli03
802 2399 856 2458 sed
875 2401 1046 2471 morientes,
1063 2413 1226 2473 antequam
1238 2401 1339 2472 culpam

257 2482 387 2556 aliquam
399 2482 595 2552 committant,
611 2483 711 2539 statim
730 2483 768 2541 ad
788 2500 913 2564 regnum
932 2477 1077 2540 coelorum
1091 2494 1121 2541 et
1135 2484 1194 2542 Dei
1214 2484 1339 2542 visionem

257 2580 441 2640 perveniunt.
1011 2577 1017 2583 “

414 2714 559 2757 CANONES
578 2714 718 2757 CONC-lLll
738 2713 929 2758 TRlDENTlNl
949 2717 991 2757 DE
1010 2701 1196 2760 saestsltol.

294 2851 315 2888 r.
353 2829 382 2887 Si
403 2829 470 2900 quis
488 2829 602 2900 dixerit,
624 2827 807 2902 baptismum
826 2831 951 2904 Joannis
974 2831 1115 2890 habuisse
1134 2835 1273 2893 ‘eamdem
1291 2832 1339 2888 viru
1375 2827 1376 2878 ἶ

256 2935 324 2974 eum
340 2917 493 2989 Baptismo
506 2917 629 2988 Christi;
649 2920 683 2974 A.
698 2919 726 2972 S.
999 2929 1001 2934 ’
1375 2939 1376 2948 ’

291 3025 313 3062 2.
354 3003 385 3061 Si
398 3003 464 3078 quis
473 3004 587 3073 dixerit,
597 3021 707 3076 aquam
717 3022 816 3062 veram
831 3017 860 3062 et
874 3006 1039 3064 naturalem
1054 3025 1115 3064 non
1127 3025 1192 3066 esse
1205 3009 1243 3067 de
1255 3023 1339 3066 neces·
1375 3022 1376 3100 q

256 3090 340 3149 sitate
354 3089 509 3161 Baptismi,
524 3101 614 3162 atque
634 3091 703 3149 ideo
716 3090 805 3149 verba
824 3090 874 3149 illa
889 3091 1012 3151 Domini
1028 3095 1121 3152 nostri
1135 3095 1209 3168 Jesu
1223 3095 1340 3156 Christi:
1375 3133 1376 3172 3

256 3177 311 3234 nisi
331 3177 397 3248 quis
416 3188 533 3234 renatus
553 3177 638 3234 luerit
652 3196 688 3235 ex
700 3179 778 3249 aqua
792 3187 822 3236 et
836 3177 946 3251 Spiritu
960 3179 1075 3246 sanilo,
1090 3181 1130 3238 ad
1150 3183 1339 3257 metaphoram
1375 3213 1376 3252 3

255 3264 385 3336 aliquam
399 3265 565 3330 detorserit;
584 3265 620 3321 A.
638 3264 666 3321 S.
1375 3270 1376 3344 J

261 3347 263 3352 ’
290 3368 314 3420 3„
353 3351 383 3410 Si
402 3351 469 3422 quis
488 3349 593 3408 dixerit
612 3351 641 3407 in
656 3351 791 3408 Ecclesia
805 3351 945 3409 Romana
963 3370 1031 3424 quae
1050 3355 1189 3413 omnium
1209 3355 1339 3414 Ecclesia·

255 3453 319 3492 rum
330 3444 424 3492 mater
434 3445 477 3492 est
487 3445 516 3490 et
527 3433 675 3504 magistra,
687 3451 747 3490 non
761 3451 826 3492 esse
838 3451 939 3492 veram
952 3435 991 3493 de
1004 3449 1195 3497 sacramento
1209 3437 1338 3512 Baptismi

256 3522 434 3591 doctrinam5
452 3525 485 3576 A.
501 3520 530 3576 S.

288 3631 312 3682 4.
354 3609 383 3666 Si
403 3607 469 3679 quis
488 3606 601 3677 dixerit,
619 3607 806 3678 Baptismum
825 3607 876 3679 qui
896 3608 985 3666 etiam
1004 3610 1091 3667 datur
1104 3609 1143 3668 ab
1160 3609 1300 3672 haereticis
1315 3611 1338 3666 in

255 3696 376 3752 nomine
391 3694 491 3758 Patris,
507 3704 536 3751 et
550 3693 624 3763 Filii,
642 3704 670 3750 et
685 3693 810 3764 Spiritus
830 3693 933 3766 sandti,
950 3713 1020 3753 cum
1040 3697 1208 3756 intentione
1227 3697 1338 3756 faciendi
1375 3685 1376 3701 ¹

255 3781 337 3851 quod
351 3780 419 3837 lacit
433 3779 575 3850 Ecclesia,
590 3797 650 3837 non
664 3797 729 3837 esse
742 3798 845 3838 verum
861 3781 1061 3852 Baptismum
1081 3785 1117 3841 A.
1134 3783 1163 3841 S.

289 3881 312 3936 5.
352 3867 381 3922 Si
396 3865 462 3935 quis
475 3865 588 3933 dixerit,
606 3865 793 3937 Baptismum
807 3867 933 3925 liberum
948 3885 1023 3940 esse,
1039 3869 1098 3927 hoc
1111 3882 1166 3940 est,
1179 3891 1241 3931 non
1255 3889 1339 3929 neces·

254 3952 361 4007 sarium
375 3951 413 4007 ad
428 3951 565 4020 salutem;
584 3954 619 4008 A.
635 3954 663 4010 S.
1375 3951 1376 3972 ³

289 4146 297 4174 ι
312 4132 365 4198 Ap.
381 4130 551 4195 &tuingen
566 4147 593 4184 n.
612 4143 670 4196 591.

292 4217 462 4284 wenmg„
475 4232 501 4266 n.
514 4217 565 4284 738
576 4233 632 4285 sq,
651 4218 688 4270 A.
702 4219 727 4270 T
725 4220 828 4288 laeum,
837 4221 910 4278 Atta
921 4227 952 4278 C.
963 4226 1100 4295 Trident,
1110 4237 1129 4282 t.
1146 4229 1181 4294 1..
1195 4248 1222 4300 p.
1235 4231 1284 4301 384
1295 4246 1326 4298 sq.
1375 4233 1376 4260 ³
