2758 4652
249 165 303 214 DE
323 167 615 217 POENITENTIAE
634 169 933 219 sncnnMEnTO.
1071 169 1138 219 525

53 343 183 420 peccatis
214 345 387 408 subeunda
419 356 478 422 est,
510 367 585 426 quae
617 348 698 428 legis
730 349 920 429 Decalogus
957 347 1141 410 continet’'.

54 444 143 506 Paulo
162 447 246 508 inira
267 448 360 510 addit
381 449 547 529 publicam
570 451 804 531 poenitentiam
826 471 890 512 non
908 471 979 512 esse
995 449 1141 530 rejicien-

51 546 127 621 dam,
143 548 178 622 si,
191 548 319 628 judicio
342 552 510 626 antistitis,
526 552 559 615 id
583 555 763 634 expediat;
790 555 919 635 privata
943 555 1042 634 igitur
1064 573 1141 614 con-

51 645 139 710 sessio
154 651 322 730 publicam
347 655 579 734 poenitcntiam
605 657 823 736 praecedebat.
870 657 955 719 Item
974 656 1009 718 S.
1028 656 1141 716 Hiero-

51 765 177 827 nymus¹
194 755 275 816 dicit
298 757 388 836 quod
413 758 439 819 si
463 759 536 838 quis
560 756 701 821 insectus
724 779 743 822 a
766 759 900 822 diabolo
923 779 1051 822 veneno
1066 778 1142 840 pec-

49 855 114 928 cati,
129 858 294 919 “tacuerit
310 868 343 920 et
359 879 425 920 non
443 861 547 942 egerit
563 861 807 940 poenitentiam,
822 881 883 924 nec
906 860 1024 924 vuinus
1044 880 1139 921 suum

42 954 143 1032 fratri
165 968 196 1020 et
218 961 376 1042 tnagistro
398 963 537 1025 voluerit
560 964 710 1044 corefitm',
726 964 885 1044 magister
907 973 940 1026 et
963 963 1070 1035 irater,
1085 963 1141 1042 qui

49 1056 185 1138 linguam
203 1060 327 1125 habent
343 1065 384 1126 ad
401 1067 595 1140 curandum,
612 1065 707 1128 facile
729 1067 758 1128 ei
782 1067 939 1147 prodesse
962 1086 1026 1128 non
1049 1074 1141 1146 potc-

48 1173 122 1224 runt.
168 1165 203 1229 Si
227 1167 315 1228 enim
338 1168 511 1232 erubescat
532 1180 677 1251 aegrotus
700 1170 818 1232 vuinus
839 1169 968 1231 medico
984 1167 1141 1240 confiteri,

46 1269 127 1344 quod
144 1268 275 1348 ignorat
291 1271 454 1334 medicina
471 1293 536 1335 non
554 1284 646 1336 curat
659 1275 682 1336 ’'.

46 1391 91 1470 ib)
119 1395 239 1457 Soemlo
265 1397 330 1473 IV,
360 1397 395 1461 S.
424 1400 642 1462 Ambrosius²
673 1403 741 1465 ait:
777 1401 882 1462 “Non
909 1399 1141 1461 crubescamus

46 1495 132 1557 fateri
161 1499 309 1562 Domino
339 1511 476 1582 peccata
508 1514 644 1566 nostra...
692 1504 727 1568 Si
758 1504 807 1565 vis
832 1501 1013 1583 justificari,
1040 1500 1142 1562 fatere

45 1610 210 1676 peccatum
236 1613 352 1680 tuum;
379 1606 486 1668 solvet
509 1609 597 1668 enim
620 1608 796 1669 criminum
823 1625 930 1668 nexus
956 1603 1141 1666 verecunda

44 1702 201 1766 confessio
219 1718 430 1786 peccatorum
444 1708 467 1772 '’.
514 1710 591 1790 Ipse
613 1709 751 1771 refertur
773 1708 997 1770 confessiones
1013 1716 1141 1768 secreto

43 1805 222 1884 audivisse;
249 1809 320 1871 haec
346 1813 434 1873 enim
462 1812 504 1873 de
531 1833 571 1874 eo
597 1813 711 1874 scribit
734 1812 907 1886 Paulinus,
923 1812 1092 1882 diaconus
1109 1809 1140 1869 in

44 1905 133 1986 hujus
150 1909 255 1972 saneti
273 1911 353 1974 Vita
365 1913 405 1993 (c.
416 1915 451 1995 9)
466 1937 472 1976 :
492 1915 603 1976 “Erat
619 1916 719 1976 etiam
737 1916 886 1996 gaudens
903 1934 977 1976 cum
994 1915 1141 1994 gauden-

43 2010 126 2072 tibus
149 2022 182 2074 et
209 2013 291 2076 flens
318 2036 393 2078 cum
421 2016 585 2093 flentibus,
603 2019 629 2079 si
652 2019 787 2099 quidem
805 2017 1079 2098 quotiescumque
1096 2015 1140 2076 illi

43 2112 164 2194 aliquis,
181 2117 225 2178 ob
247 2119 495 2199 percipiendam
512 2122 755 2201 poenitentiam,
770 2121 880 2201 lapsus
894 2140 968 2181 suos
982 2119 1141 2197 consessus

41 2227 121 2290 esset,
133 2219 177 2280 ita
194 2219 294 2282 flebat
311 2231 346 2283 ut
359 2232 392 2284 et
405 2222 482 2284 flere
495 2223 586 2285 illum
600 2224 839 2310 compelleret...
885 2221 1011 2285 Causas
1027 2229 1138 2282 autem

41 2321 210 2385 criminum
236 2345 320 2404 quas
347 2327 393 2387 illi
421 2326 673 2402 confitebantur,
698 2327 784 2388 nulii
809 2327 869 2387 nisi
897 2325 1044 2386 Domino
1071 2324 1141 2398 soli,

41 2426 124 2501 apud
141 2446 240 2505 quem
258 2428 492 2506 intercedebat,
507 2432 718 2512 loquebatur”
729 2443 749 2491 3.
766 2469 809 2478 -
829 2430 959 2492 Eodem
977 2429 1043 2491 fere
1058 2439 1140 2490 tem-

41 2547 115 2604 pore
130 2528 321 2592 Paeianuss
337 2533 401 2613 qui,
418 2543 595 2613 postquam
616 2553 673 2595 cos
696 2530 905 2612 reprehendit
927 2530 983 2610 qui
1003 2549 1140 2610 peccare

41 2650 101 2690 non
130 2632 329 2696 erubescunt
352 2645 385 2696 et
412 2636 610 2697 erubescunt
637 2633 795 2708 confiteri,
818 2655 874 2696 eos
901 2635 948 2695 sic
971 2633 1141 2694 hortatur:

41 2734 164 2814 “Rogo
180 2755 248 2807 vos
265 2736 390 2812 iratres,
406 2740 505 2800 etiam
528 2759 588 2819 pro
610 2738 754 2819 periculo
775 2756 858 2811 me0‚
875 2757 932 2816 per
955 2735 1047 2796 illum
1073 2735 1140 2794 Do·

40 2837 174 2910 minum,
186 2859 284 2918 quem
298 2841 428 2902 occulta
442 2862 507 2903 non
521 2841 648 2914 saliunt,
659 2841 800 2902 desinite
810 2841 1016 2902 vulneratam
1030 2849 1141 2918 tegere

40 2941 282 3004 conscientiam.
331 2943 511 3006 Pmdentes
533 2945 611 3024 aegri
636 2944 782 3005 medicos
798 2962 863 3003 non
881 2951 1035 3003 verentur
1050 2961 1091 3002 ne
1107 2941 1139 3001 in

39 3041 174 3103 occultis
202 3044 337 3123 quidem
363 3047 509 3127 corporis
535 3045 684 3126 partibus
712 3045 812 3105 etiam
838 3054 1015 3116 secaturos,
1040 3045 1140 3104 etiam

39 3154 228 3221 perusturos
239 3147 263 3208 ’'.

39 3259 83 3339 ic)
108 3260 235 3323 Saeculo
258 3261 326 3336 Ill,
351 3263 505 3344 Origenes
527 3265 569 3326 de
593 3264 689 3324 variis
714 3263 831 3324 mediis
853 3263 1000 3344 loquens,
1019 3261 1139 3342 quibus

37 3363 178 3424 obtineri
195 3365 301 3445 possit
318 3376 530 3445 peccatorum
548 3366 704 3438 remissi0,
721 3365 994 3427 sacramentalem
1012 3357 1139 3425 confes·

39 3469 165 3528 sionem
186 3468 232 3530 sic
253 3478 536 3532 commemorans:
563 3469 653 3530 “Est
676 3479 709 3531 et
733 3469 884 3550 septima,
900 3469 975 3530 iicet
1002 3469 1084 3530 dura
1108 3478 1141 3530 ct

39 3570 203 3632 laboriosa
219 3592 277 3653 pcr
293 3573 527 3653 poenitentiam
545 3574 693 3634 remissio
706 3582 927 3654 pcccatorum,
938 3591 1038 3650 quum
1052 3571 1141 3632 lavat

38 3683 192 3751 peccator
207 3675 239 3735 in
258 3674 413 3754 lacrymis
431 3677 498 3737 suis
515 3684 655 3738 stratum
678 3695 773 3736 suum
791 3685 824 3736 et
841 3673 923 3734 fiunt
940 3675 968 3734 ei
986 3673 1141 3752 lacrymae

37 3795 140 3853 panes
157 3777 211 3838 die
227 3797 266 3837 ac
283 3774 388 3853 nodie,
401 3786 434 3839 et
446 3797 548 3856 quum
565 3798 632 3839 non
647 3777 809 3839 erubescit
822 3775 994 3836 Sacerdoti
1004 3775 1143 3836 Domini

38 3877 354 3958 indicarepeccatum
378 3899 474 3940 suum
499 3890 532 3941 et
555 3899 701 3960 quaerere
725 3879 923 3940 medicinam
937 3878 979 3940 ”...
1026 3876 1142 3938 Alibi⁶

72 4096 81 4127 ¹
97 4097 130 4147 ln
146 4095 309 4150 Ecclesiast.
324 4097 359 4162 X,
376 4111 415 4150 11.
432 4099 489 4134 —²
504 4097 548 4150 De
563 4098 710 4150 Poenitent.
726 4097 771 4150 lib.
790 4098 878 4162 Ii,cc.
900 4112 920 4149 1.
937 4096 960 4150 6.

74 4199 83 4231 ³
98 4183 201 4236 Patroi.
219 4185 324 4251 Migne,
339 4195 357 4236 t.
375 4183 454 4250 XIV,
472 4201 498 4253 p.
513 4199 556 4248 4ο.
573 4215 606 4222 -
618 4187 629 4217 ⁴
643 4185 750 4237 Paraen.
767 4183 803 4236 ad
818 4183 968 4238 Poenitent.
986 4200 1009 4236 c.
1026 4183 1050 4236 8.

75 4293 84 4324 s
101 4269 206 4322 Homii.
222 4269 249 4322 11
265 4271 293 4322 in
309 4271 396 4325 Levit.
413 4287 440 4323 n.
456 4286 480 4336 4.
494 4268 551 4308 -⁶
566 4271 650 4323 Hom.
668 4285 682 4321 2
697 4269 725 4322 in
741 4271 784 4323 Ps.
800 4283 842 4337 37,
856 4288 881 4324 n.
895 4271 920 4324 ⁶.
