2738 4646
361 173 416 223 DE
436 172 485 223 SS.
501 173 803 226 Eucnnmsm.
1067 177 1133 228 299

33 349 99 420 ejus
111 366 186 420 aqua
197 349 283 408 simrd
297 367 365 408 cum
379 352 523 424 sanguine
536 353 646 424 exierit,
659 353 742 426 quod
753 354 977 413 Sacramentum
991 354 1048 413 hac
1062 356 1131 412 mix·

33 435 116 494 tione
126 439 281 510 recolitur;
298 451 328 497 et
345 457 413 497 eum
431 458 517 513 aquae
535 441 564 499 in
585 441 767 515 Apocalypsi
787 442 866 502 besti
885 443 1011 516 Joannis
1027 443 1130 516 populi

33 523 175 596 dicantur,
189 526 280 598 ipsius
299 527 401 599 populi
422 527 518 586 fidelis
536 546 605 586 cum
624 529 723 602 capite
741 529 863 590 Christo
881 530 954 590 unio
972 548 1133 604 repraesen-

33 621 120 669 tatur.

94 755 197 818 CAP.
220 758 256 820 8.
282 757 337 818 De
363 751 484 820 Missa
505 761 652 832 vulgari
677 754 811 834 lingua
833 763 978 836 passim
1002 773 1077 820 non

48 846 288 927 celebranda,
312 861 351 915 et
372 856 570 930 mysteriis
593 857 677 929 ejus
700 859 843 931 populo
864 841 1119 929 explicandis.

70 978 130 1036 Etsi
146 979 238 1038 Missa
251 996 390 1051 magnam
404 978 556 1037 contineat
569 979 673 1052 populi
688 980 784 1039 tidelis
795 980 1004 1052 eruditionem,
1018 997 1078 1038 non
1092 991 1132 1038 ta-

35 1081 102 1122 men
114 1065 251 1138 expedire
264 1066 360 1124 visum
373 1076 418 1124 est
432 1065 577 1136 Patribus,
594 1077 625 1124 ut
638 1067 750 1138 vulgari
766 1067 875 1140 passim
889 1067 990 1139 lingua
1003 1067 1132 1125 celebra·

35 1160 120 1210 retur.
158 1152 362 1225 Quamobrem
377 1162 493 1211 retento
507 1151 619 1225 ubique
631 1155 779 1226 cuiusque
793 1153 936 1212 Ecclesiae
954 1153 1088 1226 antiquo,
1103 1162 1132 1211 et

35 1237 176 1298 aSandld
195 1240 333 1298 Romana
347 1238 489 1304 Ecclesia,
506 1238 641 1296 omnium
662 1239 862 1296 Ecclesiarum
883 1249 976 1296 matre
994 1251 1024 1296 et
1042 1238 1133 1309 magi-

36 1327 101 1390 stra,
116 1325 240 1397 probato
253 1324 320 1392 ritu,
335 1343 373 1384 ue
386 1341 457 1383 oves
470 1323 580 1384 Christi
595 1326 732 1396 esuriant,
745 1343 820 1384 neve
834 1325 946 1398 parvuli
961 1342 1069 1397 panem
1084 1341 1132 1396 pe-

37 1422 105 1482 tant,
119 1423 148 1470 et
161 1430 221 1470 non
235 1411 272 1470 sit
285 1411 337 1485 qui
352 1412 466 1483 frangat
479 1410 529 1478 eis,
546 1412 669 1471 mandat
682 1411 784 1471 sandla
798 1412 936 1484 Synodus
951 1411 1129 1481 Pastoribus,

36 1509 63 1555 et
76 1498 196 1570 singulis
209 1517 310 1558 curam
324 1499 490 1556 animarum
510 1497 689 1572 gerentibus,
706 1509 738 1558 ut
756 1499 924 1570 frequenter
939 1499 1014 1556 inter
1028 1497 1133 1556 Missa·

36 1603 98 1642 rum
116 1585 346 1645 celebrationem
365 1586 410 1644 vel
431 1603 483 1658 per
502 1603 542 1656 se,
559 1587 605 1644 vel
624 1604 676 1659 per
695 1585 770 1644 alios
788 1603 824 1644 ex
842 1585 888 1653 iis,
903 1603 970 1657 quae
989 1587 1019 1642 in
1040 1586 1134 1642 Missa

38 1671 170 1742 leguntur
191 1673 305 1746 aliquid
325 1681 495 1744 exponant;
520 1682 610 1744 atque
632 1673 707 1730 inter
726 1681 825 1730 cetera
848 1672 1024 1730 sanctissimi
1045 1672 1133 1744 huius

38 1756 170 1816 Sacrificii
185 1758 357 1831 mysterium
369 1757 489 1830 aliquod
503 1756 654 1816 declarent
671 1758 777 1816 diebus
791 1758 952 1828 praesertim
967 1758 1133 1816 Dominicis

38 1857 63 1899 et
77 1845 161 1904 iestis

90 1989 193 2049 CAP.
216 1991 252 2050 9.
279 1989 576 2061 prolegomenon
600 2002 794 2050 canonum
816 1991 1077 2063 sequentium.

72 2112 148 2187 Quia
168 2131 237 2172 vero
258 2112 398 2171 adversus
422 2123 553 2171 veterem
575 2112 661 2184 hanc,
687 2113 717 2194 in
742 2113 932 2172 sacrosandlo
959 2113 1130 2184 Evangelio,

39 2201 245 2272 Apostolorum
265 2197 483 2265 traditionibus,
498 2199 731 2272 sanctorumque
744 2201 866 2258 Patrum
879 2198 1017 2258 doctrina
1030 2199 1133 2258 lunda·

39 2296 94 2344 tarn
107 2287 204 2358 fidem,
222 2287 280 2346 hoc
293 2297 427 2360 tempore
440 2286 525 2344 multi
539 2287 720 2346 disseminati
734 2297 804 2346 sunt
817 2305 937 2356 errores,
950 2287 1104 2360 multaque
1117 2305 1135 2345 a

40 2374 131 2432 multis
155 2375 309 2445 docentur,
334 2382 424 2445 atque
448 2374 656 2446 disputantur3
682 2372 870 2432 sacrosandta
895 2371 1042 2444 Synodus,
1066 2382 1134 2444 post

41 2461 141 2519 multos
158 2477 321 2534 gravesque
341 2461 386 2518 lris
405 2460 443 2518 de
462 2460 550 2519 rebus
569 2471 682 2519 mature
700 2459 815 2520 habitos
833 2459 983 2526 tractatus,
999 2459 1134 2516 unanimi

41 2545 152 2604 Parrum
165 2547 302 2606 omnium
315 2563 472 2612 consensu,
484 2564 552 2618 quae
565 2546 635 2606 huic
648 2547 811 2619 purissimae
825 2546 904 2616 tidei,
917 2561 1067 2617 sacraeque
1081 2546 1133 2602 do·

41 2632 134 2692 ttrinae
151 2633 352 2704 adversantur,
368 2633 519 2700 damnare,
540 2643 570 2691 et
588 2652 605 2690 a
624 2633 727 2692 sandid
747 2633 882 2692 Ecclesia
901 2633 1062 2700 eliminare,
1081 2650 1134 2704 per

41 2720 182 2791 sunjeoos
194 2722 251 2778 hos
264 2737 405 2786 canones,
420 2720 580 2778 constituit.

74 2808 142 2865 Can.
159 2829 180 2866 1.
220 2807 251 2865 Si
264 2807 331 2880 quis
345 2807 458 2880 dixerit,
475 2808 505 2866 in
525 2808 619 2866 Missi
637 2826 698 2866 non
717 2809 812 2866 offerri
829 2809 895 2867 Deo
908 2825 1011 2867 verum
1024 2819 1052 2866 et
1067 2825 1133 2879 pro-

41 2895 128 2962 prium
142 2895 328 2960 sacrificium,
343 2905 393 2952 aut
406 2896 488 2968 quod
502 2895 598 2954 offerri
612 2913 673 2953 non
687 2896 723 2953 sit
736 2895 827 2963 aliud,
843 2914 933 2968 quam
947 2895 1035 2954 nobis
1048 2894 1132 2953 Chri·

42 2992 110 3038 stum
123 2982 161 3042 ad
175 2981 418 3040 manducandum
433 2982 514 3040 dari:
534 2983 569 3038 A.
585 2981 613 3040 S.

74 3064 142 3122 Can.
158 3082 181 3122 2.
220 3064 251 3122 Si
264 3065 331 3136 quis
345 3065 459 3131 dixerit,
476 3064 531 3123 illis
545 3063 659 3122 verbis:
683 3067 701 3094 “
713 3065 783 3122 Hoc
797 3065 884 3123 facite
898 3065 927 3122 in
941 3083 1039 3123 meam
1052 3083 1131 3122 com·

42 3153 277 3210 memorationem
288 3153 320 3222 ·”,
330 3152 482 3211 Christum
501 3171 560 3210 non
581 3152 743 3210 instituisse
757 3152 919 3224 Apostolos
939 3152 1132 3219 Sacerdotes;

42 3249 84 3296 aut
102 3256 157 3296 nou
175 3239 337 3310 ordinasse,
361 3251 392 3296 ut
411 3239 476 3311 ipsi,
497 3238 607 3312 aliique
627 3239 802 3298 Sacerdotes
821 3240 959 3298 offerrent
976 3257 1084 3312 corpus
1103 3251 1132 3298 et

43 3326 205 3396 sanguinem
219 3343 325 3383 suum:
346 3325 382 3382 A.
398 3325 425 3384 S.

75 3411 142 3468 Can.
159 3429 182 3481 3.
223 3412 252 3469 Si
267 3411 333 3484 quis
347 3413 462 3480 dixerit,
475 3413 576 3470 Missae
590 3411 766 3470 sacrificium
780 3425 896 3471 tantum
911 3431 975 3472 esse
988 3413 1092 3482 laudis,
1103 3420 1132 3470 et

43 3500 186 3564 mariarum
197 3499 332 3567 aetionis,
342 3510 391 3556 aut
403 3499 515 3557 nudam
529 3500 844 3558 commemorationem
858 3499 992 3558 sacrificii
1004 3501 1034 3557 in
1045 3516 1132 3557 cruce

45 3585 151 3655 peracti,
164 3604 224 3644 non
244 3595 342 3643 autem
361 3586 618 3658 propitiatorium
638 3587 684 3644 vel
703 3588 756 3644 soli
777 3588 919 3659 prodesse
932 3587 1069 3655 sumenti,
1083 3603 1131 3644 ne·

44 3687 93 3738 que
105 3691 156 3744 pro
168 3673 241 3730 vivis
260 3683 289 3730 et
308 3672 465 3743 defunctis,
481 3690 536 3745 pro
555 3674 694 3745 peccatis,
708 3675 812 3747 poenis,
829 3672 1086 3744 satisiadiionibus,
1103 3684 1132 3731 et

44 3757 97 3815 aliis
109 3758 333 3820 necessitatibus
345 3759 442 3818 offerri
456 3760 585 3818 debere:
606 3761 642 3817 A.
658 3761 687 3818 S.

76 3847 142 3904 Can.
156 3870 181 3920 4,
222 3847 252 3904 Si
266 3846 332 3918 quis
346 3845 459 3915 dixerit,
474 3845 691 3918 blasphemiam
710 3847 829 3919 irrogari
850 3847 1035 3904 sandlissimo
1048 3847 1131 3906 Chri-

47 3931 74 3986 sti
90 3933 236 4003 sacriticio,
258 3933 287 3989 in
307 3949 395 3990 cruce
412 3932 542 4005 peradlo,
560 3951 612 4005 per
632 3933 733 3990 Missae
750 3933 936 4004 sacrificium,
953 3945 1005 3992 aut
1020 3935 1059 3991 illi
1079 3952 1132 4008 per

45 4013 92 4072 hoc
103 4019 253 4092 derogari:
274 4020 310 4076 A.
327 4019 355 4076 S.

76 4105 141 4162 can.
157 4125 180 4178 5.
221 4106 251 4164 Si
266 4103 332 4177 quis
346 4104 459 4174 dixerit,
471 4105 662 4176 imposturam
674 4123 746 4176 esse,
761 4107 869 4164 Missas
879 4107 1028 4166 celebrare
1039 4109 1068 4165 in
1080 4108 1131 4164 ho·

46 4202 131 4248 norem
152 4191 337 4259 Sanctorum,
350 4202 379 4249 et
398 4208 452 4263 pro
468 4192 586 4248 illorum
605 4192 815 4253 intercessione
833 4194 915 4266 apud
936 4195 1035 4253 Deum
1056 4195 1131 4252 obti-

46 4279 137 4348 nenda,
149 4281 223 4338 sicut
238 4277 373 4337 Ecclesia
385 4277 533 4337 intendit:
554 4279 589 4334 A,
604 4280 632 4336 S.
