2770 4646
218 179 273 228 DE
293 179 685 230 SACRAMENTORUM
704 180 974 233 EFFECTIBUS.
1084 181 1143 234 189

54 358 108 418 tria
121 371 324 423 sacramenta
345 358 567 424 charadierem
588 362 620 422 in
642 361 754 424 anima
776 361 987 442 producunt;
1014 362 1142 444 dequo

50 461 217 526 dicendum
235 474 392 544 superest.

95 579 122 625 1⁰
139 564 315 630 Charader
330 567 365 646 (a
380 569 490 648 graeci
505 587 585 629 voce
603 566 764 652 Χαρακτηρ
780 587 855 648 quae
872 567 960 630 idem
977 566 1143 648 significat

49 688 86 729 ac
102 668 210 750 figura,
225 671 443 751 signaculum,
463 669 558 752 nota)
578 668 756 733 definitur:
781 671 932 751 Signum,
954 691 1009 734 sen
1031 671 1142 752 signa-
1187 681 1190 688 ’

47 773 146 835 rnlnm
161 773 320 854 quoddam
335 773 507 854 spirituale
521 782 553 835 et
567 772 739 847 indelebile,
755 773 789 834 in
813 775 926 836 am‘nrri
942 775 1141 856 impressum,

47 896 104 954 qno
115 876 257 939 dereiner
271 877 343 957 apti
354 877 536 958 efficiuntur
548 877 596 938 ad
608 876 834 957 alian'dsacri
844 878 1079 959 suscipiendum
1092 880 1144 941 vel

46 979 206 1056 agendum.

90 1082 214 1144 Dicitur
237 1081 286 1162 (a)
309 1082 441 1162 segentem
462 1082 640 1162 spirituale,
660 1103 725 1144 non
748 1094 860 1146 autem
885 1085 1049 1160 sensibile,
1063 1085 1141 1166 quia

45 1193 94 1243 est
108 1184 205 1245 veluti
223 1195 302 1246 nota
319 1185 456 1257 interna,
473 1189 539 1264 qua
555 1183 678 1258 fideleS,
690 1186 745 1266 qni
763 1183 825 1248 hoc
841 1187 972 1268 signum
990 1208 1140 1268 suscepe-

46 1297 125 1359 runt,
139 1287 181 1348 ab
197 1287 278 1360 aliis,
294 1307 405 1349 coram
424 1289 506 1360 De0,
525 1287 664 1368 Angelis
681 1299 714 1351 et
731 1289 851 1364 Beatis,
867 1290 1124 1372 distinguuntur.

87 1389 133 1468 (h)
147 1389 368 1452 Indelebr'lr'ter
389 1391 421 1450 in
443 1389 556 1451 anineti
578 1391 774 1471 impressum
790 1413 796 1468 ;
823 1393 943 1473 quibus
960 1392 1067 1455 verbis
1083 1394 1139 1455 de·

44 1491 187 1570 signatur
212 1488 411 1554 charasteris
433 1492 608 1573 srrbjeiimn
634 1491 772 1574 ejusque
798 1485 966 1576 praecipua
988 1495 1139 1577 qualitas,

45 1594 164 1655 scilieet
173 1594 379 1675 perpetuitas.

87 1696 130 1776 (c)
149 1695 218 1772 Quo
236 1697 379 1760 horreines
393 1697 464 1778 apti
476 1696 659 1781 efficiuntur
667 1720 682 1771 ,·
707 1697 786 1762 illud
807 1700 895 1762 enim
917 1701 1049 1783 signum
1073 1721 1138 1762 non

43 1808 92 1860 est
114 1821 239 1862 merum
263 1809 507 1883 ornamentum,
525 1802 582 1864 sed
605 1801 665 1862 dat
688 1811 889 1881 potestatem
912 1803 1035 1884 aliquid
1056 1803 1138 1866 sacri

44 1905 158 1982 agendi
175 1903 226 1964 vel
246 1903 431 1984 recipiendi.
931 1898 934 1906 ’

49 2039 52 2042 ·
84 2004 130 2069 68.
167 2020 202 2068 20
213 2007 440 2072 Existentiam
458 2004 656 2072 charadteris
671 2007 920 2073 sacramentalis
936 2019 1138 2088 negaverunt

43 2119 110 2169 tum
135 2107 304 2190 Wicleffns,
322 2118 392 2172 tum
415 2111 644 2186 protestantes,
661 2131 701 2172 eo
721 2110 811 2192 qnod
834 2111 1004 2192 Scriptura
1025 2121 1058 2173 et
1079 2113 1139 2174 Pa-

43 2222 105 2272 tres
125 2211 228 2274 altum
255 2211 422 2275 silentium
448 2224 580 2276 servant
601 2214 720 2276 detali
743 2211 941 2288 charaitere,
961 2212 1055 2293 cujus
1075 2215 1138 2294 pri-

43 2334 114 2375 mus
131 2316 340 2395 excogitator
360 2314 421 2379 luit
440 2315 644 2378 Innocentius
665 2314 729 2392 III,
752 2315 846 2377 Initio
866 2315 978 2377 saeculi
1003 2315 1093 2378 XIII
1107 2327 1139 2392 Ι;

43 2417 170 2480 aliunde
197 2418 229 2478 in
258 2436 325 2498 quo
349 2419 510 2480 consistat
540 2417 620 2480 illud
652 2418 784 2498 signum
815 2416 974 2498 explicari
1007 2419 1138 2500 nequit3

41 2521 177 2600 ideoque
193 2530 353 2600 tanquam
372 2520 570 2584 mediaevum
588 2518 990 2599 inventumrejiciendum
1007 2531 1067 2584 est.

360 2663 387 2720 1.
412 2664 468 2720 De
491 2662 577 2734 ejus
599 2653 821 2749 existentia,

77 2785 125 2865 69,
172 2788 269 2845 Tnesr’s
283 2804 294 2838 :
315 2786 400 2848 Tria
415 2789 643 2851 sacramenta
657 2786 901 2849 characterem
917 2786 1139 2864 spiritualem

41 2881 246 2962 imprimunt
258 2883 293 2945 in
305 2883 434 2960 anima,
446 2900 495 2947 sc.
509 2882 728 2961 Baptismus,
740 2879 973 2947 Confirmatio
985 2889 1021 2948 et
1031 2884 1138 2947 Ordo.

43 2981 88 3044 De
92 2981 164 3062 fide
179 2991 233 3054 est,
245 2991 362 3061 utpote
377 2979 549 3043 definitum
567 2997 590 3041 a'
604 2980 634 3040 T
633 2981 746 3042 rident.
761 3003 772 3043 .·
795 2985 810 3011 ‘⁸
823 2979 858 3042 Si
875 2979 948 3060 quis
964 2981 1088 3044 dixerit
1104 2981 1136 3042 in

42 3084 141 3144 tribus
175 3083 403 3159 sacramentis,
434 3071 608 3164 Baptismo
642 3081 780 3154 scilicet,
812 3080 1074 3147 Confirmatione
1104 3093 1137 3146 et

43 3187 247 3250 Ordine'non
265 3185 409 3266 imprimi
425 3181 646 3246 charaticrem
665 3184 696 3244 in
715 3185 835 3258 anima,
850 3184 912 3263 hoc
932 3195 982 3248 est
1004 3187 1135 3268 signum

42 3290 207 3367 quoddam
228 3287 398 3368 spirituale
417 3296 451 3348 et
470 3286 655 3361 indelebile,
675 3287 763 3348 unde
784 3307 822 3349 ea
843 3288 951 3350 iterari
972 3309 1038 3352 non
1062 3309 1137 3370 pos-

43 3401 123 3467 sunt,
154 3390 195 3452 A.
228 3389 262 3454 S.
274 3388 291 3413 ’¹
321 3389 415 3468 (Can.
432 3390 475 3468 9).
523 3389 611 3451 Huic
643 3388 828 3468 definitioni
857 3389 927 3470 jam
964 3393 1138 3472 praeiverat

43 3493 177 3569 Floreat,
190 3511 248 3554 seu
266 3492 447 3554 Decretum
464 3492 506 3554 ad
525 3491 701 3567 Armenes,
713 3492 769 3554 ubi
786 3492 857 3554 haec
875 3494 1009 3573 insuper
1025 3494 1137 3574 legun·

44 3604 108 3662 tur:
129 3603 145 3628 ‘⁸
156 3597 284 3677 reliqua
300 3615 378 3658 vero
399 3587 543 3676 quatuor
563 3592 787 3657 characterem
804 3614 869 3656 non
888 3595 1090 3676 imprimunt,
1105 3604 1138 3658 et

44 3699 281 3764 reiterationem
298 3699 515 3762 admittunt”.
608 3687 610 3692 ¹
784 3689 787 3694 ¹

72 3850 275 3904 11nn0cenrius
294 3849 330 3902 ab
349 3850 570 3919 ArchiepIscopo
589 3849 748 3904 Arelatensi
763 3848 957 3915 interrogatus,
971 3859 1061 3904 utrum
1076 3849 1138 3902 dor-

44 3936 186 4001 mientibus
209 3946 238 3990 et
251 3921 416 3989 'amentibus
437 3936 614 4004 baptismatis
632 3935 776 3988 character
793 3933 975 4002 imprimatur,
994 3928 1139 4005 respondit

45 4021 111 4077 illurn
130 4025 178 4095 qui
199 4041 255 4076 non
276 4023 404 4076 absolute
423 4022 525 4075 invitus
544 4033 595 4088 est,
615 4023 737 4088 recipere
757 4019 916 4089 hujusmodi
936 4019 1137 4087 charadierem

45 4120 150 4181 uterque
164 4106 249 4179 igitur
262 4109 393 4179 supponit
410 4107 568 4184 dotirinam
587 4109 623 4162 dc
642 4105 804 4160 charactere
823 4118 902 4160 extra
921 4107 1138 4162 controversiam

45 4211 105 4262 esse,
113 4211 143 4253 et·
151 4214 237 4251 nemo
250 4197 304 4250 nisi
318 4181 401 4249 rnalae
412 4195 476 4249 fidei
490 4205 585 4250 tenere
599 4195 901 4264 potestlnnoceminm
911 4195 993 4259 hujus
1003 4193 1138 4248 dotlrinae

48 4279 209 4339 inventorem
223 4281 315 4338 fuisse.
711 4283 713 4290 '
