2752 4648
240 153 309 205 ³⁴0
700 156 839 207 CAPUT
857 157 882 205 1.

241 334 431 416 designaret
442 354 574 417 panem,
586 356 624 400 ac
637 337 775 418 proinde
787 337 938 401 Christus
950 337 1111 401 dixisset:
1132 342 1148 368 “
1164 335 1226 398 Hic
1242 334 1322 417 panis

242 445 292 499 est
318 455 437 520 corpus
463 457 574 500 meum
587 439 626 515 '’;
652 459 751 521 porro
777 438 895 502 salsum
922 449 972 503 est
995 459 1127 520 panem,
1141 440 1220 502 dum
1242 435 1321 520 panis

241 550 364 617 manet,
379 561 451 603 esse
466 562 586 623 corpus
603 543 740 606 Domini
754 565 761 621 ;
784 563 871 624 ergo.

241 639 294 722 (b)
310 641 439 706 Eadem
455 644 555 707 verba
569 645 822 725 impartitionem
838 645 1037 722 excludunt;
1060 665 1139 707 nam
1159 645 1320 725 important

243 744 363 807 realem
380 745 589 812 identitatem
614 749 699 812 inter
721 747 906 829 subjectum
930 749 1166 830 propositionis
1181 753 1196 778 ‘⁴
1208 746 1282 808 hoc'’
1294 753 1320 805 et

243 846 436 911 attributum
459 850 644 930 “corpus”;
668 853 770 934 atqui,
785 852 915 915 etiamsi
939 852 1170 914 admitteretur
1192 851 1318 930 impana-

242 950 299 1026 tto,
310 971 367 1014 seu
384 953 462 1016 unio
477 954 688 1036 hypostatica
701 957 785 1019 inter
799 975 918 1036 paoem
935 964 969 1019 et
984 974 1103 1035 corpus
1119 953 1247 1028 Christi,
1258 950 1319 1012 talis

244 1053 399 1120 identitas
415 1077 481 1120 non
498 1057 736 1138 verificaretur;
759 1077 836 1120 nam
854 1059 885 1120 in
903 1059 1026 1121 unione
1047 1056 1261 1138 hypostatica,
1274 1071 1318 1114 na·

242 1163 325 1218 turae
340 1159 442 1221 unitae
457 1162 596 1224 omnino
610 1159 778 1225 distinstae
794 1171 975 1236 remanent,
986 1181 1045 1223 nec
1060 1169 1172 1241 potest
1185 1157 1247 1222 dici
1261 1177 1284 1217 v.
1295 1173 1318 1234 g.

243 1258 275 1320 in
292 1260 424 1325 Christo
446 1265 592 1328 divinam
617 1276 768 1329 naturam
792 1266 880 1328 idem
904 1285 976 1328 esse
999 1284 1037 1327 ac
1058 1273 1208 1327 naturam
1223 1261 1319 1323 huma·

240 1381 329 1436 nam,
345 1364 421 1429 licet
443 1367 473 1429 ei
496 1367 593 1432 tuerit
616 1368 825 1450 hypostatice
847 1371 962 1447 unita;
984 1387 1072 1450 ergo,
1087 1369 1166 1430 data
1189 1368 1319 1447 impana-

242 1465 342 1542 tione,
357 1469 452 1548 panis
467 1479 501 1533 et
516 1491 635 1553 corpus
651 1472 773 1536 Christi
793 1471 959 1536 distinctae
979 1471 1175 1534 substantiae
1191 1485 1319 1532 remane·

241 1579 323 1643 rent,
340 1590 399 1632 nec
414 1592 481 1636 una
496 1575 561 1637 dici
577 1587 690 1656 posset
705 1575 818 1638 altera.

276 1667 431 1738 Obiiciunt
443 1673 565 1743 quidem
581 1675 780 1733 Protestantes
793 1675 891 1740 verba,
909 1673 994 1732 “hoc
1012 1683 1057 1732 est
1074 1691 1183 1745 corpus
1200 1686 1289 1730 meum
1299 1667 1319 1732 ”,

240 1756 378 1827 parallela
390 1777 454 1818 esse
466 1761 538 1832 aliis,
554 1763 571 1792 ‘⁴
583 1763 715 1821 Verbum
736 1781 805 1820 caro
824 1761 935 1820 sactum
954 1772 997 1820 est
1009 1761 1033 1829 '’,
1047 1760 1230 1833 proindeque
1242 1757 1318 1827 impa-

240 1842 391 1902 nationem
411 1846 583 1918 significare.
622 1851 680 1908 Sed
703 1861 827 1922 negatur
847 1850 1059 1924 parallelismus
1070 1869 1078 1921 ς
1106 1866 1175 1904 nam
1195 1843 1318 1909 Verbum,

241 1939 345 2001 utpote
356 1931 549 2005 immutabile,
559 1937 588 1994 in
601 1937 763 1996 hunianam
776 1957 894 1996 carnem
908 1937 1038 1996 converti
1051 1936 1163 2008 nequit,
1170 1935 1240 1992 dum
1250 1929 1319 2005 panis

241 2027 355 2088 poterat
374 2019 404 2076 in
424 2039 529 2094 corpus
549 2023 658 2082 Christi
678 2027 830 2093 converti;
850 2027 977 2097 insuper,
990 2034 1022 2082 ut
1041 2023 1204 2096 impanatio
1220 2017 1318 2078 admitti

240 2118 348 2176 posset,
361 2107 448 2180 Jesus
461 2108 559 2168 dicere
572 2110 724 2171 debuisset
738 2133 744 2170 :
764 2115 784 2142 “
794 2113 851 2171 hoc
864 2125 908 2170 est
920 2131 975 2182 ego,
985 2111 1031 2170 vel
1045 2109 1103 2168 hoc
1112 2119 1157 2168 est
1170 2104 1317 2167 Christus''.
1359 2103 1360 2114 ¹

240 2210 300 2248 non
314 2204 431 2251 autem:
455 2195 539 2253 “hoc
552 2208 595 2254 est
608 2208 708 2270 corpus
724 2218 824 2259 meum
835 2201 870 2268 ”3
889 2201 958 2257 nam
977 2215 1084 2270 corpus
1103 2215 1164 2254 noo
1183 2205 1226 2254 est
1242 2193 1319 2265 hypo·

239 2279 332 2348 stasis,
344 2298 396 2338 seu
410 2299 545 2354 persona,
559 2301 613 2341 nec
627 2287 752 2356 proinde
766 2287 948 2360 hypostatice
962 2285 1030 2358 pani
1044 2284 1119 2342 uniri
1133 2292 1237 2356 potest.
1272 2277 1319 2336 Sed

239 2367 312 2438 quid
325 2369 417 2440 plura,
434 2387 526 2440 quum
541 2371 596 2443 ipsi
611 2371 770 2432 Lutherani
783 2376 844 2446 jam
857 2391 912 2431 suo
925 2371 1075 2445 systemati
1088 2367 1287 2428 valedixerint?

282 2483 330 2563 38.
378 2499 414 2546 2⁰
435 2486 465 2548 Τ
462 2487 531 2549 rad.
576 2487 636 2569 (A)
651 2509 695 2552 ex
711 2489 879 2566 Patribus,
890 2490 947 2570 qui
963 2488 1084 2550 docent
1100 2487 1151 2566 (a)
1167 2505 1280 2568 panem
1294 2494 1319 2544 et

239 2588 352 2650 vinum
370 2588 438 2651 lieri
454 2611 573 2672 corpus
588 2603 622 2655 et
638 2595 834 2674 sanguinem
852 2593 992 2657 Christi:
1008 2591 1115 2653 “Non
1131 2591 1219 2652 enim
1235 2589 1320 2650 homo
1358 2625 1359 2648 i

238 2701 289 2754 est
304 2693 360 2774 qui
376 2692 454 2756 lacit
470 2704 506 2757 ut
522 2699 693 2779 proposita
704 2697 1004 2779 effiahntrtrcorpus
1015 2704 1045 2758 et
1054 2694 1191 2776 sangnis
1206 2689 1319 2761 Christi,
1358 2661 1359 2755 i

240 2795 296 2857 sed
314 2796 383 2877 ipse
399 2797 575 2861 Christus''
588 2811 620 2877 ¹5
643 2800 694 2882 (b)
710 2821 831 2882 panem
848 2801 881 2862 in
897 2819 1016 2880 corpus
1033 2797 1156 2862 Christi
1172 2808 1318 2861 transmu-

240 2899 320 2962 tari:
343 2899 434 2963 “Dei
450 2899 551 2963 verbo
566 2901 809 2967 sanctificatum
833 2923 952 2986 paoem
970 2904 1002 2964 in
1020 2901 1083 2964 Dei
1100 2900 1202 2964 Verbi
1217 2915 1319 2979 corpus

239 3002 337 3064 credo
357 3006 569 3066 transmutari
580 3006 643 3084 ”’*;
666 3006 715 3088 (c)
738 3016 815 3089 post
836 3007 1117 3069 consecrationem
1141 3025 1208 3068 non
1231 3021 1319 3065 rema·

240 3125 316 3167 nere
332 3126 451 3187 panem
468 3119 502 3171 et
517 3110 641 3183 vinum,
655 3111 713 3172 sed
730 3111 846 3172 adesse
861 3129 979 3190 corpus
1000 3116 1033 3170 et
1054 3108 1247 3189 sanguinem
1263 3106 1319 3168 De
1357 3173 1358 3213 ,

240 3209 344 3270 mini³
358 3233 365 3287 ;
389 3210 440 3291 (d)
456 3212 542 3274 hanc
556 3215 805 3276 conversionem
818 3213 958 3275 similem
971 3231 1042 3273 esse
1054 3210 1256 3272 conversioni
1267 3204 1319 3269 cibi

239 3313 271 3374 in
287 3333 407 3396 corpus
423 3323 582 3389 nostrum,
597 3315 647 3377 vel
664 3335 760 3395 aquae
785 3315 816 3376 in
840 3313 953 3376 viuum
970 3313 1001 3374 in
1019 3311 1142 3391 nuptiis
1159 3309 1265 3384 Canae,
1279 3305 1319 3369 vel

237 3418 373 3480 seminis
400 3419 432 3480 in
460 3418 604 3481 triticum
617 3433 639 3481 ⁴.
696 3419 785 3481 Hinc
811 3417 1013 3480 Leibnr'taius
1038 3417 1130 3478 aits:
1159 3414 1250 3479 “Sed
1275 3412 1319 3493 pia

236 3523 419 3603 antiquitas
435 3533 548 3604 aperte
570 3523 649 3585 satis
671 3523 850 3586 declaravit
873 3540 994 3604 panem
1018 3519 1138 3582 mutari
1161 3519 1193 3580 in
1216 3532 1318 3596 corpus
1356 3591 1357 3594 Ἴ

238 3624 369 3700 Christi,
383 3626 495 3688 vinum
514 3625 545 3686 in
562 3626 777 3706 sanguinem:
800 3625 991 3705 passimque
1014 3620 1067 3685 hic
1089 3630 1214 3684 veteres
1229 3636 1316 3700 agno·
1356 3619 1357 3671 i

237 3739 333 3792 scunt
368 3749 635 3815 μεταστοιχειωσιν
670 3747 770 3808 quam
806 3728 897 3790 latini
929 3724 1314 3789 transsubstantiationem

237 3829 324 3893 redte
339 3842 506 3896 verterunt
517 3834 541 3896 ”.

260 3945 422 3955 -——..———

273 4010 279 4032 ¹
296 4007 338 4060 lta
352 4009 382 4059 S.
397 4009 535 4076 chrysost.
551 4008 645 4061 homil.
663 4009 673 4060 1
686 4007 724 4060 de
738 4005 836 4075 prodit.
851 4005 938 4073 Judae,
953 4023 979 4059 n.
992 4004 1016 4059 6.

271 4095 323 4147 ²5.
342 4095 424 4162 Greg.
440 4097 521 4163 Nyss.
537 4113 575 4149 or.
592 4096 699 4150 catech.
716 4112 738 4148 c.
754 4107 795 4161 37.
812 4123 847 4131 -
859 4087 869 4117 ³
882 4095 913 4146 S.
929 4091 1056 4146 Ambros.
1077 4090 1114 4144 de
1132 4089 1242 4158 Mysten
1256 4104 1276 4140 c.
1290 4099 1309 4149 9.

236 4195 263 4229 n.
282 4191 322 4246 54.
338 4209 372 4216 -
384 4176 395 4206 ⁴
408 4181 439 4232 S.
454 4181 477 4234 C
470 4182 578 4247 yn'llrrs
590 4183 701 4235 Hebros.
718 4181 834 4235 Catech.
851 4189 933 4249 myst.
949 4196 975 4232 n.
990 4192 1014 4242 4.
1030 4207 1065 4216 -—
1077 4171 1088 4202 ⁸
1101 4179 1228 4246 Systema
1240 4171 1308 4229 theol

236 4279 254 4292 '⁸
280 4277 330 4330 224
344 4263 388 4316 ed.
405 4265 515 4332 Emery.
