2752 4648
245 159 311 214 ³86
696 163 835 215 CAPUT
854 164 896 212 11.

288 342 347 422 (C)
362 339 403 404 ln
412 343 517 422 praxi
529 352 651 418 autem,
667 343 806 425 praefata
829 345 928 407 verba
949 361 1080 424 semper
1100 341 1322 424 pronuntianda

244 455 331 520 sunt,
346 446 530 525 etquidem
547 446 610 509 sub
625 448 725 527 gravi,
741 456 774 509 et
794 447 820 509 si
843 447 966 509 omissa
982 444 1114 519 fuerint,
1130 444 1272 508 iteranda
1285 451 1321 502 est

243 549 449 611 consecratio
469 549 531 611 sub
549 550 760 624 conditione;
783 568 861 612 nam
882 549 1018 629 quando
1039 548 1150 630 agitur
1168 547 1209 610 de
1230 543 1322 606 validi·

244 659 323 724 tate,
338 650 440 712 tutior
456 671 531 731 pars
546 652 717 732 sequenda
732 660 793 714 est.

289 775 324 824 2⁰
351 761 529 844 Esplr'cntrb
558 763 726 827 verborum
743 785 756 826 .·
785 762 835 843 (a)
864 763 1006 826 Locutio
1035 763 1151 825 “calix
1176 759 1323 843 sanguinis

244 866 310 928 mei
320 866 335 892 ’¹
356 865 520 948 significat
538 891 546 929 :
568 867 703 948 sanguis
728 886 820 929 meus
844 867 875 928 in
899 866 962 928 hoc
983 865 1084 928 calice
1106 873 1281 936 contentus,
1296 870 1323 921 ut

244 967 287 1031 sit
303 966 449 1031 fidelium
467 978 573 1050 potus.

287 1075 339 1156 (b)
354 1082 371 1108 “
383 1075 475 1139 Novi
495 1087 526 1139 et
545 1077 662 1140 oeterm'
680 1077 879 1140 Testamenti
889 1079 905 1102 '’
918 1099 930 1140 .·
953 1077 1003 1139 his
1022 1076 1131 1140 verbis
1155 1073 1324 1157 exprimitur

244 1180 404 1260 sanguine
442 1178 563 1243 Christi
601 1179 701 1243 luisse
738 1180 840 1242 veluti
879 1179 1059 1262 sigillatum
1090 1179 1322 1242 Testamentum

244 1282 354 1380 lllL,
374 1302 432 1345 seu
453 1281 562 1345 foedus
587 1302 709 1345 novum
731 1283 816 1345 inter
837 1283 947 1346 Deum
968 1292 1002 1346 et
1027 1281 1196 1344 hominem
1215 1289 1325 1342 eontra·

243 1381 332 1449 t‘tum
346 1407 354 1464 ;
384 1395 522 1449 vocatur
545 1395 704 1450 aeternum
730 1405 788 1468 per
809 1385 1055 1468 oppositionem
1083 1384 1126 1447 ad
1150 1384 1225 1446 Ant.
1252 1381 1325 1445 Test..

243 1489 333 1568 quod
350 1499 420 1551 erat
437 1498 688 1571 temporaneum
704 1498 738 1551 et
754 1490 994 1572 abrogandum,
1010 1490 1090 1552 dum
1112 1488 1157 1552 N.
1178 1487 1212 1550 T.
1227 1503 1325 1568 perpe·

243 1601 338 1653 tuum
355 1601 414 1654 est.

287 1699 335 1780 (c)
351 1705 366 1734 ‘⁴
379 1693 577 1778 Mysterium
591 1699 678 1782 fidei
688 1700 713 1775 ’',
728 1701 806 1782 quia
822 1700 885 1764 hoc
901 1710 1146 1763 sacramentum
1167 1708 1216 1761 est
1232 1713 1326 1760 revera

245 1822 403 1884 magnum
421 1805 614 1885 mysterium
631 1803 701 1867 sola
718 1804 783 1868 fide
800 1804 1012 1868 credendum.

286 1911 339 1993 (d)
363 1912 460 1990 “Qui
474 1923 538 1994 pro
563 1913 652 1976 vobis
675 1923 707 1977 et
723 1923 786 1994 pro
811 1913 924 1976 multis
947 1911 1210 1992 effundetur”...
1225 1908 1326 1990 quibus

242 2015 351 2079 verbis
367 2015 571 2098 significatur
585 2018 781 2098 sanguinem
800 2015 923 2080 Christi
940 2014 1064 2077 effundi
1081 2033 1146 2076 non
1163 2013 1264 2074 solum
1279 2026 1326 2090 pro

242 2119 416 2201 Apostolis
432 2130 490 2183 aut
506 2119 740 2196 sacerdotibus,
760 2120 817 2182 sed
835 2119 935 2180 etiam
953 2137 1013 2198 pro
1028 2115 1184 2178 omnibus
1198 2113 1272 2186 aliis,
1280 2107 1325 2190 qui

243 2232 333 2286 certo
349 2222 444 2285 multi
460 2232 547 2286 sunt.
591 2223 643 2304 (S.
663 2222 694 2285 T
691 2223 722 2286 lt.
740 2239 766 2302 3.
783 2242 812 2302 p.
830 2240 860 2301 q.
878 2223 928 2299 78,
944 2240 970 2282 a.
989 2219 1031 2299 3.)

287 2376 354 2426 100.
404 2357 591 2423 Corollaria.
641 2370 673 2420 10
688 2358 801 2421 Verba
820 2358 988 2438 utriusque
1008 2356 1123 2418 lormae
1140 2347 1326 2436 pronuntiari

242 2461 366 2524 debent
388 2459 553 2535 distinete,
575 2471 768 2536 reverenter,
784 2462 986 2538 continuate,
1010 2469 1043 2522 et
1067 2458 1262 2530 naturaliter,
1277 2471 1325 2516 nec

243 2583 336 2626 mora
352 2565 507 2644 ponenda
523 2573 573 2627 est
590 2565 674 2627 inter
690 2564 820 2646 singula
836 2564 945 2628 verba.

287 2679 322 2727 20
333 2665 442 2728 Verba
452 2666 698 2748 pronuntianda
708 2677 786 2730 sunt
799 2687 864 2729 non
878 2666 986 2730 solum
997 2664 1162 2742 historice,
1172 2665 1227 2727 sed
1240 2663 1324 2725 etiam

242 2751 399 2833 assertive
414 2790 489 2832 cum
506 2771 691 2832 intentione
707 2771 908 2851 producendi
925 2768 1014 2852 quod
1031 2767 1226 2850 significant.

287 2886 322 2952 3⁰
335 2873 412 2936 Non
429 2873 529 2936 debet
545 2873 655 2936 iterari
671 2875 886 2948 consecratio,
897 2873 958 2936 nisi
972 2870 1188 2954 probabiliter
1198 2870 1266 2952 quis
1277 2868 1325 2928 du·

242 2975 325 3038 bitet
341 2997 376 3038 se
392 2975 516 3058 aliquid
533 2975 708 3038 essentiale
724 2976 891 3051 omisisse;
911 2984 991 3038 tunc
1008 2975 1144 3037 iteretur
1157 2973 1218 3036 sub
1229 2969 1325 3033 condi·

242 3081 340 3142 tione.
1362 3123 1363 3210 1

255 3261 342 3337 Art.
363 3257 441 3338 ΙΙΙ
465 3257 528 3334 De
556 3258 763 3337 effectibus
791 3258 1027 3336 sacramenti
1057 3255 1312 3334 Eucharistiae.
1362 3211 1363 3224 l

286 3435 364 3496 Post
384 3430 473 3496 dieta
492 3433 535 3494 de
554 3432 690 3494 materia
713 3441 747 3495 et
770 3432 875 3494 forma
897 3432 1095 3495 sacramenti
1116 3429 1324 3498 Eucharistiae,

169 3567 171 3571 ·
240 3533 312 3617 ejus
328 3530 465 3597 efiebtus
481 3534 666 3597 describere
683 3535 765 3596 licet

285 3676 350 3724 101
400 3657 625 3720 Protestantes
652 3655 756 3729 multi,
782 3665 860 3736 post
884 3653 1076 3730 ertlzerum,
1101 3656 1324 3718 contenderunt
1362 3535 1363 3742 l

240 3760 432 3843 primarium
464 3755 619 3821 effectum
650 3757 748 3838 hujus
778 3758 976 3820 sacramenti
1007 3777 1079 3819 esse
1115 3749 1363 3820 remissionem

241 3872 451 3942 peccatorum
477 3861 688 3938 mortalium;
715 3865 802 3942 “per
825 3861 933 3942 ipsum
957 3861 1056 3935 enirn,
1078 3861 1238 3942 inquiunt,
1257 3853 1363 3919 fides
1362 3887 1363 3940 ,

239 3967 414 4040 excitatur,
431 3976 463 4027 et
482 3963 653 4046 perfidem
672 3975 808 4046 peecata
825 3965 1038 4028 remittuntur
1049 3965 1063 3989 ”
1077 3977 1097 4026 ¹.
1144 3965 1211 4027 Alii
1227 3964 1321 4026 dicunt
1362 3947 1363 3964 ¹

274 4176 282 4206 ¹
297 4173 376 4226 “Est
389 4173 463 4226 enim
478 4183 677 4228 testamentum
691 4177 745 4229 hoc
759 4175 862 4231 Christi
877 4176 1018 4230 medicina
1031 4175 1115 4230 unica
1128 4175 1318 4246 praeteritorum.
1362 4167 1363 4200 l

239 4260 421 4329 praesentium
434 4270 462 4313 et
475 4259 627 4314 futurorum
641 4274 829 4330 peccatorum,
840 4261 926 4316 modo
940 4263 1097 4317 indubitata
1110 4264 1166 4318 lide
1180 4265 1204 4319 ei
1217 4262 1319 4316 adhaese·
