2758 4652
216 149 285 200 604
645 149 702 197 DE
719 147 897 198 ORDINE.

216 330 303 394 saera
319 329 525 413 inspedlione
549 333 580 394 in
605 330 751 393 archivio
767 327 942 404 Vaticano,
958 326 1101 388 relatum
1118 333 1166 386 est
1183 323 1317 386 Bullam

215 435 350 515 quidem
378 435 502 496 ibidem
531 435 673 515 reperiri,
696 435 754 496 sed
782 431 987 494 mentionem
1011 429 1054 490 de
1078 430 1257 490 diaconatu
1284 428 1320 486 in

215 537 332 600 eadem
349 538 466 600 deesse
476 539 500 602 ”.
546 537 655 601 Valde
666 537 838 619 probabile
850 547 901 601 est
914 539 1014 620 igitur
1027 536 1093 599 tale
1105 534 1318 617 privilegium

216 659 387 722 nunquam
405 640 506 704 fuisse
522 661 726 704 concessum.

377 792 417 849 v.
440 791 494 851 De
517 773 721 850 effectibus
744 789 864 864 hujus
886 761 1124 850 sacramenti
1135 787 1154 847 ¹.

203 995 207 1002 Ι
238 896 240 900 .
258 919 396 1000 Duplex
410 930 460 983 est
472 918 691 981 ordinationis
703 917 849 994 effeetus,
861 919 1029 981 charadier
1039 928 1073 980 et
1083 919 1204 999 gratia.
1257 919 1321 980 Per

215 1019 377 1086 Ordinem
392 1021 538 1103 imprimi
556 1018 779 1084 charadterem
797 1021 828 1082 in
843 1022 954 1084 anima
969 1021 1038 1102 jam
1055 1021 1269 1102 probavimus
1286 1023 1320 1080 in

220 1124 272 1190 Tr.
289 1127 328 1189 de
346 1126 492 1190 Sacram.
510 1126 545 1186 in
555 1145 672 1205 genere
686 1123 731 1206 (n.
747 1124 812 1204 69).
860 1123 927 1187 Sed
952 1125 1023 1206 ejus
1047 1134 1164 1187 natura
1186 1123 1241 1184 hic
1262 1124 1320 1184 de-

214 1227 330 1291 clarari
343 1228 452 1291 debet.

369 1377 400 1426 10
416 1364 468 1426 De
483 1362 663 1425 charaiiere
670 1373 733 1443 per
745 1363 983 1426 ordinationem
1000 1361 1161 1444 impresse.

256 1511 305 1562 22.
356 1497 559 1578 Hujusmndi
572 1495 741 1559 charadter
753 1498 857 1560 tribus
867 1498 1040 1561 ordinibus
1053 1507 1143 1560 certo
1156 1499 1321 1579 imprimi-

214 1613 277 1676 tur,
288 1603 474 1682 episcopatu,
483 1601 715 1682 presbyteratu,
727 1601 898 1667 diaconatu
905 1623 920 1674 ,·
943 1610 1053 1663 utrum
1067 1602 1168 1664 etiam
1181 1602 1319 1664 subdia·

214 1715 335 1767 conatu
349 1704 399 1767 vel
418 1703 599 1766 minoribus
612 1704 792 1778 ordinibus,
802 1705 1066 1780 controvertitur,
1078 1725 1118 1766 eo
1130 1705 1207 1787 quia
1218 1705 1319 1768 dubi-

214 1817 303 1871 tatur
333 1828 352 1870 a
382 1807 550 1869 nonnullis
581 1817 691 1869 utrum
723 1809 917 1871 sacramenti
957 1808 1120 1869 rationem
1159 1807 1319 1868 habeant.

214 1909 386 1993 Quidquid
404 1911 455 1985 sit,
471 1908 641 1973 charadier
656 1920 706 1972 est
716 1920 858 1990 potestas
872 1910 1027 1991 quaedam
1045 1931 1139 1973 sacra
1154 1931 1318 1992 peragen-

212 2015 247 2078 di
261 2039 268 2094 ;
288 2015 439 2095 jamvero
451 2013 578 2094 duplex
592 2023 740 2094 potestas
753 2013 944 2094 hujusmodi
958 2012 1126 2075 confertur
1138 2013 1169 2074 in
1183 2013 1319 2074 ordina-

213 2117 312 2191 tione,
328 2138 395 2179 una
418 2116 504 2179 circa
528 2135 648 2196 corpus
664 2115 787 2178 Christi
812 2117 844 2178 in
867 2115 1086 2191 Eucharistia,
1103 2115 1208 2178 altera
1230 2117 1318 2178 circa

212 2219 283 2300 ejus
300 2241 419 2301 corpus
436 2221 623 2301 mysticum,
639 2220 767 2281 animas
783 2239 825 2281 sc.
838 2219 1011 2282 Fidelium.

255 2338 305 2403 23.
351 2322 410 2403 (A)
423 2321 451 2384 S
452 2331 634 2384 acromonte
647 2320 783 2384 Ordinis
795 2322 941 2384 traditur
947 2332 1091 2403 potestas
1101 2322 1317 2396 consecrandi,

212 2425 368 2505 offermdi
377 2435 408 2486 et
420 2425 635 2487 ministrandi
648 2436 758 2505 corpus
770 2435 801 2487 et
814 2425 1006 2506 sangninem
1019 2423 1166 2486 Domini.
1200 2424 1254 2504 (a)
1267 2425 1318 2486 De

203 2526 275 2608 fide
296 2537 346 2590 est
370 2547 414 2588 ex
443 2527 633 2589 Tridentino
656 2526 740 2609 (cap.
769 2528 825 2608 1):
859 2533 875 2559 “
891 2526 967 2589 Hoc
991 2537 1102 2589 autem
1127 2526 1170 2588 ab
1194 2529 1314 2590 eodem

213 2629 361 2693 Domino
378 2630 551 2694 Salvatore
568 2641 682 2694 nostro
705 2632 895 2695 institutum
913 2649 994 2704 esse,
1011 2639 1110 2710 atque
1127 2629 1316 2710 Apostolis,

211 2753 391 2816 eorumque
407 2734 652 2796 successoribus
669 2735 701 2796 in
719 2734 918 2808 sacerdoti0,
934 2742 1136 2815 potestatem
1155 2733 1313 2795 traditam

212 2838 436 2911 consecrandi,
452 2835 623 2912 offerendi,
640 2846 673 2899 et
691 2836 900 2900 ministrandi
917 2853 1037 2915 corpus
1059 2845 1092 2896 et
1114 2835 1313 2916 sanguinem

211 2937 290 3019 ejus,
304 2958 432 3000 necnon
447 2946 480 3000 et
497 2939 836 3018 peccatadimittendi
849 2948 882 2999 et
896 2938 1068 3011 retinendi,
1079 2957 1182 2998 sacrae
1196 2938 1314 2999 littene

210 3043 401 3112 ostendunt,
418 3051 451 3102 et
469 3040 651 3104 Catholicae
670 3042 829 3104 Ecclesiae
853 3041 990 3103 traditio
1011 3059 1143 3120 semper
1164 3040 1283 3102 docuit
1291 3042 1312 3102 ''.

213 3141 417 3223 Hujusmodi
433 3152 581 3224 potestas
599 3143 696 3224 plene
714 3144 891 3226 Episcopis
907 3152 941 3205 et
958 3142 1195 3207 Sacerdotibus
1213 3143 1314 3218 inest,

210 3245 340 3308 diaconi
365 3255 476 3308 autem
500 3245 659 3310 facultate
676 3247 921 3310 Eucharistiam
938 3246 1155 3328 dispensandi
1180 3255 1311 3309 tantum

210 3348 337 3429 pollent
351 3370 358 3425 ;
381 3349 436 3410 alii
449 3358 562 3412 autem
577 3351 710 3413 ordines
723 3351 896 3413 materiam
910 3349 1170 3412 consecrandam
1184 3370 1311 3430 praepa-

211 3461 292 3526 rant,
308 3461 345 3515 ut
361 3473 460 3532 supra
477 3452 682 3534 explicatum
700 3463 760 3516 est.

209 3553 260 3634 (b)
272 3554 413 3618 Accedit
429 3555 530 3617 etiam
550 3555 730 3635 Scriptura
744 3553 936 3632 auitoritas;
959 3576 1046 3632 nam,
1057 3554 1159 3636 juxta
1172 3557 1209 3618 S.
1222 3557 1311 3618 Pau-

208 3656 304 3733 lum2,
320 3657 496 3720 essentiale
513 3677 633 3720 munus
646 3658 836 3721 Sacerdotis
853 3660 885 3720 in
903 3679 943 3720 eo
955 3659 1054 3721 situm
1072 3668 1124 3721 est
1140 3667 1178 3721 ut
1194 3657 1312 3720 offerat

209 3759 388 3822 sacrificla:
412 3758 560 3823 “Omnis
578 3779 722 3841 namque
740 3761 897 3824 Pontifex
914 3783 957 3824 ex
974 3761 1168 3824 hominibus
1185 3782 1310 3824 assum·

210 3871 286 3941 ptus
302 3883 362 3943 pro
377 3862 568 3925 hominibus
581 3865 793 3926 constituitur
806 3865 838 3926 in
853 3865 891 3928 iis
904 3876 1070 3945 quaesunt
1083 3866 1125 3927 ad
1142 3865 1262 3940 Deum,
1276 3876 1310 3927 ut

209 3963 326 4025 offerat
343 3967 430 4025 dona
447 3975 481 4026 et
502 3966 659 4028 sacrificia
683 3988 742 4048 pro
766 3968 964 4047 peccatis'’;
991 3968 1083 4048 atqui
1108 3967 1141 4028 in
1161 3967 1201 4029 N.
1220 3967 1311 4047 Lege

243 4156 392 4291 ἒΗαὸΗιέξΞ
404 4173 429 4223 p.
444 4158 486 4221 ll,
498 4157 565 4210 seit.
583 4173 610 4224 33
631 4161 833 4227 Bellarminus,
847 4179 869 4216 c.
888 4178 930 4227 10;
949 4163 1052 4229 Bonal,
1066 4175 1098 4230 35
1114 4179 1155 4230 sq.

266 4241 312 4290 He
329 4259 350 4292 r.
396 4279 402 4304 ,
419 4257 439 4293 1.
