2738 4646
226 151 474 234 TRAcrATth
492 185 545 234 DE
563 184 933 236 CONFIRMATIONE.
1060 183 1125 232 275

43 359 125 420 stolis
151 360 337 425 adhibitum
365 385 409 426 ex
438 364 520 428 libro
545 366 689 427 Aliunm
713 364 909 445 colligitur1.
967 362 1126 424 Narratur

43 461 194 540 siquidem
216 464 339 526 multos
357 461 594 537 Samaritanus,
610 463 697 525 viros
716 474 749 525 et
771 465 933 540 mulieres,
949 485 968 526 a
984 464 1125 526 diacono

45 562 187 646 Philippo
202 585 379 628 conversos
400 564 513 639 fuisse,
529 574 562 626 et
578 565 621 626 ab
637 565 755 628 eodem
777 566 964 648 baptizatos
978 590 985 645 ;
1008 574 1125 647 postea

42 679 140 731 autem
161 669 315 751 Apostoli
333 671 449 732 Petrus
466 678 500 731 et
514 669 661 750 Joannes
686 681 848 733 venerunt
871 672 913 733 ab
933 669 1125 750 Hierosoly-

42 775 94 844 ma,
110 781 145 833 ut
168 773 248 852 ipsis
271 772 458 834 conferrent
483 771 643 853 Spiritum
663 772 721 835 S''.
767 773 890 835 “Tunc
906 773 1125 854 imponebant

42 891 146 934 manus
182 895 281 955 super
312 874 386 936 illos
420 883 453 936 et
488 874 696 954 accipiebant
728 875 887 957 Spiritum
918 876 949 939 S.
963 877 978 902 ''
1037 875 1123 938 Item

42 973 69 1036 S.
98 976 225 1050 PauluS,
257 977 427 1039 inveniens
459 975 584 1057 Ephesi
615 979 779 1058 quosdam
811 979 994 1061 discipulos
1023 979 1124 1060 Joan·

41 1079 83 1138 nis
99 1079 270 1161 Baptistae,
299 1081 372 1143 illos
402 1080 546 1162 primum
576 1080 768 1162 baptizavit,
794 1094 828 1147 et
859 1094 975 1166 postea
1006 1103 1124 1145 manus

41 1179 187 1260 imposuit
210 1203 308 1265 super
325 1184 407 1258 illos,
424 1192 460 1245 ut
484 1184 673 1264 acciperent
690 1185 851 1267 Spiritum
870 1186 901 1249 S.
922 1207 928 1248 :
952 1185 1026 1247 “Et
1048 1205 1123 1246 cum

40 1283 242 1364 imposuisset
272 1286 335 1348 illis
367 1306 497 1378 manus¹
515 1287 649 1364 Paulus,
677 1289 768 1350 venit
797 1289 938 1370 Spiritus
966 1288 998 1351 S.
1026 1307 1126 1368 super

40 1405 86 1446 eos
96 1387 110 1412 ’'
121 1400 142 1448 ².

78 1489 172 1552 Unde
195 1491 268 1553 sic:
296 1491 352 1553 Ad
377 1502 622 1555 sacramentum
649 1493 688 1555 N.
712 1493 748 1557 L.
773 1493 835 1555 tria
858 1493 1069 1574 requiruntur
1091 1501 1124 1553 et

40 1589 216 1654 sufficiunt:
240 1594 371 1674 signum
388 1595 552 1670 sensibile,
569 1597 686 1676 gratiae
704 1594 946 1676 produdtivum,
958 1617 978 1658 a
992 1593 1124 1659 Christo

41 1706 260 1770 permanenter
288 1697 498 1774 institutum;
536 1699 628 1778 atqui
657 1698 727 1760 haec
755 1701 817 1761 tria
851 1699 1063 1761 inveniuntur
1090 1698 1122 1758 in

42 1793 299 1859 Confirmationis
323 1797 386 1859 ritu
410 1817 510 1878 supra
526 1798 704 1879 descriptio
724 1823 730 1861 ε
754 1799 801 1878 (a)
819 1800 950 1882 signum
968 1797 1123 1870 sensibile,

40 1915 75 1957 sc.
97 1899 264 1979 impositio
294 1917 450 1960 manuum
467 1921 474 1974 ;
505 1919 565 1960 nec
596 1901 725 1963 dicatur
755 1902 844 1963 illam
877 1901 1122 1983 impositionem

40 2002 179 2063 eamdem
193 2020 265 2062 esse
278 2021 317 2063 ac
329 2021 368 2063 ea
380 2021 455 2082 quae
469 2002 634 2065 invenitur
645 2004 677 2065 in
689 2002 825 2080 Ordine,
836 2014 894 2067 aut
911 2024 976 2066 nort
993 2001 1123 2065 differre

40 2105 274 2166 acaeremoniis
298 2104 470 2185 Baptismi,
493 2126 570 2167 nam
600 2107 674 2169 talis
704 2107 874 2189 impositio
901 2107 998 2169 fiebat
1025 2126 1124 2187 super

41 2205 113 2267 uiros
129 2216 162 2268 et
178 2205 360 2282 mulieress,
373 2226 411 2268 ac
428 2208 567 2288 proinde
580 2208 681 2274 Ordo·
690 2230 762 2271 esse
780 2230 845 2271 uon
864 2219 994 2291 poterat
1004 2231 1011 2286 ;
1036 2208 1122 2270 insu-

40 2323 88 2381 per
103 2303 200 2367 fiebat
216 2324 315 2385 super
330 2305 528 2368 christianos
542 2306 612 2386 jam
630 2317 729 2370 antea
746 2306 889 2388 persedte
907 2308 1122 2389 baptizatosr,

41 2409 90 2451 nec
119 2391 258 2471 proinde
289 2393 487 2454 caeremonia
518 2403 589 2456 erat
621 2393 663 2456 ad
696 2394 906 2475 Baptismum
945 2395 1123 2476 pertinens

40 2491 81 2571 lb)
105 2493 230 2556 Gratioe
250 2491 492 2574 productivum,
509 2514 586 2557 nam
611 2497 686 2558 talis
711 2497 880 2579 impositio
904 2497 1065 2580 Spiritum
1088 2496 1121 2559 S.

40 2595 264 2670 conserebat‚ut
279 2607 418 2678 apparet
438 2616 481 2659 ex
504 2597 585 2660 locis
601 2599 711 2661 citatis
728 2609 762 2662 et
779 2601 912 2680 insuper
928 2599 1047 2662 clarius
1063 2619 1121 2660 ex-

40 2697 177 2774 primitur
188 2718 232 2760 ex
244 2697 352 2760 verbis
367 2722 374 2761 :
398 2699 509 2762 “Cum
522 2699 696 2763 vidisset...
709 2701 787 2781 quia
804 2722 862 2782 per
874 2701 1119 2782 impositionem

40 2819 184 2863 manuum
196 2800 436 2882 Apostolorum
449 2802 583 2865 daretur
594 2803 737 2884 Spiritus
749 2803 827 2868 S.'’⁵.
860 2803 965 2884 Atqui
978 2803 1120 2884 Spiritus

40 2900 66 2964 S.
81 2923 141 2965 non
158 2912 270 2985 potest
285 2902 423 2966 conferri
441 2905 513 2966 sine
528 2905 656 2986 gratian
679 2925 765 2987 ergo

67 3034 125 3092 Nec
138 3036 236 3094 dicere
247 3037 330 3105 iuvat
343 3035 391 3092 hic
403 3035 450 3107 agi
463 3036 560 3094 solum
573 3037 612 3094 de
626 3036 708 3095 dono
722 3037 940 3104 miraculorum,
954 3035 1055 3094 aliisve
1067 3035 1120 3093 do-

40 3121 75 3177 nis
86 3121 170 3192 gratis
183 3121 271 3194 datis;
290 3139 369 3192 nant,
384 3121 453 3179 licet
467 3123 636 3194 frequenter
649 3125 752 3195 primis
769 3123 954 3195 temporibus
967 3122 1015 3180 illa
1028 3133 1119 3180 extra-

40 3209 170 3266 ordinaria
183 3209 264 3268 dona
275 3227 345 3265 cum
358 3208 408 3265 illa
420 3227 563 3266 manuum
582 3211 772 3282 impositione
786 3211 1041 3280 connecterentur,
1057 3228 1119 3268 non

39 3295 252 3354 conferebantur
263 3295 403 3367 primario
421 3307 450 3353 et
469 3313 595 3368 semper,
611 3315 666 3354 nec
685 3298 808 3367 gratiam
824 3297 1058 3354 sanctificantem
1072 3314 1118 3352 ex-

40 3381 193 3450 eludebant,
202 3382 255 3440 sed
270 3381 369 3453 potius
382 3382 518 3440 eamdem
534 3383 654 3441 interius
665 3384 726 3441 dari
741 3383 956 3454 significabant.
987 3382 1118 3439 Aliunde

41 3469 161 3539 Apostoli
174 3469 335 3526 Samariam
355 3478 545 3540 perrexerunt
565 3487 625 3527 non
647 3479 677 3526 ut
696 3470 810 3527 donum
831 3469 1047 3538 miraculorum,
1064 3469 1118 3527 sed

40 3555 147 3622 gratiam
160 3555 198 3613 ad
211 3554 336 3612 salutem
352 3555 453 3612 utilem
467 3556 643 3625 conferrent,
661 3565 692 3613 ut
710 3566 790 3627 patet
803 3573 839 3614 ex
851 3573 939 3613 sensu
952 3555 1041 3612 obvio
1055 3573 1118 3611 nar·

41 3641 153 3708 rationis,
165 3652 193 3700 et
208 3643 327 3699 Patrum
342 3641 525 3711 audioritate,
539 3661 566 3699 v.
581 3661 609 3714 g.
623 3643 654 3700 S.
671 3643 817 3714 Cypriani
828 3643 896 3714 (Ep.
914 3658 954 3714 73,
973 3660 1001 3698 n.
1016 3644 1044 3713 9)
1057 3642 1118 3712 qui,

41 3739 96 3796 post
112 3729 219 3788 lactum
239 3729 328 3800 hujus
347 3747 490 3786 manuum
512 3730 710 3802 impositionis
730 3731 863 3798 relatum,
876 3729 980 3786 addit:
1000 3729 1118 3802 “Quod

41 3829 105 3872 nunc
117 3835 234 3889 quoque
247 3815 329 3888 apud
343 3833 396 3874 nos
409 3817 526 3887 geritur,
541 3829 571 3874 ut
585 3818 635 3890 qui
650 3818 679 3874 in
695 3817 829 3874 Ecclesia
842 3816 1035 3888 baptizantur,
1045 3835 1117 3888 prae·

42 3903 127 3968 positis
146 3904 287 3962 Ecclesiae
305 3903 471 3974 oll'erantur,
495 3915 524 3961 et
543 3922 596 3976 per
616 3916 746 3962 nostram
766 3903 931 3961 orationem
952 3921 988 3960 ac
1010 3922 1117 3962 manus

41 3979 242 4055 impositionem
254 3985 398 4058 Spiritum
410 3987 437 4044 S.
449 3996 666 4058 consequantur,
676 3999 705 4046 et
719 3988 872 4058 signaculo
885 3987 1037 4046 dominico
1047 4007 1117 4046 con·

70 4181 238 4250 'dclVllL
256 4185 492 4240 nau-²145.
510 4186 957 4257 xlx,1-6.-³An.V111,12.

69 4261 142 4326 *an
155 4274 237 4343 vni,
256 4273 297 4328 16.
319 4303 347 4312 -
361 4276 370 4310 ⁵
382 4270 446 4327 Aa.
463 4274 546 4340 vui,
563 4275 601 4328 18.
