2794 4662
423 184 477 232 DE
499 181 791 234 MA'rnrMoluto.
1083 180 1152 232 γ631

45 437 47 440 ,
91 369 253 448 Jamvero
267 368 320 430 ille
333 386 513 430 consensus
525 368 690 430 unanimis
707 367 808 430 totius
821 365 979 429 Ecclesiae
993 364 1156 446 perplura

45 471 184 546 saecula,
194 481 427 554 argumentum
439 479 489 534 est
499 470 647 533 veritatis
660 490 720 552 pro
734 469 797 533 illis
808 468 1029 550 omnibusqui
1043 465 1155 530 aucto·

45 574 186 636 ritatem
204 574 365 641 universae
378 573 537 638 Ecclesiae
554 573 744 635 admittunt.
792 573 954 635 Praeterea
973 571 1060 633 idem
1078 588 1156 630 con-

44 696 169 738 sensus
186 676 335 740 historice
351 677 470 758 probat
487 677 735 740 matrimonium
749 686 786 740 ut
802 683 1049 740 sacramentum
1062 671 1155 734 habi·

45 789 123 842 tum
149 779 249 842 fuisse
272 789 350 842 aute
373 799 517 860 graecum
542 779 685 842 schisma
708 788 741 842 et
765 781 1010 861 separationem
1037 776 1154 866 Orien-

45 883 169 946 talium
187 881 374 958 sefiarum3
398 884 455 946 nisi
473 883 563 946 enim
580 904 631 946 res
649 885 695 946 ita
712 904 748 944 se
764 882 911 956 haberet,
923 900 1028 962 neque
1043 878 1154 942 Latini

45 1007 67 1048 a
85 986 223 1062 Graecis,
241 1007 348 1068 neque
365 987 472 1050 Graeci
489 1008 508 1049 a
525 987 666 1062 Latinis,
683 1006 791 1067 neque
812 986 911 1047 variae
931 982 1153 1047 Orientalium

40 1083 152 1150 sedtae
169 1087 212 1148 ab
228 1089 377 1168 utrisque
392 1086 478 1149 hanc
495 1105 616 1150 novam
634 1082 821 1148 doctrinam
845 1086 1063 1156 mutuasseut,
1079 1100 1153 1162 pro-

41 1201 126 1270 pter
142 1191 220 1252 odia
236 1211 273 1253 ac
291 1190 531 1262 contentiones,
547 1207 623 1268 quae
646 1189 732 1250 inter
751 1187 811 1248 has
832 1186 979 1247 diversas
999 1183 1155 1246 ecclesias

44 1291 280 1373 praevalebant
292 1306 313 1356 1.
361 1293 478 1374 Neque
491 1292 591 1354 etiam
605 1291 669 1352 diei
684 1290 892 1371 potesthanc
906 1287 1153 1349 innovationem

45 1405 130 1458 ante
146 1395 206 1458 has
218 1395 398 1458 divisiones
415 1395 523 1457 locum
539 1394 693 1457 habuisse
709 1416 716 1470 ;
744 1393 869 1456 nullum
884 1393 971 1455 enim
990 1390 1155 1454 invenitur
1210 1434 1214 1442 .

45 1498 150 1578 hujus
190 1499 384 1562 mutationis
414 1499 602 1579 vestigium,
633 1495 743 1559 nullus
782 1495 879 1576 hujus
918 1493 993 1556 novi
1028 1492 1152 1554 inventi

46 1599 189 1677 auctum
215 1602 272 1663 sed
290 1609 449 1674 econtra,
466 1600 571 1664 multa
595 1601 781 1662 invenimus
802 1597 951 1678 vestigia,
966 1616 1009 1658 ex
1034 1594 1154 1676 quibus

48 1703 171 1764 merito
193 1702 331 1765 infertur
346 1703 431 1764 hanc
447 1701 633 1768 dodirinam
651 1724 670 1764 a
689 1703 841 1765 Patribus
862 1699 1015 1764 edotiam
1033 1719 1105 1772 esse
1121 1709 1154 1761 et

47 1805 93 1866 ab
107 1804 282 1886 Apostolis
298 1825 502 1886 promanare.
549 1804 649 1886 Quod
666 1805 883 1866 ostendemus
899 1797 964 1886 (A)
978 1801 1155 1864 ExPutrr‘-

47 1909 116 1971 bus.
165 1907 278 1989 Quum
297 1909 523 1970 l'rotestantes
547 1908 753 1970 contendant
776 1905 913 1979 nullum,
930 1915 1007 1967 ante
1029 1903 1154 1984 Grego-

47 2013 86 2074 rii
106 2011 121 2073 Ι
139 2011 233 2091 (590)
249 2019 409 2092 tempora,
425 2011 575 2074 docuisse
599 2009 852 2073 Matrimonium
875 2026 946 2070 esse
967 2025 1154 2069 sacramen-

49 2125 134 2188 tum,
147 2115 338 2184 testimonia
354 2115 508 2195 quaedam
526 2115 727 2176 anteriorum
741 2111 937 2174 saeculorum
956 2111 987 2170 in
1006 2109 1153 2170 medium

48 2216 265 2298 proferemus,
284 2227 321 2280 ut
347 2235 390 2278 ex
416 2217 462 2278 eis
488 2217 597 2299 colligi
623 2218 728 2299 possit
748 2213 935 2278 dodirinam
962 2212 1153 2294 hujusmodi

48 2340 115 2382 non
134 2319 235 2382 luisse
251 2339 271 2382 a
287 2319 448 2400 Gregorio
465 2320 635 2382 inventam
652 2320 709 2382 scd
728 2319 771 2380 ab
787 2319 867 2399 ipsis
886 2315 1059 2397 Apostolis
1075 2317 1153 2377 cdo-

48 2420 149 2485 ctam.
177 2421 228 2502 (a)
242 2422 322 2485 Saec.
335 2423 377 2496 V,
386 2422 455 2501 jam
470 2423 505 2484 S.
518 2421 580 2483 Leo
595 2421 640 2483 M
640 2434 661 2486 .2
677 2420 861 2484 scribebat:
885 2419 996 2483 “Cum
1014 2417 1153 2480 societas

49 2526 242 2605 nuptiarum
271 2525 318 2587 ita
344 2524 388 2586 ab
414 2525 507 2585 initio
533 2525 714 2587 constituta
735 2524 786 2597 sit,
806 2532 842 2584 ut
868 2531 987 2602 praeter
1010 2537 1153 2582 sexuum

48 2625 320 2708 conjundtionem
345 2627 482 2688 haberet
508 2628 539 2687 in
564 2648 599 2690 se
619 2627 743 2692 curati
757 2636 787 2688 et
801 2625 950 2688 Ecclesiae
971 2642 1154 2686 sacramen·

48 2730 279 2806 tuuz,dubium
294 2741 360 2791 non
378 2741 427 2792 est
444 2745 520 2791 eam
533 2730 701 2792 mulierem
718 2749 783 2791 non
802 2729 965 2809 pertinere
982 2727 1023 2788 ad
1042 2725 1153 2788 matri-

49 2833 211 2907 monium,
228 2833 259 2894 in
284 2837 349 2913 qua
373 2833 512 2895 docetur
536 2833 684 2913 nuptiale
709 2851 773 2893 non
799 2831 899 2892 fuisse
923 2828 1116 2908 mysterium
1129 2827 1152 2888 '’.

50 2936 143 2998 Ante
171 2937 278 3017 ipsum
305 2934 508 2996 Innocentius
535 2935 557 2996 Ι
565 2947 579 2989 3
595 2958 606 2996 .·
640 2934 864 3005 “StatuimuS,
892 2929 956 2992 fide
988 2928 1151 2992 catholica

48 3037 263 3118 suffragante,
277 3037 356 3100 illud
374 3058 446 3099 esse
462 3037 664 3117 conjugium,
677 3038 765 3117 quod
783 3044 852 3095 erat
870 3033 1021 3114 primitus
1030 3030 1146 3112 gratati

47 3140 165 3203 divina
172 3141 357 3219 fundatum
369 3141 391 3202 ”.
431 3140 559 3202 Eodem
574 3140 640 3202 sere
653 3150 803 3220 tempore
815 3136 849 3198 5.
861 3136 1069 3216 Augustinus
1082 3154 1150 3195 ma·

48 3247 244 3307 trimonium
262 3255 358 3306 vocat
374 3254 612 3306 sacramentum
629 3243 867 3323 nuptias-uma,-
891 3240 953 3302 hoc
966 3257 1152 3300 sacramen·

47 3361 122 3412 tum
149 3359 322 3428 comparat
350 3368 425 3409 cum
454 3347 622 3427 baptismo
642 3355 674 3407 et
698 3343 917 3416 ordinatione,
936 3343 1061 3404 docens
1081 3341 1153 3421 ejus

47 3447 205 3513 effettum
223 3470 295 3512 csse
318 3449 653 3524 indissolubilitatem‚
669 3449 754 3509 sicut
778 3445 960 3508 indelebilis
984 3441 1153 3505 character

46 3564 100 3618 est
116 3551 255 3616 effcdlus
272 3554 428 3634 baptismi
446 3563 479 3614 et
495 3553 628 3628 ordinis,
646 3560 828 3632 posteaque
844 3549 959 3611 addit:
984 3554 998 3578 ¹*
1013 3549 1050 3609 ln
1068 3545 1151 3608 chri·

46 3659 234 3721 stianorum
266 3656 391 3737 nuptiis
422 3655 497 3736 plus
527 3655 616 3717 valet
646 3654 802 3716 senilitas
828 3650 1024 3712 sacramenti
1049 3668 1149 3729 quam

46 3743 241 3823 fecunditas
250 3759 334 3820 uteri
346 3769 366 3820 5.
414 3759 516 3820 Porro
529 3758 599 3818 haec
612 3757 725 3818 omnia
738 3755 835 3816 simul
849 3763 991 3833 sumpta,
1004 3773 1041 3814 ac
1051 3752 1150 3833 juxta

49 3933 72 3994 l,
99 3929 168 3994 126;
196 3931 337 3998 Denaiug.
364 3928 419 3982 Rit.
447 3929 546 3980 orient.
575 3929 596 3993 1,
622 3942 672 3995 150
694 3943 759 3995 sq.;
788 3925 954 3993 Perpetuiu‘¹
974 3925 1007 3975 u'e
1032 3922 1060 3974 lu
1086 3921 1147 3988 Fui,

46 4018 93 4072 ed.
110 4018 215 4086 Migne,
229 4028 247 4071 t.
267 4019 323 4080 lll,
339 4033 364 4084 p.
379 4018 429 4084 965
444 4032 485 4084 sq.

86 4110 92 4132 ¹
108 4103 163 4158 Cir.
182 4105 231 4159 Tr.
244 4105 277 4156 de
291 4104 490 4168 Sacramentis,
504 4118 531 4154 n.
548 4117 610 4169 23·²
615 4113 637 4168 5.
653 4129 688 4138 —
701 4113 710 4133 ²
725 4101 778 4169 Ep.
797 4100 845 4164 167
860 4097 896 4151 ad
911 4097 1018 4150 Rustic.

85 4191 157 4258 ³Ep.
174 4191 208 4257 36
220 4191 257 4244 ad
272 4191 403 4243 Probum.
417 4197 469 4226 -⁴
483 4189 516 4240 ln
529 4189 590 4256 Joa.
607 4197 641 4242 tr.
660 4187 710 4252 lX,
724 4203 750 4238 n.
765 4204 789 4240 2.

83 4285 93 4315 ⁵
109 4278 152 4330 De
168 4277 289 4345 Nuptiis,
306 4294 329 4330 c.
350 4292 392 4340 103
411 4275 458 4328 cfr.
473 4275 508 4328 ‹le
524 4275 603 4326 Bono
617 4273 765 4343 conjugali,
779 4289 818 4327 cc.
839 4271 878 4338 18,
893 4289 936 4342 24.
