2752 4648
259 182 314 232 DE
334 183 621 236 SACRAMENTO
639 186 957 238 EUCHARISTIAE.
1089 187 1156 239 409

72 367 134 421 tum
150 359 214 422 fere
228 361 308 437 dies,
324 363 441 426 dilatio
463 365 561 428 unius
584 375 641 429 aut
665 365 800 430 alterius
822 367 897 444 diei,
914 387 980 430 non
1003 377 1155 430 censetur

70 463 176 542 gravis,
192 463 270 544 quia
287 485 352 528 non
369 477 421 530 est
436 468 593 530 notabilis
606 481 624 530 ¹.

107 564 154 644 (d)
169 565 245 648 Qui,
261 568 408 649 incoepto
424 569 571 651 paschali
595 579 754 652 tempore,
772 570 931 653 praevidet
955 590 990 632 se
1014 569 1153 652 impedi-

68 676 130 730 tum
147 670 182 731 iri
199 671 279 752 quin
296 682 414 753 postea
429 674 662 748 communicet,
673 680 803 738 tenetur
814 669 1060 752 quamprimum
1077 668 1153 732 huic

66 769 252 851 obligationi
281 774 480 850 satisfacere,
504 785 683 856 antequam
714 774 838 836 oriatur
867 771 1151 853 impedimentum.

68 871 113 935 lta
126 894 250 954 omnes
260 877 337 957 quia
350 877 419 958 jam
433 888 529 960 urget
545 889 756 960 praeceptum.
804 876 925 940 Utrum
938 884 1049 938 autem
1062 875 1150 937 idem

65 979 276 1042 necessarium
290 980 333 1042 sit
344 983 480 1062 quando
493 982 770 1063 impedimentum
782 979 990 1062 praevidetur,
1000 979 1149 1041 nondum

64 1077 201 1161 incoepto
226 1081 284 1144 illo
309 1092 469 1166 tempore,
493 1084 590 1147 valde
616 1084 880 1158 controvertitur,
905 1091 939 1144 et
967 1092 1107 1163 negatur
1130 1103 1150 1144 a

63 1182 175 1258 multis,
190 1185 269 1266 quia
292 1186 368 1248 talis
384 1187 576 1250 communio
597 1208 663 1250 non
683 1196 770 1249 esset
791 1185 963 1266 impletiva
983 1187 1148 1266 praecepti.

65 1281 155 1347 Unde
178 1287 211 1348 in
238 1290 335 1369 praxi
360 1291 509 1372 urgenda
530 1310 595 1351 non
616 1298 667 1351 est
686 1289 758 1351 haec
777 1287 945 1369 obligatio
999 1289 1149 1370 Expedit

61 1393 165 1448 tamen
181 1396 226 1463 ut,
236 1408 311 1452 cum
330 1390 462 1454 licentia
479 1392 622 1475 parochi,
632 1393 832 1475 anticipetur
847 1401 979 1474 tempus
995 1391 1149 1473 paschale

60 1498 89 1548 et
104 1489 147 1550 ita
162 1502 367 1574 praeceptum
384 1494 568 1577 impleatur.

99 1605 161 1670 133
210 1607 245 1673 3⁰
263 1595 382 1673 Quoad
400 1598 502 1660 locum
519 1623 531 1661 ,·
560 1597 620 1678 (Α)
631 1599 714 1682 sure
736 1595 899 1659 communi
920 1594 970 1676 (a)
994 1605 1148 1659 tenentur

60 1689 163 1758 fideles
179 1701 450 1764 communionem
469 1701 662 1764 Paschalem
688 1701 719 1764 in
737 1699 874 1781 proprid
889 1699 1046 1780 paroclzid
1069 1702 1148 1763 reci-

59 1817 136 1876 pere,
156 1801 173 1862 i.
190 1821 216 1863 e.
235 1803 267 1864 in
290 1806 447 1885 parochia
467 1805 627 1869 domicilii
650 1813 708 1865 aut
728 1802 1008 1884 quasi-domicilii,
1027 1813 1064 1866 ut
1088 1805 1147 1865 Pa·

57 1911 152 1965 stores
177 1907 327 1988 proprias
352 1929 431 1971 oves
456 1927 656 1990 cognoscere
681 1905 818 1988 possint.
865 1906 1008 1968 Possunt
1032 1916 1145 1994 tamen

57 2018 213 2089 praecepto
233 2010 422 2074 satisfacere
443 2011 475 2074 in
493 2012 557 2074 alia
574 2010 812 2083 molestamur
834 2007 967 2072 licentia
985 2008 1016 2072 S.
1034 2009 1146 2071 Ponti-

6 2167 7 2170 ,
56 2105 127 2186 ficis,
143 2112 311 2196 Episcopi,
322 2115 445 2178 Vicarii
462 2114 626 2198 generalis
642 2123 700 2175 aut
716 2112 839 2195 proprii
856 2099 1007 2193 pastoris,
1022 2112 1073 2174 vel
1089 2114 1145 2195 qui

5 2293 6 2296 Ἴ
57 2211 83 2272 in
95 2214 199 2278 aliena
211 2219 350 2280 ecclesia
366 2219 408 2281 de
425 2240 524 2283 manu
535 2219 585 2281 sui
602 2215 737 2299 parochi
754 2217 945 2297 suscipiunt.
1000 2215 1075 2278 Non
1089 2236 1145 2278 au·

55 2319 115 2378 tem
128 2317 233 2400 legem
247 2322 433 2403 adimplent
445 2323 500 2404 qui
518 2323 550 2384 in
565 2320 703 2384 ecclesia
715 2318 897 2381 cathedrali
911 2339 979 2382 suae
992 2319 1145 2382 dioecesis

55 2416 205 2496 recipiunt
222 2421 284 2482 nisi
302 2419 490 2503 Episcopus
505 2440 663 2503 expresse
679 2421 731 2482 vel
748 2422 848 2484 tacite
864 2422 1057 2485 consentiat.

54 2514 95 2596 (b)
114 2519 308 2588 Sacerdotes
324 2534 435 2588 autem
458 2534 626 2607 praecepto
645 2523 854 2589 satisfaciunt
876 2525 1076 2608 ubicumque
1092 2545 1143 2588 ce·

54 2617 192 2706 lebrant;
216 2627 243 2689 si
261 2629 509 2692 communicent
526 2648 617 2690 more
633 2628 800 2704 laicorum,
816 2629 941 2692 debent
959 2631 992 2691 in
1010 2630 1142 2712 propria

54 2728 199 2802 parochia
215 2733 368 2812 recipere.

54 2823 95 2906 (cl
113 2829 301 2912 RegulareS,
322 2844 356 2897 et
377 2854 490 2898 eorum
513 2834 691 2898 familiares
714 2837 744 2897 in
768 2837 840 2916 ipso
862 2835 1064 2897 monasterio
1086 2835 1141 2896 de·

54 2943 168 3008 gentes,
184 2937 217 2997 in
241 2938 381 3018 propriis
398 2937 544 3001 ecclesiis
565 2939 756 3020 paschalem
773 2939 1042 3001 communionem
1063 2939 1142 3000 reci-

54 3049 120 3109 pere
135 3048 284 3118 possunt,
297 3061 362 3103 non
380 3050 492 3103 autem
509 3041 624 3103 famuli
640 3051 737 3104 extra
751 3043 988 3104 monasterium
1006 3041 1037 3102 in
1052 3042 1142 3104 atriis

7 3165 11 3176 ·
53 3134 209 3218 degentes.

53 3229 93 3310 (dl
110 3238 193 3322 Vagi
218 3252 252 3305 et
275 3245 439 3325 peregrini
464 3245 495 3307 in
519 3244 668 3325 qualibet
691 3247 829 3310 ecclesia
848 3249 992 3330 recipere
1007 3249 1138 3324 valent;

53 3337 161 3403 milites
178 3363 256 3406 vero
279 3345 311 3406 in
335 3347 478 3410 statione
494 3360 662 3413 versantes
679 3351 824 3433 recipere
839 3353 964 3416 debent
988 3353 1019 3414 in
1044 3373 1137 3434 paro-

52 3435 114 3501 chia
129 3444 184 3506 ubi
201 3457 458 3511 commorantur.

86 3541 140 3625 (Β)
167 3547 206 3610 In
237 3549 388 3613 Statilius
413 3551 600 3632 Foederata,
625 3577 727 3638 quum
754 3578 820 3620 non
846 3559 957 3621 adsint
984 3559 1138 3639 paroeciae

52 3649 169 3728 proprie
192 3649 300 3728 didtae,
320 3652 432 3728 stricte
457 3655 624 3737 loquendo
648 3659 761 3723 fideles
784 3661 976 3724 satisfacere
999 3671 1138 3743 possunt

52 3761 206 3834 precepto
219 3754 252 3816 in
266 3759 474 3839 quacumque
486 3760 624 3823 ecclesia
637 3764 700 3825 nisi
710 3772 822 3825 tamen
835 3762 930 3824 aliter
939 3763 1137 3844 dispositum

51 3843 183 3919 fueritin
201 3857 345 3922 Statutis
360 3861 559 3926 dioecesanis
573 3886 580 3940 ;
603 3887 677 3947 quae
694 3867 833 3949 proinde
849 3867 991 3947 legenda
1007 3876 1111 3929 sunt2.

55 4004 1137 4038 M-

81 4089 87 4119 ¹
102 4097 142 4151 lta
155 4101 272 4166 Sabelli,
286 4103 303 4156 l.
319 4119 346 4156 c.

79 4192 87 4214 ²
102 4183 150 4238 Pro
162 4186 279 4241 dioecesi
292 4189 498 4244 Ballimorensr'
508 4192 572 4246 vide
586 4194 697 4247 Statuta
711 4191 749 4262 (p.
767 4196 806 4262 18,
822 4195 901 4264 XIV)
915 4198 961 4252 ubi
976 4198 1135 4253 decernitur

51 4271 175 4328 parochos
197 4275 273 4328 solos
295 4286 323 4329 et
345 4293 442 4331 eorum
463 4279 583 4333 vicarios
601 4280 647 4350 jus
670 4281 792 4337 habendi
815 4285 1003 4354 Baptismum,
1025 4287 1133 4339 Matri-
