2780 4646
382 145 439 194 DE
458 145 618 196 ortana
636 144 831 199 nerunt-1.
1117 149 1159 202 77

67 339 128 382 non
145 319 211 402 ego
227 333 338 386 autem
348 337 369 401 ¹,
384 326 441 387 sed
454 326 569 406 gratia
584 326 652 389 Dei
665 334 784 388 mecum
798 327 813 352 ''
824 338 859 398 ²,·
888 335 924 388 et
941 324 1019 388 alibi
1043 325 1136 388 addit
1152 347 1158 386 :

66 423 331 508 “Unusquisque
347 429 514 508 propriam
533 428 703 492 mercedem
719 429 859 510 accipiet
874 428 1157 492 secundumsuum

63 521 199 589 laborem
211 552 224 590 .·
243 528 308 591 Dei
320 531 408 592 enim
422 551 536 594 sumus
547 530 735 612 aedictores'’
747 543 768 592 ³.
809 529 909 594 Unde
921 530 968 592 sic
980 553 987 591 :
1003 529 1056 592 hic
1068 539 1159 592 certo

64 629 169 706 agitur
183 631 237 692 de
258 633 367 712 gratia
383 631 522 710 efficaci,
539 633 663 696 scilicet
686 634 728 696 de
751 633 858 714 gratia
873 652 948 714 quae
969 651 1074 695 vacua
1091 650 1157 692 non

64 727 130 804 luit,
146 734 206 794 sed
226 737 412 799 mercedem
434 736 595 814 obtinuit;
625 737 731 818 atqui,
747 737 808 798 sub
825 734 953 798 influxu
970 733 1068 814 hujus
1084 754 1157 815 gra-

64 832 123 908 tiae,
141 835 391 901 Pauluslibere
415 839 620 904 laboraverat
644 849 677 902 et
700 840 834 920 quidem
852 837 968 900 ceteris
985 837 1157 900 abundan-

63 927 138 1012 tius;
162 939 245 1002 item
263 939 380 1004 fideles
392 940 499 1005 adlive
516 943 664 1006 laborare
680 943 811 1016 debent,
829 961 905 1004 nam
924 949 1001 1002 sunt
1019 940 1082 1002 Dei
1099 938 1157 1000 ad-

57 1033 192 1115 jutores,
210 1061 277 1119 seu,
291 1045 391 1124 juxta
407 1045 473 1106 vim
491 1067 607 1127 graecae
624 1046 713 1108 vocis
730 1045 873 1130 συνεργοί,
885 1041 983 1105 activi
1000 1061 1156 1122 coopera-

62 1149 159 1220 tores;
182 1165 265 1228 ergo
282 1169 347 1210 non
365 1149 604 1211 necessitantur
619 1168 639 1210 a
655 1147 768 1230 gratia.
1078 1155 1082 1162 '

64 1241 109 1322 (b)
127 1245 269 1329 Insuper
290 1251 410 1312 dicitur
432 1251 474 1312 de
494 1250 586 1330 justo
610 1251 665 1330 qui
689 1249 844 1322 salvatur,
859 1267 898 1309 ae
922 1247 1060 1328 proinde
1083 1266 1155 1325 gra-

62 1340 136 1408 tiam
153 1349 325 1414 efficacem
342 1353 508 1415 obtinuit:
533 1352 636 1414 “Erit
653 1351 698 1413 illi
715 1350 820 1433 gloria
832 1358 965 1424 eterna,
978 1349 1033 1430 qui
1047 1348 1156 1430 potuit

62 1442 245 1530 transgredi
259 1462 292 1515 et
303 1473 370 1514 non
383 1463 433 1516 est
446 1452 793 1534 transgressus,facere
805 1450 894 1514 mala
906 1461 940 1514 et
953 1463 1019 1512 no'n
1034 1449 1156 1524 secit¹’4;

62 1567 135 1630 ergo
147 1564 281 1616 constat
294 1557 394 1618 etiam
409 1556 500 1618 illum
517 1556 573 1636 qui
585 1556 709 1618 bonum
724 1554 810 1629 lacit,
821 1555 882 1616 sub
895 1553 1023 1616 inllux'u
1040 1553 1156 1634 gratiae

62 1651 210 1731 efficacis,
222 1658 369 1738 potuisse
382 1658 577 1738 transgredi,
590 1679 648 1722 seu
661 1657 801 1720 liberum
818 1655 925 1719 luisse.
967 1657 1061 1720 ldem
1078 1674 1155 1716 con·

63 1764 123 1817 stat
146 1777 190 1820 ex
209 1743 394 1841 praeceptis,
410 1760 656 1834 monitionibus,
673 1759 771 1821 minis
794 1759 913 1839 quibus
940 1757 1091 1819 homines
1112 1755 1153 1816 ad

64 1857 182 1922 malum
201 1860 397 1943 fugiendum
415 1872 473 1924 aut
482 1883 583 1943 opera
595 1861 752 1924 salutaria
763 1862 952 1942 praestanda
969 1860 1156 1940 incitantur,

64 1981 87 2021 v.
100 1983 128 2043 g.
146 1959 286 2046 “Surge
310 1968 365 2048 qui
383 1968 519 2040 dormis,
535 1973 569 2028 et
585 1985 729 2046 exsurge
744 1986 764 2027 a
781 1965 928 2039 mortuis,
939 1973 973 2026 et
990 1962 1154 2026 illumina-

57 2061 106 2125 bit
123 2073 154 2128 te
172 2068 326 2132 Christus
339 2070 390 2149 '’5;
425 2089 502 2131 nam
520 2067 595 2130 talis
613 2067 769 2148 loquendi
794 2067 912 2129 modus
936 2085 1026 2130 mera
1050 2064 1155 2125 irrisio

64 2179 153 2242 esset,
168 2171 197 2231 si
223 2169 270 2232 illi
293 2171 336 2233 ad
360 2191 444 2251 quos
467 2171 628 2252 dirigitur,
645 2169 737 2233 liberi
754 2191 820 2233 non
845 2179 955 2232 essent
971 2187 1055 2248 opus
1072 2187 1153 2246 prae-

65 2271 218 2352 scriptum
243 2272 348 2336 lacere
372 2273 424 2335 vel
447 2275 609 2335 omittere.
657 2273 759 2354 Quod
781 2271 995 2338 confirmatur
1019 2270 1057 2331 iis
1074 2269 1153 2330 locis

65 2371 113 2434 ubi
128 2378 238 2456 gratia
255 2378 339 2439 bene
355 2378 403 2440 uti
420 2378 637 2440 admonemur
660 2401 666 2439 :
701 2383 717 2408 ‘⁶
732 2375 961 2439 Exhortamur
975 2393 1019 2444 ne
1042 2373 1073 2433 in
1099 2391 1153 2432 va-

65 2493 154 2540 cuum
170 2482 314 2562 gratiam
334 2482 396 2543 Dei
414 2481 579 2562 recipiatis
589 2481 631 2523 ”⁶
646 2502 653 2556 ;
688 2480 750 2542 hoc
773 2480 861 2541 enim
879 2476 1052 2540 manifeste
1076 2495 1152 2556 sup·
1190 2555 1193 2562 Ι

65 2581 150 2657 ponit
182 2603 245 2646 nos
279 2585 387 2665 gratia
420 2583 505 2646 bene
528 2583 579 2646 vel
612 2582 699 2646 male
732 2583 779 2645 uti
803 2602 909 2663 posse,
933 2588 1032 2662 prout
1055 2579 1152 2640 nobis

65 2679 223 2758 placuerit.
1073 2669 1075 2676 ¹

100 2783 146 2859 96.
194 2789 254 2866 (Β)
277 2788 401 2850 Tradit.
447 2788 497 2868 (a)
515 2789 652 2850 Fatetur
663 2788 733 2869 ipse
749 2785 906 2851 Calvinus
918 2786 1040 2866 (lustit.
1056 2784 1151 2870 le,

68 2889 113 2966 10)
130 2889 243 2953 Patres
267 2891 328 2952 sibi
352 2891 535 2953 contrarios
552 2899 645 2953 esse:
669 2897 684 2922 “
697 2891 798 2964 Deus,
814 2889 930 2970 inquit,
943 2887 1149 2950 voluntatem

65 2999 166 3054 movet
182 3012 250 3054 non
268 2993 409 3074 qualiter
425 2994 538 3056 multis
555 2994 684 3057 saeculis
697 2995 856 3056 traditum
869 3003 919 3056 est
932 3001 965 3056 et
978 2991 1151 3078 creditum,

66 3099 95 3150 ut
111 3104 230 3182 nostrae
247 3105 363 3176 postea
376 3093 599 3158 sitelettionis
616 3097 756 3159 motioni
773 3107 829 3158 aut
846 3095 1076 3177 obtemperare
1093 3103 1150 3154 aut

66 3193 219 3276 refragari,
232 3198 291 3259 sed
303 3197 394 3260 illam
405 3185 579 3262 efficiendo
590 3201 613 3262 ’'.
649 3198 699 3280 (b)
713 3197 825 3281 Quum
843 3209 954 3262 autem
971 3197 1149 3260 adversarii

66 3302 256 3363 contendant
271 3301 498 3382 Augustinnm
514 3303 576 3364 sibi
600 3302 718 3378 favere,
734 3322 837 3365 unum
858 3312 916 3365 aut
939 3302 1079 3364 alterum
1105 3320 1148 3360 ex

65 3398 125 3476 ejus
140 3404 271 3484 scriptis
281 3405 509 3467 testimonium
523 3404 735 3488 proferamus.
778 3407 815 3467 ln
830 3405 1041 3487 expositione
1051 3423 1149 3484 super

527 3543 648 3550 -—.-—
872 3541 1074 3550 ——--—--——
1105 3541 1150 3550 -—--

95 3605 180 3659 ¹lllud
194 3605 313 3659 incisum
330 3622 385 3658 nou
398 3624 446 3676 ego
460 3617 503 3660 est
516 3607 693 3660 hebraismus
706 3625 761 3677 quo
775 3607 947 3676 significatur
960 3623 1016 3658 non
1032 3606 1149 3658 Paulum

69 3689 145 3744 solum
156 3692 337 3758 laboravisse,
351 3693 402 3746 sed
415 3693 535 3760 gratiam
550 3695 603 3748 Dei
617 3711 681 3748 cum
696 3696 798 3758 Paulo;
819 3695 890 3748 sicut
903 3694 970 3747 alibi
985 3695 1060 3746 idem
1073 3695 1148 3761 Apo-

68 3777 142 3830 stolus
154 3779 222 3834 dicit
240 3798 246 3832 :
274 3778 487 3846 “Vivo-autem,
498 3780 557 3848 jam
574 3799 631 3834 non
644 3799 712 3850 ego;
739 3781 807 3834 vivit
821 3799 885 3834 vero
899 3781 926 3834 in
941 3799 986 3834 me
998 3780 1147 3834 Christus'¹

69 3859 159 3924 (Galat.
184 3867 223 3931 ΙΙ,
244 3864 312 3932 20):
339 3865 441 3933 quibus
460 3865 552 3920 verbis
575 3867 750 3934 significatur
767 3869 795 3919 in
820 3869 915 3932 Paulo,
938 3880 1039 3936 praeter
1058 3866 1144 3922 vitam

68 3951 201 4018 propriam,
223 3953 309 4006 fuisse
330 3954 445 4021 insuper
464 3955 550 4007 vitam
570 3955 683 4008 Christi.
723 3956 764 4008 cf.
784 3955 896 4024 Corluy,
910 3971 955 4024 op.
973 3956 1019 4009 eit.
1035 3956 1089 4008 vol.
1107 3956 1145 4021 ll,

69 4049 90 4098 p.
104 4038 155 4094 286.
1135 4057 1136 4064 ¹

97 4120 129 4175 2Ι
136 4128 193 4181 Cor.
207 4128 270 4194 XV,
287 4142 325 4180 ro.
339 4157 373 4166 -
385 4125 422 4181 3Ι
433 4129 494 4182 Cor.
511 4129 566 4191 lll,
577 4130 601 4182 8.
619 4161 646 4168 -—
659 4129 764 4184 ⁴Ecclr'.
781 4129 890 4196 XXXI,
907 4145 944 4182 ro.
963 4132 966 4138 '

65 4210 69 4220 '
99 4201 206 4280 5ΙῑρΙιιε.
221 4215 256 4280 V,
274 4229 315 4282 ι4;
329 4213 363 4267 el'.
381 4215 479 4268 Erech.
492 4215 603 4281 XVIII,
612 4231 657 4285 3¹5
671 4217 733 4269 Aet.
749 4215 804 4282 ΙΙΙ,
821 4232 858 4284 19.
871 4216 968 4270 ῌΙΙΙ
978 4217 1040 4269 Cor.
1058 4217 1108 4278 Vl,
1126 4231 1145 4268 r.
