2776 4644
398 190 454 240 DE
473 192 633 242 GRATIA
656 193 850 245 Ac'suffl.

259 418 345 494 Art.
375 417 428 496 ΙΙ.
456 419 519 496 De
546 421 695 497 Gratiae
720 421 951 498 necessitate
967 433 987 498 ¹.

125 589 160 651 In
176 599 262 652 statu
280 601 406 654 naturae
423 592 533 674 lapsae,
548 597 656 675 gratia
677 594 816 659 adtualis
840 596 1024 658 necessaria
1039 605 1089 656 est
1106 614 1172 656 non

79 691 181 754 solum
201 694 243 755 ad
265 692 359 756 acius
376 697 638 775 supernaturales
657 719 714 760 seu
735 699 904 774 salutares,
925 698 983 760 sed
1004 699 1105 760 etiam
1130 699 1171 759 ad

78 797 234 875 quosdam
250 798 348 859 ethice
362 818 418 860 seu
436 799 605 862 moraliter
618 795 747 863 bonos.¹

79 951 96 1036 ξ
116 957 137 1018 Ι.
153 959 208 1019 Da
227 945 478 1022 necessrium
497 973 646 1022 cussus
665 975 715 1022 An
735 974 853 1024 Actus
874 975 995 1024 nouos
1016 971 1171 1022 ominus

408 1087 410 1094 ¹
510 1077 733 1126 susumus.

118 1208 188 1288 Jam
213 1208 339 1273 dietum
366 1211 471 1272 estin
501 1209 553 1273 Tr.
570 1211 608 1272 de
629 1211 736 1273 Renel.
753 1211 921 1273 hominem
945 1212 1074 1292 lapsum
1103 1230 1169 1271 non

73 1331 169 1390 posse
185 1313 360 1388 moraliter,
373 1314 443 1374 sine
459 1313 586 1376 auxilio
600 1315 756 1396 gratuit0,
768 1334 968 1395 cognoscere
983 1333 1100 1375 omnes
1116 1333 1169 1374 ve-

72 1413 185 1476 ritates
201 1415 367 1477 naturales
383 1414 553 1479 collediive
569 1427 728 1497 sumptaS,
739 1417 815 1478 licet
827 1418 989 1497 quasdam
1006 1399 1170 1490 veritateS,

71 1525 142 1576 tum
158 1518 386 1596 speculativas,
403 1529 474 1582 tum
492 1517 653 1599 praelicas
675 1520 815 1599 propriis
832 1519 953 1580 viribus
970 1537 1169 1598 cognoscere

71 1619 185 1681 valeat.
224 1621 463 1701 inquirendum
477 1622 577 1702 igitur
589 1632 737 1703 superest
748 1624 790 1684 de
801 1621 1122 1702 necessitategratiae
1135 1620 1166 1680 in
1240 1653 1245 1662 ·

69 1722 184 1783 ordine
200 1723 325 1795 morali,
345 1735 377 1784 10
392 1723 493 1786 relate
508 1725 550 1785 ad
567 1736 659 1804 opera
675 1725 756 1786 bona
772 1725 806 1785 in
816 1745 940 1804 genere,
957 1737 992 1786 20
1004 1724 1105 1785 relate
1124 1725 1164 1785 ad

69 1826 252 1888 tentationes
274 1829 487 1907 superandas
511 1840 545 1904 3⁰
565 1827 666 1889 relate
684 1829 725 1890 ad
748 1827 846 1908 legem
869 1826 1061 1901 naturalem,
1080 1839 1117 1904 4ο
1133 1836 1166 1887 et

67 1928 238 2006 speciatim
256 1929 298 1990 ad
315 1949 456 1990 aurorem
473 1929 547 1992 Dei.

70 2077 98 2132 1.
124 2078 259 2136 Utrum
283 2079 400 2137 homo
426 2081 558 2152 lapsus
582 2081 717 2152 possit,
742 2080 824 2138 sine
849 2071 985 2148 gratia,
1009 2079 1165 2152 aliquod

280 2189 379 2247 opus
401 2175 528 2233 ethice
550 2175 694 2234 bonum
718 2169 954 2247 perficerem

107 2317 157 2381 33
207 2315 239 2362 1⁰
255 2302 402 2364 Errores.
449 2302 506 2382 (A)
532 2303 756 2364 Protestantes
780 2301 935 2382 plerique,
952 2311 1023 2364 tum
1042 2301 1163 2364 Lutlte-

67 2403 146 2465 rani
167 2426 242 2466 cum
272 2404 466 2478 Calve'nrstee,
490 2405 697 2468 contendunt
720 2425 778 2486 per
804 2405 964 2484 originale
990 2415 1162 2485 peccatum

67 2515 216 2569 naturam
235 2509 281 2569 ita
297 2507 396 2570 luisse
413 2509 572 2582 vitiatam,
589 2519 625 2571 ut
640 2509 742 2569 homo
762 2529 827 2569 non
851 2517 993 2581 renatus,
1009 2529 1065 2570 seu
1084 2529 1163 2570 nou-

67 2608 144 2670 dum
157 2610 358 2689 justificatus
374 2632 432 2693 per
447 2613 600 2692 gratiam,
613 2610 739 2673 nullum
756 2631 839 2692 opus
857 2610 1023 2672 moraliter
1038 2612 1162 2674 bonum

67 2713 219 2791 perficere
235 2717 359 2778 valeat:
375 2715 509 2778 dicebat
524 2714 687 2796 siquidem
700 2714 864 2776 Lutlzerns
880 2715 1050 2776 “hominis
1067 2727 1163 2778 natu-

67 2834 132 2876 ram
154 2829 230 2898 post
252 2818 382 2900 lapsum
403 2839 475 2880 esse
495 2829 667 2892 mutatam,
685 2829 857 2898 peccatum
878 2818 1013 2896 originis
1036 2838 1108 2880 esse
1130 2821 1161 2881 id

67 2921 152 2997 quod
170 2923 317 2984 nascitur
331 2919 379 2983 ex'
392 2932 485 3002 patre
501 2933 535 2983 et
551 2934 665 2995 matre,
680 2921 849 2981 hominem
871 2941 942 2980 esse
962 2921 1069 3000 ipsum
1088 2943 1162 3002 pec·

67 3032 173 3086 catum
189 3025 203 3046 ''
215 3037 250 3106 ³3
273 3035 307 3088 et
331 3026 362 3087 in
390 3025 572 3090 Concordia
586 3023 742 3086 Forrnnld
768 3024 928 3104 legiturtz
955 3025 1159 3087 “Credimus

99 3244 174 3297 1Hic
187 3246 279 3312 agitur
291 3246 397 3301 directe
410 3247 445 3300 de
459 3249 559 3315 gratiae
571 3247 692 3300 allualls
705 3247 888 3308 necessitate3
908 3247 972 3314 quia
987 3264 1052 3299 vero
1066 3249 1160 3302 Prote·

68 3337 169 3384 stantes
183 3343 210 3384 et
224 3333 393 3398 Jansenistae
406 3335 503 3400 gratiae
517 3332 668 3386 habitualis
682 3343 710 3386 et
723 3333 820 3400 gratiae
835 3333 899 3385 fidei
913 3333 1109 3386 necessitatem
1123 3336 1160 3388 ad

68 3411 167 3468 bonum
181 3434 251 3486 opus
266 3420 393 3471 naturale
405 3419 568 3486 praedicant,
582 3437 630 3472 eos
645 3419 788 3472 confutare
803 3437 917 3473 necesse
930 3431 971 3472 est
985 3438 1012 3471 n.
1029 3423 1117 3488 34-36.

99 3501 160 3554 ²Cs.
177 3505 207 3556 S.
229 3504 357 3568 Thomas,
369 3520 389 3557 1.
405 3520 429 3557 2.
446 3521 473 3572 q.
492 3519 548 3570 109,
562 3524 587 3558 a.
607 3519 661 3567 1-2;
682 3507 798 3570 Suaree,
813 3506 828 3559 Ι.
847 3521 868 3570 1,
882 3523 904 3558 c.
926 3521 994 3572 1·22;
1014 3507 1155 3563 Salrnant.

70 3583 132 3654 disp.
146 3591 184 3643 ΙΙ.
198 3590 264 3642 dub.
276 3609 302 3653 2;
323 3592 523 3658 Bellarnn'nus,
534 3593 570 3645 (le
583 3591 679 3644 Gratid
692 3603 719 3644 et
733 3593 778 3646 lib.
791 3591 880 3658 arbit,
892 3593 907 3644 Ι.
919 3610 943 3656 v,
957 3609 980 3645 c.
997 3605 1055 3659 5-9;
1075 3593 1158 3646 Mur·

70 3689 122 3739 tay,
134 3678 170 3731 de
184 3678 289 3744 Gratia,
304 3679 374 3748 disp.
392 3681 439 3746 Vl,
454 3697 480 3735 n.
498 3694 529 3748 25
545 3697 584 3748 sq.
590 3698 597 3747 3
611 3679 762 3743 illerssella,
776 3696 801 3731 n.
816 3694 867 3748 423
882 3695 922 3746 sq.
931 3698 937 3742 ;
959 3680 1102 3742 Palna'eri,
1119 3683 1155 3734 th.

71 3771 149 3818 2021.

99 3853 200 3920 snpud
214 3853 349 3921 Mueller,
367 3854 544 3922 Symbolism,
562 3853 576 3921 ἕ
591 3855 641 3919 Vl,
656 3870 681 3921 p.
702 3853 758 3916 148,
772 3853 814 3904 ed.
834 3853 905 3918 1844.

99 3933 155 3990 ‘ct
170 3939 274 4006 Seleoff,
285 3940 390 3992 Creeds
403 3939 433 3992 os
444 3941 650 4004 Christendom,
668 3939 720 3990 vol.
736 3938 789 4001 ΙΙΙ,
805 3955 830 4006 p.
847 3955 901 3990 100.
941 3941 1001 3992 Nec
1015 3941 1095 3993 aliter
1107 3943 1155 3995 do-

74 4031 125 4073 cent
140 4025 311 4088 Caloimsla,
325 4041 374 4078 seu
389 4026 609 4092 Presbyteriani;
630 4027 690 4078 hzec
706 4025 781 4076 enim
796 4027 925 4092 leguntur
939 4025 966 4077 in
982 4027 1156 4095 consessione

71 4101 127 4162 lla
143 4111 435 4177 Westrnonasteriensi,
453 4111 495 4164 cui
516 4112 599 4165 hodie
619 4113 704 4164 etiam
723 4113 888 4164 adhaerent:
911 4112 984 4164 “Ab
1004 4115 1056 4165 hic
1074 4116 1154 4182 origi·

74 4191 118 4242 nuli
132 4195 200 4256 labe.
215 4198 269 4265 qul
281 4197 322 4248 od
331 4214 410 4248 anone
422 4197 522 4270 borenne
528 4199 605 4268 satit
614 4215 712 4250 sununs
730 4197 866 4250 e'ultubiles
880 4205 1000 4266 prorsus
1018 4217 1050 4252 ae·
1068 4202 1153 4269 luipo-

74 4279 154 4345 tans,
166 4285 245 4351 eique
254 4283 343 4353 plane
356 4287 484 4353 oppositi,
497 4286 538 4338 ael
547 4283 654 4338 maluae
673 4291 766 4338 ettetern
785 4302 864 4338 onnee
879 4285 1018 4354 proclives
1029 4289 1148 4354 potestus,
