2770 4652
347 178 402 228 DE
422 179 660 233 sncmtttmo
677 181 831 232 MISSAE.
1072 177 1143 233 459

146 425 231 502 Art.
257 424 328 502 IV.
358 425 420 503 De
449 425 624 528 subjecto
652 424 836 506 sacrificii
867 427 1001 506 Missae
1018 449 1040 504 ¹.

90 598 285 681 Subjeetum
310 601 458 664 sacrificii
485 603 597 666 Missae
625 613 702 667 sunt
728 603 773 665 illi
798 623 915 666 omnes
939 623 998 684 pro
1023 601 1151 694 quibus,

46 701 154 765 offerri
170 725 226 766 seu
245 705 403 787 applicari
420 715 531 788 potest
548 707 662 784 Missa,
678 703 748 769 tum
766 706 839 768 vivi
852 716 923 790 tum
941 705 1090 785 defundi.

480 856 508 912 1.
527 855 582 914 De
596 857 712 915 vivis·

91 983 147 1045 Ex
163 1003 199 1045 se
215 981 410 1045 sacrificium
431 983 544 1045 Missae
560 992 670 1065 potest
687 982 795 1045 offerri
813 1002 873 1064 pro
885 982 1040 1045 omnibus
1053 981 1145 1055 vivis,

47 1083 132 1146 sicut
147 1093 180 1146 et
196 1084 305 1166 ipsum
322 1083 518 1146 sacrificium
535 1085 640 1146 crucis
662 1106 722 1166 pro
738 1087 892 1149 omnibus
914 1086 1063 1148 oblatum
1086 1093 1144 1174 est.

46 1187 126 1266 Jure
139 1197 249 1250 autem
263 1187 486 1249 ecclesiastico
498 1187 620 1250 adsunt
633 1190 787 1269 quaedam
806 1187 1034 1251 restrictiones.
1083 1189 1146 1250 Pro

48 1289 199 1354 fidelibus
216 1291 308 1354 nulla
323 1301 373 1354 est
389 1289 566 1353 difficultas
581 1313 587 1366 ;
610 1301 721 1373 potest
738 1292 901 1374 siquidem
916 1292 1020 1354 Missa
1036 1289 1145 1354 offerri

48 1393 117 1454 sive
141 1414 200 1474 pro
219 1394 327 1476 justis,
352 1395 420 1456 sive
443 1414 503 1475 pro
527 1395 779 1476 peccatoribus;
812 1395 870 1458 sed
894 1393 1069 1458 difficultas
1094 1403 1144 1455 est

48 1498 157 1575 quoad
173 1498 456 1568 excommunicatos
471 1506 504 1559 et
520 1497 670 1579 infideles.

93 1614 160 1679 191.
212 1613 243 1663 1⁰
259 1601 311 1663 De
326 1601 605 1664 ercommunicatt's
622 1627 634 1665 .·
656 1603 715 1684 (A)
733 1603 939 1666 Probabilius
956 1602 1033 1664 licet
1050 1600 1148 1662 sacri-

49 1702 159 1766 ficium
178 1705 291 1766 Missae
307 1703 425 1766 offerre
440 1725 500 1785 pro
516 1708 816 1769 excommunicatis
837 1706 994 1780 toleratis
1010 1725 1087 1767 nam
1104 1724 1148 1765 ex

51 1808 288 1871 constitutione
305 1808 441 1870 Martini
459 1809 497 1871 V.
543 1809 623 1870 “Ad
634 1810 772 1871 velanda
787 1809 976 1883 scandala’',
993 1828 1068 1870 cum
1086 1807 1149 1870 illis

51 1911 295 1973 communicare
319 1910 396 1973 licet
419 1912 519 1973 etiam
544 1911 576 1972 in
600 1911 744 1989 divinis;
771 1913 863 1993 atqui
888 1911 963 1974 talis
980 1909 1150 1972 concessio

51 2015 210 2094 importat
234 2013 442 2095 privilegium
466 2035 527 2096 pro
551 2014 615 2076 illis
631 2016 798 2078 orationes
814 2015 916 2078 etiarn
938 2014 1096 2096 publicaS,
1112 2033 1150 2073 ac

52 2119 190 2198 proinde
206 2115 402 2180 sacrificium
418 2117 540 2192 Missae,
552 2117 712 2182 offerendi
728 2141 735 2196 ;
760 2139 847 2200 ergo

96 2217 163 2306 (B)
180 2221 214 2285 Si
229 2230 340 2283 autem
354 2231 473 2301 agatur
484 2220 527 2284 de
539 2223 839 2284 excommunicatis
853 2241 919 2283 non
932 2219 1081 2283 toleratis
1094 2235 1151 2281 seu

52 2325 205 2400 vitandis,
228 2344 294 2386 non
319 2323 395 2386 licet
418 2345 478 2406 pro
502 2325 564 2387 illis
588 2324 706 2387 offerre
730 2322 1058 2398 nomine'Ecclesiae,
1074 2321 1153 2402 quia

54 2428 202 2492 Ecclesia
231 2428 303 2490 illos
330 2428 666 2503 excommunicando
690 2429 834 2491 intendit
858 2446 916 2489 eos
941 2425 1061 2508 privari
1088 2423 1153 2485 illis

53 2533 176 2612 gratiis,
199 2551 274 2612 quae
299 2551 342 2591 ex
366 2529 531 2612 suffragiis
554 2529 695 2612 publicis
719 2530 939 2612 proveniunt;
974 2529 1063 2590 unde
1086 2545 1152 2588 non

55 2636 129 2698 licet
146 2656 207 2717 pro
219 2635 265 2697 eis
282 2635 486 2714 stipendium
503 2636 650 2715 accipere
664 2659 671 2714 ;
695 2637 752 2698 sed
770 2635 924 2697 sacerdos
942 2642 1063 2715 potest,
1075 2651 1154 2713 qua·

55 2747 150 2801 tenus
167 2758 309 2820 persona
326 2739 463 2820 privata,
477 2758 537 2818 pro
554 2737 617 2800 illis
630 2747 663 2799 et
680 2738 862 2818 praesertim
876 2755 1063 2818 procorum
1077 2754 1154 2795 con·

55 2843 204 2904 versione
220 2840 338 2903 offerre
355 2843 444 2922 quod
462 2842 493 2902 in
513 2841 616 2902 Missa
633 2840 832 2903 celebranda
848 2840 918 2920 agit
940 2847 976 2900 ut
997 2857 1081 2918 opus
1097 2835 1155 2896 bo-

56 2965 132 3009 num
152 2945 328 3028 privatum.
435 2991 438 2997 .

100 3063 167 3128 192.
215 3060 250 3108 20
265 3047 317 3109 De
332 3047 515 3128 infidelibus
531 3072 542 3106 .·
567 3047 680 3109 Missae
701 3043 898 3107 sacrificium
922 3042 1032 3105 offerri
1056 3041 1156 3104 etiam

57 3161 176 3232 potest,
192 3150 310 3212 saltem
327 3169 386 3232 per
402 3149 539 3212 modum
557 3148 801 3230 deprecationis
816 3148 849 3228 (i.
867 3167 893 3208 e.
910 3167 954 3208 ex
971 3145 1157 3208 intentione

57 3370 178 3423 namque
192 3361 258 3406 ante
268 3351 312 3406 vel
326 3362 390 3420 post
402 3351 522 3404 Missam
535 3350 646 3405 recitari
660 3349 773 3403 debent.
815 3349 914 3402 Fertur
926 3363 1001 3411 vero,
1014 3344 1088 3414 quod
1102 3357 1158 3395 non

59 3441 117 3494 sine
130 3441 253 3495 maximo
267 3438 353 3493 animi
367 3439 464 3493 dolore
477 3438 646 3507 accepimns
655 3436 806 3489 nonnullos
820 3435 961 3504 aliquibus
975 3433 1003 3485 in
1017 3430 1085 3484 locis
1096 3444 1159 3482 esse

60 3530 229 3594 sacerdotes,
249 3526 295 3597 qui
322 3526 385 3597 ipsa
409 3527 482 3579 intra
502 3526 655 3579 Missarum
681 3523 827 3589 solemnia,
846 3522 883 3575 ab
909 3519 989 3575 altari
1015 3517 1157 3576 recedant,

59 3617 205 3687 aedemque
219 3632 329 3669 sacram
343 3614 522 3678 circumeant,
537 3631 552 3666 c
565 3610 682 3680 singulis
696 3611 825 3665 fidelibus
838 3611 1047 3676 eleemosynam
1061 3613 1158 3673 peten-

60 3714 108 3757 tes.
147 3705 238 3772 Quem
252 3701 444 3772 turpissimum
457 3701 582 3767 abusum,
597 3699 733 3753 Ecclesiae
747 3698 890 3766 sacrisque
904 3694 964 3763 ejus
976 3693 1075 3746 ritibus
1089 3690 1158 3759 inju-

60 3790 137 3858 rium,
155 3790 258 3859 quique
272 3789 482 3844 catholicorum
494 3788 625 3841 ruborem
639 3797 666 3840 et
684 3784 916 3854 indignationem,
931 3778 1158 3834 Acatholicorum

60 3895 125 3932 vero
139 3877 295 3934 irrisionem
309 3887 338 3930 et
350 3887 543 3944 contemptum
557 3885 699 3944 provocat,
712 3873 897 3941 reprobamus
910 3879 938 3923 et
950 3883 1065 3936 prorsus
1078 3864 1160 3918 extir-

62 3967 186 4036 pandum
199 3964 384 4018 decernimus.
423 3964 487 4033 Qua
500 3963 527 4016 in
542 3980 570 4015 re
584 3961 758 4030 singulorum
770 3957 974 4027 Episcoporum
986 3951 1160 4007 conscientia

63 4053 222 4108 oneratur‘’.
262 4051 306 4118 (C.
331 4051 404 4104 Ball.
430 4051 467 4118 ll,
491 4067 517 4102 n.
541 4048 612 4116 364).
654 4049 737 4100 Hunc
757 4046 877 4099 abusum
896 4042 996 4096 iterum
1016 4037 1160 4093 damnavit

65 4142 93 4195 C.
108 4141 184 4194 Balt.
204 4141 259 4205 ΙΙΙ,
272 4156 299 4191 n.
314 4153 373 4207 293.

96 4210 104 4241 ¹
120 4212 237 4277 Suarer,
251 4209 321 4277 disp.
336 4211 381 4278 783
401 4209 490 4277 Lago,
504 4206 574 4275 disp.
590 4206 671 4272 XIX,
685 4201 752 4258 sedi.
770 4218 812 4268 10;
832 4201 955 4267 Dmuin,
969 4216 995 4269 q.
1009 4197 1077 4263 Vll,
1091 4213 1115 4251 c.
1135 4211 1161 4259 r;

65 4298 175 4352 Lefirnk.
192 4315 219 4351 n.
239 4310 287 4366 175
301 4313 357 4366 sq.;
376 4295 469 4364 Marc,
488 4295 563 4349 1601.
