2758 4652
230 152 298 202 522
436 153 492 201 DE
511 153 807 205 POENITENTIAE
826 153 1125 205 sacnntssuro.

230 344 379 396 mentum
399 336 607 398 Poenitentiae
624 338 767 398 instituit
788 357 846 416 per
869 337 1145 417 modumjrrdicr'r',
1161 338 1306 418 voluitque

230 437 320 498 nulla
343 449 480 518 peccata
502 440 616 520 gravia
640 440 762 500 remitti
784 441 864 520 quin
885 440 1027 502 clavium
1052 442 1203 521 potestati
1222 441 1307 519 subji-

231 539 379 615 ciantur;
400 541 492 621 atqui
508 541 580 602 haec
596 542 663 603 dno
679 541 921 603 confessionem
938 544 1123 604 necessario
1139 555 1309 624 supponunt

231 643 380 705 omnium
403 645 592 707 mortalium
608 667 614 720 ;
641 665 717 706 nam
732 645 892 724 judicium
910 665 1044 726 aequum
1061 657 1095 708 et
1110 648 1232 727 sapiens
1244 647 1309 708 leni

233 769 298 810 non
315 757 426 828 potest
442 751 542 810 causa
557 749 736 829 incognita,
752 757 784 809 et
804 748 939 810 aliunde
958 769 1058 810 causa
1073 751 1252 830 regulariter
1264 771 1310 812 co-

233 855 347 936 gnosci
363 855 477 934 nequit
493 854 619 935 absque
634 854 827 934 poenitentis
847 852 1063 926 confessione,
1079 855 1134 934 qui
1152 853 1232 914 solus
1246 875 1313 933 pec-

234 967 308 1020 cata
324 978 383 1019 sua
399 966 524 1020 secreta
541 957 684 1020 revelare
700 964 820 1036 potest,
836 966 894 1017 aut
914 957 1016 1017 etiam
1036 975 1147 1017 veram
1171 954 1314 1016 malitiam

234 1069 447 1122 externorum
476 1069 697 1142 peccatorum,
723 1078 799 1139 quae
826 1079 869 1118 ex
896 1059 1027 1120 interno
1053 1055 1129 1120 at'tu
1155 1058 1318 1120 voluntatis

235 1165 423 1245 pendet-
441 1164 603 1226 Praeterea
620 1171 768 1244 potestas
786 1161 959 1242 Apostolis
981 1161 1118 1242 ejusque
1141 1163 1319 1224 successori-

235 1269 295 1330 bus
311 1267 433 1328 collata
448 1264 660 1347 ampledtitur
675 1265 868 1327 facultatem
886 1275 956 1326 tum
975 1265 1161 1327 remittendi
1173 1276 1237 1327 turn
1253 1265 1321 1325 reti-

236 1370 333 1433 nendi
347 1380 501 1452 peccata;
522 1390 620 1451 porro
636 1369 711 1431 talis
727 1377 875 1449 potestas
893 1367 1177 1429 indiscriminatim
1190 1369 1323 1428 exerceri

237 1475 371 1554 nequit:
395 1483 574 1555 antequam
592 1473 771 1554 spiritualis
785 1471 891 1552 judex
915 1471 1115 1532 sententiam
1132 1471 1219 1544 serat,
1233 1471 1326 1531 debet

237 1577 318 1638 scire
334 1587 446 1640 utrum
463 1586 600 1656 peccata
616 1575 794 1637 commissa
810 1573 932 1635 suerint
952 1573 1004 1634 vel
1026 1593 1114 1650 rron;
1138 1574 1202 1635 imo
1222 1593 1327 1634 eorum

240 1699 414 1741 numerum
437 1689 470 1741 et
493 1680 691 1760 gravitatem
709 1697 908 1757 cognoscere
925 1687 1064 1750 tenetur,
1081 1697 1207 1739 necnon
1223 1697 1331 1758 pecca-

239 1784 320 1843 toris
344 1783 514 1844 interiores
537 1782 782 1863 dispositiones,
803 1789 840 1842 ut
863 1779 1043 1861 prudenter
1061 1781 1209 1861 judicare
1230 1781 1333 1841 valeat

240 1895 349 1946 utrum
376 1885 496 1947 remitti
520 1885 571 1946 vel
595 1884 725 1947 retineri
742 1884 895 1956 debeant,
911 1894 945 1945 et
960 1883 1066 1963 qualis
1083 1881 1262 1945 satisfactio
1279 1885 1333 1944 irn-

240 1989 395 2068 ponenda
410 1989 460 2050 sit.
508 1988 608 2049 Porro
624 1989 667 2048 ad
684 1987 747 2048 boc
763 1986 959 2067 generaliter
975 1987 1150 2066 requiritur
1166 1988 1291 2066 integra
1305 1999 1336 2045 et

240 2082 397 2148 distindta
422 2086 611 2148 mortalium
635 2085 818 2147 confessio:
844 2106 939 2147 secus
962 2089 1159 2169 plerumque
1182 2087 1336 2169 judicium

242 2211 301 2252 nec
318 2210 449 2271 aequum
467 2211 528 2252 nec
544 2192 689 2271 prudens
705 2189 774 2251 erit.
822 2189 913 2269 Ergo
930 2189 1081 2253 Christus
1096 2192 1202 2253 voluit
1218 2202 1251 2253 ut
1268 2211 1339 2272 pec-

242 2304 369 2357 catores
391 2315 451 2356 sua
478 2305 614 2376 peccata
638 2293 799 2366 mortalia,
815 2302 848 2354 et
864 2294 998 2372 quidem
1016 2294 1138 2369 omnia,
1154 2295 1340 2376 regulariter

245 2397 470 2478 spiritualibus
483 2397 648 2478 judicibus
666 2395 923 2459 manifestarent.

244 2513 284 2578 (b)
301 2509 449 2581 objiciunt
459 2510 581 2580 quidem
596 2511 796 2568 Protestantes
810 2508 989 2580 Scripturam
1010 2509 1048 2567 de
1066 2509 1261 2567 consessionis
1275 2527 1339 2581 prre-
1369 2511 1370 2595 i

244 2608 333 2668 cepto
352 2607 381 2653 et
400 2615 454 2653 usu
475 2614 591 2667 prorsus
610 2597 695 2654 silere
705 2616 713 2666 ;
736 2595 789 2653 sed
808 2595 964 2665 immerito,
984 2613 1052 2652 nam
1071 2614 1107 2653 ex
1126 2595 1214 2654 dietis
1233 2611 1340 2653 consta:

245 2683 439 2740 consessionis
456 2683 668 2752 obligationem
682 2683 834 2740 evidenter
848 2683 959 2741 includi
973 2684 1001 2739 in
1016 2694 1162 2754 potestate
1180 2685 1339 2742 remittendi

245 2771 429 2828 retinendive
455 2779 585 2841 peccata.
626 2769 752 2840 Insuper
776 2769 898 2840 vestigia
929 2770 1066 2840 quaedam
1098 2771 1294 2828 confessionis
1315 2773 1340 2826 in
1368 2807 1369 2822 r

247 2857 397 2914 nonnullis
423 2856 459 2913 N.
487 2855 522 2912 T.
551 2856 678 2913 textibus
702 2873 720 2912 a
747 2855 882 2913 Patribus
907 2856 1114 2926 inveniuntur;
1143 2858 1183 2913 ita
1208 2859 1340 2928 legitur¹2
1368 2833 1369 2889 l

247 3054 346 3123 triplex
366 3051 505 3105 consessio
524 3051 763 3120 distinguebatur:
784 3051 823 3116 (a)
843 3050 982 3104 consessio
1003 3051 1066 3105 Deo
1084 3049 1168 3117 latta,
1187 3052 1225 3104 ad
1244 3052 1340 3105 facilius

251 3140 442 3192 remissionem
462 3148 641 3207 peccatorum
664 3138 867 3192 obtinendam:
897 3137 980 3206 “Qui
1002 3139 1151 3191 abscondit
1173 3141 1281 3192 scelera
1300 3157 1342 3192 sua
1367 3127 1368 3181 l

251 3243 306 3279 non
326 3225 470 3293 dirigetur,
485 3224 532 3294 qui
551 3235 646 3278 autem
664 3225 808 3277 consessus
827 3223 909 3278 fuerit
927 3235 956 3278 et
974 3225 1115 3292 reliquerit
1133 3241 1178 3288 ea,
1197 3225 1341 3278 misericor·

251 3313 328 3366 diam
342 3313 549 3380 consequetur'²
568 3311 666 3376 (Pron.
683 3312 825 3375 XXVlll,
845 3327 894 3379 133
913 3311 962 3365 cfr.
977 3312 1066 3365 Ecclr'.
1085 3313 1134 3378 IV,
1148 3311 1215 3378 31);
1235 3311 1274 3380 (b)
1288 3331 1340 3366 cor.-

251 3401 336 3456 lessio
349 3397 488 3469 generalis
502 3399 558 3467 qua
571 3415 717 3466 supremus
733 3400 858 3453 Pontifex
879 3399 1039 3469 iniquitates
1052 3399 1147 3468 populi
1165 3401 1253 3454 lsrael
1267 3403 1340 3454 seme'
1366 3401 1367 3475 l

252 3489 279 3540 in
293 3501 367 3541 anno
382 3486 493 3560 publice
506 3485 660 3538 recitabat:
681 3485 698 3510 ‘⁶
708 3487 789 3538 Tunc
803 3485 901 3540 offerat
914 3485 1022 3539 hircum
1035 3486 1197 3554 viventem;
1216 3499 1244 3540 et
1262 3489 1342 3556 posit..

252 3577 368 3644 utraque
382 3591 466 3626 manu
481 3589 566 3640 super
578 3583 663 3641 caput
675 3574 744 3642 ejus,
757 3573 922 3626 confiteatur
941 3588 1039 3625 omnes
1059 3571 1222 3640 iniquitates
1235 3572 1342 3626 filiorun.
1365 3603 1366 3606 =

255 3663 363 3716 Israel'’
376 3661 479 3730 (levit.
496 3659 574 3725 XVI,
593 3661 695 3727 20·2t);
716 3661 752 3728 (c)
767 3661 905 3715 consessio
924 3661 1016 3728 magis
1036 3659 1176 3729 specifica,
1189 3679 1254 3730 quae
1271 3661 1343 3714 fiebat

253 3749 455 3814 sacerdotibus,
468 3748 581 3817 quando
595 3747 761 3801 sacrificium
774 3767 824 3817 pro
838 3759 953 3817 peccato
971 3748 1146 3813 oflerebatur,
1159 3748 1228 3816 quia
1241 3748 1343 3801 vit‘lima

254 3837 365 3890 diversa
383 3844 443 3888 erat
461 3851 511 3902 pro
530 3847 709 3902 peccatorum
728 3836 897 3900 diversitate,
917 3836 961 3890 vel
979 3836 1065 3890 etiam
1083 3835 1199 3904 quando
1219 3837 1344 3890 restitutio
1364 3899 1365 3902 Ἴ

254 3922 385 3976 iacienda
402 3933 462 3974 erat
475 3921 576 3986 (levit.
594 3922 643 3984 lV,
659 3932 733 3990 3·35;
753 3923 786 3987 V,
804 3937 841 3974 1-1
848 3935 875 3990 35
894 3922 946 3984 Vl,
965 3937 1019 3987 1-7;
1038 3923 1126 3974 Num.
1142 3920 1177 3987 V,
1191 3922 1258 3988 6·7).
1297 3923 1343 3974 Sui

258 4010 292 4059 N.
307 4009 390 4073 Lege,
404 4003 504 4074 Judaei,
518 4006 564 4074 qui
583 4024 600 4058 a
619 4007 728 4074 Joanne
747 4008 968 4074 baptizabantur,
982 4025 1033 4062 sua
1052 4019 1169 4076 peccata
1182 4008 1343 4062 confiteban-

256 4101 357 4157 tur,‚ut
375 4091 415 4144 sic
434 4091 574 4144 efficacius
593 4093 765 4162 propositum
785 4094 980 4166 penitentiam
1002 4094 1105 4162 agendi
1123 4095 1344 4149 manifestarent:

257 4180 318 4230 haec
338 4185 431 4229 autem
446 4177 583 4230 consessio
602 4195 658 4231 non
678 4192 738 4233 erat
757 4181 978 4234 sacramentalis.
1019 4181 1075 4235 Cn.
1098 4181 1212 4244 Vocant,
1228 4199 1274 4250 ap.
1292 4181 1364 4233 Dio

260 4259 396 4317 tionnaire
409 4259 444 4313 de
459 4261 481 4310 ln
500 4262 585 4324 little,
598 4266 734 4319 vocabulo
747 4268 903 4334 confession.
918 4267 1048 4320 -1An
1063 4267 1145 4334 xlx,
1162 4267 1202 4320 13.

1353 4373 1363 4612 l
