2770 4646
50 177 105 225 DE
118 178 289 229 NATURA
301 177 354 227 ΕΤ
367 177 627 232 Exrsrmtm
648 175 1050 228 sncRnMENTORuM.
1081 175 1141 225 159

312 379 327 469 5
356 385 398 446 11.
425 383 455 445 Α
481 397 657 446 sparnone
683 383 871 446 Camisare

93 547 133 610 19.
164 535 421 596 Protestantr'nm
437 555 568 596 errores.
608 533 664 614 (A)
680 534 779 595 Initio
796 531 1049 604 reformationis
1065 533 1142 592 Pro-

50 644 210 712 testantes,
227 639 329 700 modo
345 639 421 710 du0,
437 638 538 700 modo
558 637 620 698 tria
637 647 695 699 aut
710 645 853 717 quatuor
869 636 1075 698 admiserunt
1091 655 1140 695 sa-

50 751 217 816 cramenta,
243 741 397 804 videlicet
426 741 647 822 Baptismum,
672 741 822 816 Coenam,
850 740 1083 802 Poenitentiam
1109 748 1141 800 et

51 843 304 908 Ordinationem.
350 845 410 926 (B)
429 844 541 907 Hodie
564 865 651 918 vero,
666 845 693 905 si
715 845 926 925 excipiantur
944 843 1141 916 Ritualistae,

49 947 103 1025 qui
115 950 295 1028 generatim
320 959 448 1030 septem
470 949 654 1010 admittunt
671 959 888 1022 sacramenta,
905 947 1058 1010 videlicet
1074 947 1141 1008 duo

50 1051 176 1129 majora,
192 1062 225 1114 et
241 1053 389 1134 quinque
405 1053 541 1127 minora,
559 1051 707 1132 plerique
733 1052 958 1113 Protestantes
981 1050 1048 1111 duo
1069 1059 1139 1110 tan-

49 1161 125 1224 tum,
137 1173 177 1216 sc.
188 1153 393 1234 Baptismum
406 1164 439 1216 et
455 1154 590 1226 Comaru,
605 1155 747 1217 retinent
758 1167 778 1215 ².
829 1154 929 1216 Ratio
945 1152 1139 1213 fundamen-

50 1253 119 1314 talis
137 1255 221 1319 iliius
242 1258 360 1318 erroris
381 1267 431 1318 est
454 1258 532 1338 quia
552 1267 769 1330 sacramenta,
783 1256 882 1336 juxta
906 1257 1139 1324 Protestantes,

51 1375 112 1416 non
127 1369 202 1420 sunt
217 1380 293 1421 vere
309 1361 424 1440 gratiae
441 1358 645 1440 productiva,
655 1362 712 1422 sed
731 1360 837 1421 solum
856 1360 965 1420 media
980 1360 1022 1418 ad
1041 1356 1138 1418 fidem

49 1458 266 1534 excitandam,
287 1471 320 1523 et
343 1463 481 1542 pignora
503 1461 622 1543 quibus
647 1464 688 1523 de
713 1472 924 1542 peccatorum
949 1460 1140 1522 remissione

48 1563 195 1625 certiores
222 1565 391 1628 reddimur
404 1588 411 1642 ;
437 1567 513 1627 hinc
535 1567 786 1628 Matrimonium
808 1575 841 1627 et
864 1566 956 1629 Ordo
978 1585 1043 1626 non
1063 1573 1139 1626 sunt

50 1677 258 1741 sacramenta,
273 1669 351 1749 quia
368 1667 494 1730 nullum
512 1677 684 1748 peccatum
703 1669 874 1730 remittunt
889 1690 895 1746 ;
923 1665 1139 1731 Confirmatio

49 1775 81 1828 ct
104 1767 263 1832 Extrema
285 1769 411 1834 Unctio
435 1791 533 1832 merae
557 1781 634 1833 sunt
657 1771 862 1844 ceremoniae,
881 1771 958 1851 quia
982 1770 1069 1850 prior
1090 1779 1140 1830 est

50 1875 212 1934 renovatio
238 1875 495 1955 promissionum
524 1875 688 1956 baptismi,
712 1875 873 1956 posterior
899 1885 1010 1936 autem
1034 1874 1140 1934 oratio

51 1993 106 2052 pro
130 1975 266 2038 infirmis
294 1973 401 2052 fa&a;
431 1977 629 2040 Paenitentia
653 1987 764 2039 autem
788 1999 855 2040 non
883 1979 985 2040 suita
1009 1977 1141 2042 Christo

51 2075 193 2141 instituta
210 2090 246 2143 ut
262 2080 410 2142 medium
427 2081 541 2160 gratiae
561 2090 619 2142 aut
640 2079 715 2142 fidei
732 2081 942 2156 excitandae;
970 2090 1141 2142 remanent

51 2179 143 2258 igitur
157 2182 225 2244 duo
240 2182 348 2245 solum
365 2191 580 2244 sacramenta.

85 2327 130 2376 20.
176 2317 274 2375 Thesr's
293 2319 429 2376 catholica
444 2342 454 2375 .·
475 2317 710 2380 Sacramenta
737 2317 779 2380 N.
808 2317 926 2395 Legis,
951 2336 973 2381 a
998 2317 1141 2382 Christo

49 2408 217 2492 instituta,
234 2421 374 2492 septem
390 2419 484 2490 sunt,
502 2428 566 2475 nec
583 2413 693 2490 plura,
710 2429 775 2476 nec
791 2413 968 2490 pauciora.
1005 2415 1057 2476 De
1078 2416 1141 2478 fide

49 2529 95 2580 est
119 2539 161 2581 ex
191 2520 382 2582 Tridentino
404 2517 583 2581 definiente
607 2515 697 2596 (sess.
716 2517 794 2591 VII,
816 2537 884 2578 can.
907 2520 957 2597 1):
984 2521 1141 2601 “Siquis

49 2622 165 2684 dixerit
181 2631 388 2685 sacramenta
406 2622 446 2682 N.
461 2620 559 2700 Legis
572 2639 637 2680 non
654 2619 752 2680 tuisse
765 2621 994 2700 omnianesu
1010 2622 1141 2685 Christo

52 2721 87 2782 D.
103 2724 143 2785 N.
161 2723 312 2785 instituta
328 2743 334 2798 ;
361 2733 418 2784 aut
440 2742 512 2784 esse
533 2722 627 2802 plura
645 2721 695 2782 vel
715 2724 869 2802 pauciora
885 2743 985 2803 quam
1004 2736 1142 2805 septem,

50 2825 195 2887 videlicet
213 2824 748 2906 Baptismum,Confirmationem,
762 2825 1015 2900 Eucharistiam,
1034 2829 1142 2889 Poeni-

50 2931 192 3004 tentiam,
216 2930 281 2992 Ex.
308 2928 519 3003 Unctionem,
544 2928 705 2992 Ordinem
733 2939 765 2990 et
790 2930 1059 3008 Matrimonium
1086 2945 1143 2996 aut

79 3138 129 3190 15.
146 3139 173 3189 T
169 3137 299 3204 domas,3
310 3153 337 3206 p.
350 3153 377 3205 q.
389 3149 434 3204 75;
449 3135 589 3187 Salmunt.
604 3134 674 3201 disp.
690 3135 741 3198 tx3
758 3135 958 3204 Bellurmr'nus,
967 3139 1004 3192 de
1015 3139 1138 3194 Sacram.

50 3220 63 3274 1.
82 3225 119 3286 11,
135 3239 158 3278 c.
175 3237 271 3291 2347,
291 3225 413 3288 Drouin,
427 3241 452 3292 q.
470 3224 525 3288 111,
539 3240 562 3274 c.
576 3237 608 3286 ²3
628 3223 789 3287 Frnnselt'n,
804 3223 839 3276 de
853 3225 977 3279 Sacram.
992 3228 1030 3280 th.
1050 3229 1142 3292 18·2o;

51 3309 78 3360 dc
89 3311 269 3380 Angustiae,
283 3312 320 3364 th.
336 3325 366 3376 7;
386 3310 480 3373 pescle,
498 3328 525 3362 n.
540 3311 574 3373 67
589 3325 642 3377 sq.;
663 3306 753 3373 Snsse,
770 3309 808 3362 th.
826 3312 867 3364 26.

79 3399 112 3423 ²“
123 3399 199 3467 Quot
212 3400 240 3451 in
255 3397 384 3452 Ecclesia
397 3414 447 3450 sua
459 3397 587 3449 Christus
601 3396 719 3450 instituit
733 3401 928 3452 sacramenta?
949 3402 1012 3452 Duo
1027 3411 1142 3468 tantum,

52 3496 107 3548 quae
120 3485 156 3538 ad
171 3486 291 3538 salutem
303 3483 459 3552 generatim
474 3494 537 3534 sunt
552 3483 719 3544 necessaria,
733 3481 840 3536 scilicet
855 3487 1031 3553 Baptismtnn
1041 3497 1069 3540 et
1082 3490 1143 3541 Cte-

53 3574 138 3626 nam”.
159 3573 216 3642 (Ita
236 3574 384 3642 Anglicani
404 3588 448 3640 ap.
465 3571 541 3624 Book
559 3569 595 3639 os
609 3571 740 3623 Common
760 3573 887 3640 Prayer).
925 3573 1018 3625 “Duo
1038 3576 1145 3640 majora

52 3657 146 3713 adsunt
167 3673 346 3714 sacramenta
365 3662 531 3730 evangelica
551 3662 587 3714 ab
609 3662 670 3730 ipso
693 3663 816 3714 Domino
838 3673 934 3715 nostro
957 3665 1093 3728 instituta,
1117 3667 1144 3718 in

54 3746 204 3802 universum
219 3749 377 3802 necessaria
390 3751 427 3802 ad
441 3749 560 3802 salutem
572 3769 579 3813 ;
599 3759 641 3802 ast
656 3749 711 3801 lato
723 3766 806 3802 sensu
819 3751 986 3803 sacramenti
998 3769 1093 3804 vocem
1104 3754 1145 3805 ias

53 3842 88 3884 cst
99 3835 242 3904 applicare
255 3835 291 3888 ad
305 3852 390 3890 omne
404 3836 478 3904 quod
493 3851 551 3888 rem
565 3833 693 3888 santiam
713 3835 860 3902 significat,
876 3849 903 3890 et
922 3838 985 3890 ideo
998 3840 1035 3892 ari
1048 3857 1145 3894 omnes

53 3917 112 3974 ritus
132 3924 179 3992 qui
201 3923 237 3976 de
257 3941 335 3978 more
357 3925 540 3978 Sacramenta
562 3925 725 3976 vocantur''.
749 3924 823 3989 (Dt'x
839 3925 974 3992 isaram,
997 3926 1143 3988 ritualista,

54 4005 237 4064 Sacramenta}
257 4013 379 4080 System,
398 4029 423 4080 p.
444 4010 545 4080 83-84).
585 4013 602 4036 “
616 4009 736 4064 Unitarii
757 4012 924 4076 generaliter
947 4011 1002 4065 duo
1025 4014 1147 4065 maxima

54 4091 181 4163 instituta,
196 4098 372 4166 Baptismum
393 4113 494 4165 nempe
513 4109 540 4149 et
562 4097 681 4150 Coenam
700 4097 819 4149 retinent
878 4117 941 4167 quae
960 4099 1000 4151 uti
1020 4099 1146 4165 symbola

54 4175 150 4236 habent
171 4185 308 4238 naturalia
326 4195 355 4238 et
374 4184 454 4252 signa
473 4193 589 4237 externa
607 4181 757 4236 affectuum
777 4197 803 4237 et
829 4185 1015 4240 intentionum
1034 4203 1098 4253 quae
1119 4186 1145 4236 in

54 4277 127 4330 corde
140 4275 263 4332 resident
274 4279 295 4333 '’.
319 4276 449 4345 (Mancini
463 4277 494 4330 of
506 4277 699 4358 Unitaiieiiei,
717 4293 743 4345 p.
760 4275 812 4343 47).
