2780 4646
232 158 275 208 86
693 162 832 214 CAPUT
851 163 876 210 Ι.

276 347 344 410 109.
391 348 427 396 20
442 337 763 418 Augustinianonrm
786 351 925 420 systema
937 353 957 402 ¹.
1004 341 1238 422 Augustiniani
1262 359 1319 399 am·

232 433 421 516 pleeluntur
433 440 543 519 quoad
557 440 776 503 substantiam
790 452 937 523 systema
950 443 1205 515 Thomisticum,
1216 440 1320 503 saltem
1375 427 1376 464 ¹

232 557 292 618 pro
308 547 396 601 statu
415 549 541 602 naturae
559 541 659 622 lapsae
669 564 676 620 ;
692 544 904 607 solummodo
918 545 1070 625 rejiciunt
1083 545 1320 625 praemotionem
1375 531 1376 618 l

233 639 414 720 physicam,
430 651 464 703 et
486 641 559 704 loco
581 644 675 720 illius,
691 646 875 708 admittunt
899 648 1153 728 praemotionem
1176 644 1321 716 moralem,

232 761 289 803 seu
308 744 465 806 moralem
482 745 680 821 suasionem,
690 769 751 832 per
762 768 863 828 quam
878 750 970 818 Deus
988 769 1048 810 nos
1065 749 1107 810 ad
1126 749 1247 810 bonum
1263 746 1319 806 alli·

232 844 285 906 cit.
330 846 435 926 Juxta
452 847 549 928 ipsos,
567 851 674 929 gratia
693 861 744 912 est
764 851 930 932 sufficiens,
947 852 1083 932 quando
1104 850 1201 913 nobis
1220 869 1319 912 conce-

232 946 322 1009 ditur
342 949 469 1031 ,gradus
497 949 728 1015 deleftationis
755 954 908 1026 coelestis,
936 973 1003 1034 quo
1031 953 1318 1033 concupiscentiam

232 1049 362 1112 vincere
379 1071 571 1132 possumus;
587 1054 695 1134 gratia
709 1065 758 1116 est
771 1055 887 1136 efficax,
898 1054 1034 1135 quando
1047 1052 1225 1116 delectatio
1237 1054 1318 1115 crele-

233 1153 291 1212 stis
308 1162 402 1215 tanta
418 1165 477 1228 est,
494 1165 530 1217 ut
550 1165 632 1216 certo
653 1166 687 1218 et
711 1156 935 1232 infallibiliter,
952 1178 1014 1218 non
1030 1167 1139 1218 tarrren
1156 1155 1318 1226 necessarii,

233 1257 500 1338 concupiscentia
517 1259 686 1320 vincatur:
708 1259 960 1339 distinguuntur
980 1278 1060 1339 ergo
1082 1279 1102 1319 a
1123 1257 1318 1338 jansenianis,

233 1358 287 1437 qui
305 1358 420 1421 dicunt
436 1359 520 1420 hanc
538 1358 794 1423 delectationem
812 1381 883 1422 esse
901 1362 1164 1423 necessitantem.

269 1470 323 1510 κιο.
362 1465 389 1528 3⁰
401 1460 584 1528 Argumenta
592 1467 649 1528 pro
663 1467 781 1529 utroque
793 1465 960 1528 systemate:

269 1544 317 1613 (Α)
331 1543 434 1614 Scrr'pt.
452 1546 490 1614 (a)
511 1544 540 1601 S.
557 1544 672 1602 Paulus
690 1546 730 1602 ita
749 1545 921 1604 Corinthios
939 1543 1135 1616 alloquitur²z
1159 1543 1263 1617 “Quid
1278 1560 1319 1598 au-

233 1640 292 1687 tem
307 1629 399 1687 habes
413 1630 495 1700 quod
509 1648 568 1687 non
582 1632 739 1704 accepisti?
775 1633 804 1689 Si
822 1643 923 1689 autem
940 1632 1091 1703 accepisti,
1107 1631 1182 1703 quid
1194 1631 1317 1702 gloriaris,

233 1716 316 1786 quasi
331 1734 390 1773 non
404 1717 553 1788 acceperis
563 1717 598 1772 ”i
638 1717 726 1776 Unde
739 1718 800 1774 sic:
821 1738 856 1776 ex
876 1718 925 1774 illo
945 1728 1025 1775 textu
1044 1718 1138 1775 homo
1157 1718 1229 1774 nihil
1246 1715 1321 1773 habet

233 1819 268 1858 ex
281 1819 342 1874 quo
356 1802 471 1873 gloriari
486 1803 594 1873 possit;
613 1804 695 1874 atqui
709 1803 732 1860 si
746 1805 847 1874 gratiae
866 1803 1024 1860 efficacitas
1038 1821 1073 1861 ex
1087 1821 1236 1861 consensu
1248 1802 1321 1858 orire

233 1901 287 1959 tur,
304 1890 395 1947 homo
408 1889 521 1960 aliquid
534 1889 656 1947 haberet
670 1909 705 1947 ex
719 1909 780 1962 quo
793 1891 910 1962 gloriari
927 1899 1035 1961 posset,
1049 1890 1166 1946 scilicet
1185 1887 1322 1962 proprium

233 1993 421 2044 consensum,
438 1993 528 2046 quem
542 1993 603 2032 non
616 1994 633 2032 a
646 1977 739 2046 gratiit
752 1977 805 2034 sed
818 1995 836 2032 a
849 1976 949 2048 seipso
962 1973 1093 2032 haberet.

233 2063 273 2130 (bl
288 2062 343 2118 Illa
355 2061 448 2131 gratia
461 2074 504 2118 est
520 2079 555 2118 ex
574 2079 605 2118 se
624 2073 653 2118 et
672 2062 710 2119 ab
730 2062 889 2118 intrinseco
903 2061 1013 2131 efficax,
1029 2079 1097 2132 quae
1117 2060 1187 2117 lacit
1206 2069 1237 2117 ut
1249 2059 1322 2114 lacia-

234 2167 308 2214 mus,
324 2165 391 2218 quae
405 2147 473 2205 lacit
487 2158 519 2205 ut
531 2148 663 2218 velimus
681 2167 748 2219 quae
766 2159 860 2205 mutat
877 2148 1061 2205 voluntatem
1080 2157 1211 2204 nostram
1229 2157 1256 2202 et
1268 2145 1322 2214 ejus

234 2234 443 2307 dispositiones
457 2235 549 2291 malas
565 2235 594 2291 in
614 2234 708 2292 bonas
728 2235 873 2293 convertit
885 2257 891 2300 ;
910 2235 992 2304 atqui
1007 2234 1047 2290 ita
1060 2243 1105 2290 est
1117 2232 1161 2290 de
1174 2233 1262 2304 gratis
1273 2229 1322 2286 effi·

233 2323 305 2390 caci,
320 2323 401 2390 juxta
415 2319 594 2391 Scripturam
610 2341 615 2376 :
636 2321 836 2379 diciturenim
851 2344 857 2378 :
881 2325 895 2350 “
910 2318 997 2376 Dabo
1012 2318 1097 2375 vobis
1111 2335 1163 2375 cor
1177 2334 1288 2382 novum,
1299 2325 1323 2372 et

233 2409 363 2464 auferam
377 2423 428 2461 cor
441 2405 590 2476 lapideum
606 2407 644 2462 de
658 2424 746 2463 carne
759 2408 863 2474 vestra,
874 2416 903 2464 et
914 2405 995 2462 dabo
1005 2403 1090 2462 vobis
1101 2423 1153 2462 cor
1162 2420 1322 2461 carneum...

234 2506 262 2553 et
273 2493 386 2564 jarr'crm
406 2492 488 2548 utin
503 2493 650 2562 prrrreptr's
668 2492 735 2547 neeis
753 2491 902 2548 ambuletis
911 2491 963 2558 ’'³,·
982 2492 1087 2547 iterum
1111 2493 1126 2519 ‘⁸
1140 2491 1223 2548 Deus
1240 2498 1323 2560 operr-

234 2579 331 2635 turin
350 2578 434 2635 vobis
454 2577 522 2634 uelle
540 2588 569 2635 et
588 2579 728 2649 perlicere
740 2580 780 2649 Ἢ,
799 2579 828 2636 id
842 2591 893 2648 est,
911 2579 1066 2635 volitiones
1085 2595 1138 2634 seu
1158 2592 1323 2634 consensum

234 2670 383 2725 internum
402 2665 562 2722 voluntatis
583 2678 698 2736 nostrae,
721 2678 749 2724 et
769 2667 880 2725 deinde
902 2665 1123 2723 exsecutionem
1145 2665 1248 2721 barum
1265 2661 1324 2719 voli·

234 2754 358 2810 tionum.

235 2841 273 2910 (c)
284 2839 369 2896 Idem
380 2847 497 2894 constat
507 2839 782 2908 comparationibus
791 2858 809 2895 a
820 2841 970 2912 Scriptura
980 2837 1138 2908 adhibitis,
1152 2837 1246 2895 homo
1257 2836 1324 2894 enim

234 2925 326 2996 gratia
340 2933 446 2990 motus,
459 2935 648 2994 comparatur
667 2923 730 2981 luto
750 2925 779 2981 in
800 2943 889 2982 manu
911 2925 1018 2995 figulil,
1035 2923 1120 2995 quod
1133 2923 1242 2994 figulus
1254 2921 1326 2992 lingit
1375 2909 1376 2918 ¹

234 3012 309 3068 sicut
323 3010 392 3078 vult,
405 3020 433 3066 et
444 3009 540 3070 rivulo
553 3028 706 3081 aquarum,
721 3012 770 3081 qui
786 3011 921 3082 dirigitur
933 3011 971 3068 ab
985 3010 1153 3079 hortulan0,
1168 3002 1326 3073 sicutvult⁶3

234 3097 316 3168 atqui
330 3096 386 3152 illae
399 3097 636 3166 comparationes
650 3097 812 3154 ostendunt
826 3098 1028 3168 efficacitatem
1044 3095 1145 3166 gratiae
1158 3114 1176 3152 a
1189 3097 1327 3154 voluntate

236 3186 301 3252 Dei,
319 3199 379 3239 non
393 3193 492 3238 autem
507 3201 523 3238 a
537 3183 689 3240 voluntate
704 3186 811 3253 nostra,
829 3185 979 3254 pendere;
995 3201 1078 3256 ergo.

234 3293 236 3303 r
271 3285 325 3324 ιιι.
365 3271 413 3340 (Β)
428 3269 517 3326 Trad.
532 3272 571 3340 (a)
584 3270 759 3327 auctoritate
774 3271 804 3328 S.
820 3270 989 3340 Augustini,
1005 3263 1057 3341 ‘qui
1071 3269 1166 3328 dicit:
1190 3269 1327 3329 “Certum
1375 3265 1376 3338 3

234 3369 278 3416 est
292 3375 345 3414 nos
359 3356 434 3414 velle
444 3374 512 3412 cum
524 3356 669 3426 volumus,
682 3357 733 3414 sed
749 3357 797 3414 ille
807 3358 915 3424 (Dens)
927 3357 995 3413 facit
1009 3367 1041 3414 ut
1054 3357 1181 3413 velimus
1194 3356 1327 3414 bonum...

235 3447 283 3503 ille
297 3444 366 3502 lacit
385 3453 417 3500 ut
436 3443 589 3510 faciamus,
603 3442 765 3513 praebendo
780 3443 853 3499 vires
868 3443 1087 3500 efficacissimas
1100 3441 1244 3499 voluntati
1256 3443 1268 3470 ’³
1279 3439 1330 3508 <Dc
1375 3459 1376 3478 ¹

241 3553 305 3559 -...
458 3551 651 3557 ---
780 3549 1256 3557 -----—--
1266 3543 1325 3555 -κ

271 3625 277 3646 ¹
294 3612 335 3664 Cf.
351 3612 441 3674 Beati,
455 3610 491 3662 de
511 3609 634 3676 theolog.
652 3608 761 3677 discipl.
775 3609 791 3661 l.
807 3609 887 3670 XIV,
903 3625 926 3660 c.
942 3609 969 3671 8;
989 3609 1103 3674 Nonis,
1117 3607 1278 3675 Janseniani
1296 3619 1329 3657 er·
1375 3653 1376 3690 1

235 3697 305 3750 roris
325 3696 466 3750 calumnia
484 3696 603 3749 sublata.
646 3696 673 3747 T
669 3696 847 3747 dornassr'nus
861 3695 918 3758 (Tr.
937 3707 952 3758 3
973 3694 1009 3747 de
1028 3711 1169 3747 consensu
1189 3695 1287 3747 scholae
1301 3689 1329 3742 de
1375 3691 1376 3755 l

235 3783 337 3852 gratid)
348 3783 598 3852 Augustinensium
613 3792 737 3850 systema
751 3781 806 3834 alio
820 3780 906 3833 modo
920 3781 1067 3848 advocant,
1076 3779 1177 3848 gratiae
1190 3779 1329 3834 efficaciam
1375 3777 1376 3834 l

236 3869 361 3922 tribuens
376 3870 559 3921 nrultirudr'm'
570 3868 737 3920 auxiliorum
757 3865 839 3919 alicui
859 3867 1045 3919 collatorum:
1064 3865 1131 3919 licet
1145 3866 1221 3920 enim
1236 3861 1331 3932 singula

237 3955 352 4009 seorsim
365 3965 476 4024 sumpta
487 3953 611 4007 frustrari
623 3953 740 4022 possint,
753 3953 884 4006 universa
897 3961 993 4006 tamen
1004 3951 1090 4005 simul
1099 3963 1213 4020 sumpta
1223 3949 1330 4004 obstina·

236 4055 279 4096 tos
294 4041 330 4094 ad
344 4057 493 4094 assensum
507 4041 630 4093 suaviter
644 4050 671 4093 et
686 4039 793 4092 sortiter
806 4039 927 4091 trahunt.

271 4132 280 4154 ²
295 4129 312 4179 Ι
324 4127 386 4180 Cor.
402 4128 451 4188 IV,
468 4140 491 4190 7.
506 4155 541 4163 --
553 4123 563 4153 ³
576 4126 677 4179 Eaerlr.
695 4125 833 4186 XXXVI,
850 4124 938 4176 26-28.
954 4155 986 4161 —
1001 4123 1011 4152 ⁴
1024 4123 1130 4193 Plu'lr'p.
1148 4124 1187 4192 ll,
1207 4139 1246 4193 13.
1375 4141 1376 4192 l

275 4215 388 4268 ⁵Ecclr'.
406 4212 549 4278 XXXIII,
566 4226 605 4281 13.
622 4209 775 4264 -⁸Prov.
791 4211 872 4276 XXI,
889 4227 911 4262 1.
1375 4197 1376 4254 ἶ
