2752 4648
203 183 261 233 DE
279 183 498 235 Mrsrumo
513 184 787 235 PRAESENTIAE
804 185 969 236 nehus.
1068 181 1136 238 ³55

711 303 809 311 ...a—.—

51 371 104 436 est,
117 373 148 426 et
170 365 245 428 ideo
259 384 329 428 nec
352 365 504 447 priorem,
520 385 580 428 nec
603 367 819 448 posteriorem
844 360 1135 447 locum‘occupat:

51 467 130 528 unde
144 486 209 530 non
227 477 379 531 movetur
393 468 542 531 localiter
556 488 615 549 per
629 488 673 542 se,
690 487 747 532 seu
764 471 893 532 ratione
907 469 967 532 sui.
1020 469 1134 532 Move-

48 575 98 629 tur
110 579 218 633 autem
235 569 384 633 localiter
398 591 457 652 per
472 571 633 634 accidens.
679 572 815 635 Etenim
832 572 966 653 aliquod
984 582 1137 635 movetur

48 667 188 735 localiter
202 693 261 755 per
271 673 433 750 accidens,
443 674 578 755 quando
593 675 782 736 continetur
793 675 826 736 in
843 674 956 755 aliquo
970 669 1060 756 quod
1078 667 1137 754 per

47 792 81 834 se
95 785 242 839 movetur
257 776 412 840 localiter.
459 777 525 842 Sed
549 777 675 859 species
695 777 922 842 eucharistica
937 777 1000 841 sub
1015 777 1135 859 quibus

46 879 226 942 continetur
240 899 359 962 corpus
376 879 508 955 Christi,
524 899 583 962 per
597 901 634 942 se
650 889 826 944 moventur
841 879 996 944 localiter.
1035 879 1135 962 Ergo.

49 979 94 1053 o.
113 980 166 1044 n.
185 999 201 1060 3
219 1003 249 1065 p·
266 1001 296 1062 q·
314 983 467 1064 roas.)

85 1092 132 1160 53.
175 1085 303 1167 Corpus
320 1085 442 1149 Christi
459 1085 491 1148 in
510 1083 718 1150 Eucharistitl
735 1102 801 1146 non
823 1092 935 1166 potest
955 1102 1054 1164 agere
1077 1091 1135 1144 aut

47 1186 109 1264 pati
120 1184 250 1250 astione
262 1192 430 1270 corporetl3
454 1185 542 1252 actio
553 1188 652 1262 enirn,
662 1186 713 1248 vel
726 1187 837 1267 passio
849 1205 1006 1268 corporea
1016 1194 1134 1247 exten·

47 1285 164 1351 sionem
186 1289 325 1353 localem
342 1291 510 1372 supponit,
525 1295 591 1372 qutl
607 1299 697 1352 caret
715 1309 834 1371 corpus
852 1287 997 1350 Domini.
1045 1286 1134 1350 Hinc

48 1409 101 1452 nec
115 1391 215 1455 videri
231 1403 343 1475 potest
358 1393 552 1458 naturaliter
566 1393 664 1457 oculo
678 1411 848 1474 corporeo,
860 1411 962 1473 quum
979 1391 1022 1454 sit
1038 1390 1134 1452 inex·

47 1504 166 1560 tensum
188 1497 346 1572 localiter,
361 1517 421 1561 nec
441 1497 593 1562 emittere
614 1497 720 1578 possit
737 1495 865 1578 species
880 1494 1060 1568 sensibiles,
1077 1493 1134 1556 seu

48 1598 218 1682 imaginem
233 1603 284 1664 sui
301 1605 366 1683 qua
382 1601 541 1665 videatur.
585 1600 731 1684 Quando
751 1609 864 1664 autem
886 1595 1081 1662 miraculose
1101 1598 1133 1660 in

47 1699 104 1762 hoc
118 1714 323 1768 sacramento
334 1703 484 1768 Christus
496 1712 643 1785 apparet,
656 1702 865 1766 communius
880 1713 1012 1766 tenetur
1023 1695 1134 1783 hujus·

49 1805 130 1866 modi
156 1807 381 1888 apparitiones
407 1826 479 1870 esse
504 1825 610 1869 meras
635 1805 756 1887 figuras
781 1806 952 1869 sensibiles
976 1805 1135 1869 divinitus

49 1904 206 1986 formatas,
216 1919 287 1973 tum
300 1909 378 1991 quia
390 1929 559 1991 nunquam
576 1919 634 1972 aut
650 1929 723 1972 raro
739 1909 859 1990 legitur
869 1909 1048 1982 Christum,
1059 1919 1135 1990 post

48 2027 133 2072 suam
149 2013 387 2088 ascensionem,
403 2013 434 2076 in
451 2013 546 2076 terris
562 2014 763 2095 apparuisse,
780 2023 850 2076 tum
867 2013 944 2094 quia
961 2013 1048 2075 idem
1065 2031 1135 2074 cor·

49 2129 104 2189 pus
119 2134 182 2176 non
199 2125 311 2197 potest
326 2134 398 2178 esse
413 2115 693 2197 circumscriptive
716 2115 749 2178 in
772 2114 902 2178 duobus
926 2115 1006 2176 locis
1028 2115 1136 2188 simul,

50 2212 78 2274 in
93 2216 175 2279 coelo
189 2227 223 2280 et
240 2219 271 2280 in
289 2228 376 2280 terra
387 2231 406 2280 1.
452 2217 504 2298 (S.
526 2218 556 2280 T
552 2217 643 2290 stom,
661 2235 677 2297 3
695 2238 725 2298 p.
741 2238 771 2301 q.
789 2216 842 2298 76,
858 2237 884 2280 a.
903 2218 981 2298 7·8.)

86 2325 132 2394 54
179 2313 245 2404 (B)
264 2317 384 2400 Quoad
400 2317 547 2380 animam
566 2317 696 2382 Christi.

50 2415 94 2496 (a)
108 2419 231 2483 Anima
249 2419 423 2485 christiin
440 2419 651 2483 Eucharistit
670 2421 779 2484 elicere
793 2429 898 2501 potest
918 2439 1025 2483 omnes
1046 2421 1138 2483 attus

49 2517 251 2586 immanentes
264 2545 319 2586 sere
334 2521 509 2600 interiores,
524 2522 582 2602 qui
601 2544 622 2583 a
644 2543 795 2585 sensuum
811 2522 957 2585 exercitio
979 2542 1040 2585 non
1057 2533 1136 2603 pen-

50 2623 139 2699 dent,·
164 2627 313 2707 possidet
334 2629 434 2710 igitur
449 2645 565 2688 omnes
582 2625 753 2688 thesauros
775 2624 935 2689 beatihcae
952 2625 1087 2690 visionis
1102 2636 1136 2688 et

50 2727 187 2792 scientiae
203 2730 321 2793 inlusae
336 2730 519 2812 descriptos
536 2729 568 2789 in
585 2728 615 2789 Τ
613 2749 638 2791 r.
648 2729 687 2790 de
705 2728 993 2800 Verbolncarnat.;
1020 2728 1137 2791 elicere

51 2838 152 2907 potest
174 2843 208 2896 et
230 2835 273 2896 de
295 2831 385 2896 lacto
407 2833 496 2897 elicit
519 2832 778 2896 ferventissimos
802 2831 895 2898 actus
917 2832 1039 2894 amoris
1065 2832 1137 2906 Dei,

51 2933 186 2998 caritatis
201 2955 281 3017 erga
303 2935 495 3017 proximum
519 2947 553 2999 et
575 2947 758 3000 ceterarum
774 2935 943 3010 virtutum,
959 2934 1137 3015 dequibus

52 3032 166 3099 dilium
193 3050 244 3102 est
271 3039 302 3100 in
330 3038 470 3121 praefato
499 3039 529 3100 T
527 3039 662 3102 metatu.
719 3037 818 3099 Ratio
845 3048 896 3100 est
921 3037 999 3118 quia
1026 3038 1138 3099 anima

53 3135 163 3203 Christi
179 3151 249 3205 tota
264 3153 297 3205 et
314 3143 442 3224 integra
457 3152 507 3205 est
528 3144 561 3205 in
581 3143 643 3205 hoc
659 3150 875 3218 sacramento,
891 3162 966 3205 cum
982 3141 1137 3204 omnibus

54 3239 254 3309 facultatibus
270 3256 304 3310 et
319 3247 569 3328 operationibus
585 3245 661 3320 suis,
676 3243 794 3306 saltem
812 3229 1077 3307 immanentibus.

54 3341 96 3424 (b)
108 3345 364 3412 controvertitur
372 3359 477 3411 tomen
490 3360 600 3411 utrum
614 3347 763 3414 Christus
774 3343 808 3404 in
822 3342 854 3404 E
855 3340 1031 3404 reclroristid
1037 3343 1141 3420 possit

54 3465 178 3514 exercere
199 3453 292 3514 ottus
313 3473 464 3514 sensuum
478 3463 698 3514 'externormu
752 3446 903 3526 Plerique
920 3444 1066 3525 theologi
1084 3465 1140 3507 ne-

55 3563 124 3626 gant
139 3555 170 3617 id
184 3553 252 3616 fieri
270 3573 368 3635 posse
380 3555 582 3628 naturaliter,
594 3554 671 3634 quia
684 3551 879 3614 exercitium
894 3568 1049 3610 sensuum
1062 3568 1140 3629 sup·

55 3656 136 3728 ponit
151 3655 342 3721 contadtum
359 3667 573 3719 externorum
591 3655 760 3737 agentium
777 3655 810 3714 in
827 3671 952 3732 organa
968 3669 1140 3728 sensuum;

84 3857 225 3910 ‘Scotistce
237 3865 264 3909 et
280 3855 451 3923 Dyrramistoe
465 3853 639 3907 contendunt
653 3861 747 3905 tamen
768 3861 825 3901 non
844 3863 998 3916 repugnare
1017 3856 1047 3899 ut
1066 3843 1141 3900 idem

56 3953 142 4010 corpus
155 3945 190 3998 sit
203 3940 442 4009 circumscriptive
461 3939 489 3993 in
509 3940 634 4009 pluribus
652 3939 734 3991 simul
754 3935 841 3997 locis;
867 3933 943 4004 quod
963 3933 1003 3987 sic
1022 3934 1141 4002 explicat

56 4027 181 4084 Polmieri
190 4028 327 4098 (Cosmol.
337 4029 374 4082 th.
389 4029 430 4092 ro)
444 4046 449 4080 :
469 4027 609 4080 elementa
621 4027 778 4084 inextensa,
794 4021 894 4090 quibus
908 4031 1019 4075 constat
1032 4037 1141 4089 corpus,

57 4120 204 4174 naturaliter
216 4127 282 4171 sunt
295 4115 376 4168 simul
398 4113 425 4166 in
445 4113 570 4182 pluribus
590 4111 715 4181 partibus
728 4128 754 4173 a,
767 4109 790 4174 b,
805 4125 826 4174 c,
840 4107 893 4162 loci
908 4108 1024 4177 alicujus
1038 4107 1140 4176 exigui,

57 4201 214 4276 proindeque
226 4201 360 4256 divinitus
381 4199 438 4254 lieri
459 4209 551 4269 potest
571 4209 600 4252 ut
620 4197 699 4252 simul
720 4196 817 4250 sintin
832 4195 996 4265 partibusd,
1012 4194 1070 4262 ιώ
1087 4194 1140 4247 loci

57 4287 158 4362 alicujus
170 4289 273 4348 dissiti.
