2780 4646
478 184 533 234 ΒΕ
551 183 727 234 Mamm.
1095 177 1153 226 141

59 364 162 444 justus
184 367 225 429 de
248 366 416 447 condigno
439 374 550 447 potest
574 364 690 426 mereri
713 363 816 424 vitam
836 367 1001 422 aeternam.
1048 351 1153 438 Atqui

59 467 110 529 ille
130 471 186 550 qui
207 479 319 551 potest
337 469 452 532 mereri
472 470 513 531 de
537 467 704 547 condigno
723 465 827 526 vitam
849 472 1018 536 aeternam,
1034 461 1152 523 eodem

60 574 156 634 modo
177 573 292 636 mereri
314 583 425 654 potest
446 571 556 634 media
574 568 759 632 necessaria
779 567 821 628 ad
842 566 942 641 illam,
957 585 996 626 ac
1015 565 1154 646 proinde

59 676 179 754 gratias
193 673 340 739 adiuales
355 675 565 750 sufficientes,
580 693 655 755 quae
674 683 751 736 sunt
768 672 915 734 medium
931 669 1081 734 absolute
1098 689 1153 732 ne·

59 779 231 840 cessarium
259 779 302 840 ad
330 777 479 841 salutem.
527 779 628 859 Ergo.
675 777 731 839 Ex
758 775 879 858 quibus
906 775 1056 856 sequitur
1079 793 1153 855 gra·

59 879 117 940 tias
138 878 285 944 adtuales
307 882 353 942 ita
375 881 594 956 concatenari,
610 889 655 955 ut,
672 881 698 943 si
715 899 789 943 cum
806 880 913 962 prima
929 897 1152 960 cooperemur,

60 982 236 1044 secundam
257 982 376 1045 saltem
397 983 439 1044 de
460 1002 608 1064 congruo
629 1005 823 1062 mereamur,
838 994 872 1045 et
892 983 939 1044 sic
958 984 999 1045 de
1020 982 1137 1044 ceteris
1145 1004 1153 1059 ;

59 1084 142 1162 quod
159 1095 248 1148 certe
265 1106 326 1148 nos
343 1087 511 1167 impellere
527 1087 629 1151 debet
644 1099 680 1151 ut
695 1090 802 1170 gratia
817 1087 901 1149 bene
916 1096 1059 1150 utamur.

97 1235 165 1286 201.
213 1235 253 1285 2⁰
267 1222 385 1300 Quoad
390 1225 540 1306 gratiam
555 1225 760 1289 habitualem.

97 1325 155 1404 (A)
171 1325 324 1388 Peccator
342 1347 404 1389 nou
421 1337 528 1408 potest
550 1329 667 1392 urereri
686 1329 724 1392 de
741 1326 896 1408 caudtguo
909 1326 1056 1408 pu’uum
1073 1345 1152 1406 gra-

59 1427 134 1489 tiam
149 1429 355 1506 habitualem,
370 1451 424 1492 seu
430 1431 777 1513 justificatiaueur,sed
788 1451 857 1493 cam
874 1428 993 1494 mereri
997 1438 1103 1509 potest
1116 1427 1155 1489 de
1187 1463 1190 1470 ·

58 1551 205 1612 cougruo;
223 1543 351 1595 certum
373 1545 442 1597 est:
466 1535 514 1614 (a)
538 1545 671 1598 constat
679 1536 786 1617 prius,
801 1554 878 1596 nam
902 1533 982 1594 dicit
1006 1531 1154 1612 Aposto-

60 1631 105 1696 lus
116 1636 157 1696 de
166 1634 425 1715 justificatione:
440 1643 457 1668 “
467 1635 644 1717 Justificati
655 1638 758 1718 gratis
768 1657 826 1718 per
838 1635 980 1716 gratiam
992 1634 1094 1714 ipsius
1104 1633 1120 1658 ''
1133 1644 1151 1696 ¹.

62 1733 159 1818 Atqui
188 1739 277 1818 quod
308 1748 450 1800 meretur
476 1740 711 1820 de'condigno
738 1759 804 1802 non
835 1739 1004 1802 obtinetur
1029 1735 1153 1818 gratis;
1232 1781 1233 1786 η

60 1858 139 1920 ergo.
188 1841 289 1904 Unde
311 1841 469 1905 tridente
485 1844 552 1906 ait:
574 1843 717 1907 “Gratis
730 1842 900 1924 justificari
916 1841 1154 1922 dicimur,quia

61 1943 134 2004 nihil
157 1964 273 2006 eorum
290 1964 364 2024 quae
377 1943 652 2025 justificationem
670 1948 871 2028 praecedunt,
886 1943 955 2005 sive
978 1940 1068 2016 fides
1085 1941 1153 2002 sive

61 2067 163 2126 opera,
181 2049 289 2129 ipsam
303 2047 550 2128 justificationis
565 2050 706 2131 gratiam
726 2055 931 2131 promeretur
942 2044 967 2108 '’.
1015 2044 1154 2124 Insuper

62 2151 97 2211 ad
114 2152 268 2213 meritum
284 2151 327 2212 de
342 2151 510 2232 condigno
526 2147 702 2233 iequiritur
716 2152 823 2233 gratia
838 2147 1036 2224 habitualis;
1060 2147 1151 2227 atqui

62 2252 129 2314 talis
144 2254 253 2335 gratia
269 2272 336 2314 oon
352 2253 469 2316 existit
485 2255 517 2315 in
534 2274 612 2316 casu
629 2254 794 2336 praesenti,
806 2264 842 2317 ut
855 2260 954 2334 patet.
1001 2246 1052 2330 (b)
1066 2249 1152 2312 Con·

62 2365 120 2418 stat
129 2357 388 2437 posterius,quia
403 2376 504 2436 opera
520 2357 791 2438 supernaturalia,
803 2377 823 2418 a
838 2363 1010 2436 peccatore
1025 2349 1152 2428 elicita,

62 2476 169 2520 omnes
187 2458 397 2520 conditiones
412 2457 534 2520 habere
550 2469 689 2540 possunt
713 2460 754 2521 ad
778 2459 931 2521 meritum
948 2457 990 2518 de
1004 2475 1153 2536 congruo

63 2561 256 2622 necessarias
271 2582 278 2636 ;
298 2559 376 2622 hinc
389 2559 421 2624 S.
434 2559 605 2642 Scriptura
621 2563 663 2624 de
678 2561 832 2642 operibus
848 2557 1151 2642 supernaturalibus

62 2662 101 2724 ita
116 2665 261 2746 loquitur
277 2673 313 2725 ut
329 2684 405 2725 vera
421 2665 554 2726 moralis
575 2665 751 2727 causalitas
774 2665 851 2747 ipsis
871 2663 1034 2725 tribuatur
1049 2662 1151 2724 relate

62 2767 98 2827 ad
113 2769 229 2848 gratiae
246 2767 479 2829 collationem:
502 2767 646 2830 “Timor
662 2768 725 2829 Dei
749 2766 887 2848 expellit
903 2774 1076 2846 peccatum
1088 2765 1129 2820 ”3
1144 2786 1151 2841 ;

62 2869 306 2951 “Eleemosyna
321 2890 341 2931 a
357 2879 463 2931 morte
480 2869 607 2946 liberat,
619 2881 651 2933 et
676 2872 747 2951 ipsa
770 2879 820 2931 est
840 2890 915 2950 quae
938 2877 1057 2949 purgat
1076 2884 1149 2948 pec-

62 2981 135 3042 cata,
150 2984 184 3035 et
202 2972 280 3035 iacit
302 2973 449 3034 invenire
472 2973 731 3037 misericordiam
754 2983 787 3035 et
807 2974 909 3034 vitam
932 2983 1090 3033 aeternam
1102 2970 1117 2996 ’'
1129 2983 1150 3032 ⁴.

62 3077 144 3154 atqui
161 3075 217 3137 illa
233 3074 368 3136 moralis
384 3074 561 3137 causalitas
578 3076 658 3138 nihil
676 3075 764 3138 aliud
785 3095 856 3136 esse
878 3084 989 3155 potest
1005 3075 1066 3136 nisi
1084 3094 1150 3136 me-

64 3175 151 3239 ritum
168 3179 210 3239 de
226 3196 374 3257 congruo
388 3198 394 3253 ;
417 3197 503 3258 ergo.
550 3177 649 3260 Quod
670 3179 716 3240 sic
735 3176 880 3239 declarat
896 3177 1105 3256 Augustinus
1119 3187 1150 3238 5:

63 3279 153 3342 “Nec
177 3281 248 3361 ipsa
272 3280 421 3341 remissio
444 3291 654 3361 peccatorum
679 3283 749 3343 sine
773 3281 883 3360 aliquo
907 3281 1025 3342 merito
1048 3290 1106 3354 est,
1124 3281 1150 3340 si

65 3379 136 3445 tides
151 3385 237 3446 hauc
254 3384 418 3464 impetrat.
459 3384 575 3466 Neque
592 3387 679 3447 enim
698 3385 820 3447 nullum
834 3393 883 3445 est
897 3384 1050 3446 meritum
1065 3381 1150 3456 fidei,

64 3491 121 3564 qua
139 3486 202 3550 fide
224 3487 279 3548 ille
299 3486 452 3550 dicebat:
477 3489 570 3550 Deus
591 3490 753 3570 propitius
774 3499 846 3550 esto
868 3486 946 3548 mihi
965 3487 1150 3567 peccatori;

66 3597 93 3647 et
106 3590 276 3651 descendit
289 3587 488 3669 justificatus
505 3591 623 3653 merito
640 3590 744 3653 fidelis
761 3591 956 3653 humilitatis
969 3590 991 3650 ’'.

102 3693 110 3763 Ι
117 3691 157 3773 Β)
179 3693 231 3755 De
243 3693 315 3774 fia'e
340 3703 388 3753 est
409 3693 533 3768 justum
552 3706 644 3774 posse
667 3695 785 3756 uterere
805 3702 1012 3773 augurenturu
1030 3692 1151 3771 gratia

66 3791 250 3866 habitualis,·
277 3793 339 3856 hoc
361 3796 449 3858 enim
469 3807 582 3877 aperte
605 3797 751 3858 declarat
774 3796 862 3858 Trid.
882 3796 966 3874 (can.
989 3794 1062 3873 32):
1086 3795 1149 3858 “Si

68 3898 131 3974 quis
145 3899 266 3960 dixerit
283 3899 390 3979 ipsum
405 3897 666 3979 justificatum
684 3919 750 3960 non
767 3917 842 3960 vere
859 3897 975 3958 mereri
991 3917 1150 3978 augmen·

68 4007 128 4062 tum
157 4003 280 4083 gratiae,
314 4001 353 4063 A.
386 4001 447 4064 S.''
497 4002 636 4064 Ratione
665 4001 888 4064 conuenientia
915 3999 1149 4063 confirmatur:

97 4187 188 4244 ΙΙΙουι.
207 4192 263 4254 ΙΙΙ,
280 4207 322 4254 24.
338 4221 373 4228 -
385 4189 395 4220 i
409 4193 482 4245 Sess.
498 4192 548 4258 Vl,
561 4209 620 4260 cap.
634 4193 656 4245 8.
672 4223 705 4230 —
718 4189 728 4220 ³
742 4191 840 4246 Ececlt.
860 4195 897 4261 ΙΙ,
915 4207 955 4246 21.

100 4273 178 4330 libb.
194 4279 263 4345 Xll,
276 4293 300 4346 9.
316 4309 350 4316 —-
363 4283 371 4315 ⁵
385 4279 477 4347 Epist.
498 4293 554 4345 194,
567 4297 594 4331 n.
611 4293 636 4344 9.
