2808 4664
353 147 409 196 DE
428 149 511 199 Ι)Εο
529 151 902 208 ΒΕΜΙΙΝΕΗΔΤΟΒΕζ
1108 163 1171 212 707

71 257 1172 286 ———-—-————.—.-—....-

71 338 171 392 usque
189 324 228 382 ad
248 325 382 384 ultimum
395 329 462 388 vitae
479 331 636 404 suspirium
653 335 732 405 gravi
750 347 875 407 peccato
891 339 1056 412 adhaeserit,
1072 341 1174 413 sicque

70 425 89 464 a
112 408 179 467 Deo
198 410 257 468 fine
277 413 381 471 ultimo
399 433 464 474 sese
483 417 574 476 libere
593 422 778 492 separaverit.
819 423 916 483 Ceteri
935 429 1109 499 omnesqui
1128 429 1174 487 vel

69 496 150 552 levia
168 511 315 571 praecepta
335 503 524 574 violaverunt,
537 506 582 564 vel
598 507 687 564 etiam
704 509 810 580 graria,
832 529 899 582 quae
919 522 950 570 ut
967 513 1043 571 levia
1059 525 1174 586 reputa-

71 581 157 646 bant,
172 595 222 642 aut
235 587 299 645 sine
310 588 465 648 sufficienti
479 591 691 651 deliberatione
702 595 880 655 libertateve
894 599 973 670 leges
985 599 1105 658 aliunde
1119 601 1175 659 sub

69 671 154 741 gravi
167 671 333 744 obligantes
345 679 514 748 transgressi
527 689 604 750 sunt,
616 683 746 740 mortalis
759 686 873 755 peccati
888 685 1048 745 formaliter
1060 689 1100 746 rei
1114 707 1174 747 non

69 770 151 827 sunt,
166 776 264 830 neque
283 773 436 834 propterea
455 775 579 824 aeternas
599 785 702 839 poenas
722 771 804 829 luent
815 780 832 827 ¹.
873 774 930 830 His
946 785 1044 832 autem
1060 776 1171 847 positiS,

70 847 181 917 utquid
196 865 271 906 nova
285 849 437 920 probatio?
457 851 486 909 Si
500 853 586 911 detur
598 856 748 922 omnibus,
763 868 792 915 et
806 859 860 930 ipsi
873 861 942 930 justi
956 879 1080 933 peccare
1093 874 1175 934 pote-

69 945 142 991 runt
155 935 340 1007 gloriamque
353 938 487 996 amittere
506 957 596 1011 quam
613 941 713 1000 multis
731 944 880 1003 laboribus
894 949 948 1004 sibi
962 949 1175 1020 acquisierant,

69 1023 94 1079 si
110 1023 215 1094 paucis
229 1034 352 1094 tantum,
365 1043 417 1082 cur
431 1027 480 1082 uni
495 1028 685 1102 potiusquam
699 1035 798 1092 alteri?
813 1037 954 1093 Praeterea
968 1053 1068 1094 nonne
1082 1037 1175 1106 multi,

69 1127 127 1182 spe
141 1111 257 1168 veniam
271 1112 300 1167 in
314 1113 404 1170 altera
418 1115 476 1170 vita
490 1119 704 1189 consequendi,
718 1121 821 1178 exinde
841 1121 1028 1193 passionibus
1047 1122 1107 1180 suis
1125 1122 1175 1179 ha·

69 1195 167 1255 benas
186 1196 310 1266 dabunt,
325 1209 362 1270 et,
379 1201 521 1273 voluptati
542 1205 732 1276 potiusquam
753 1207 851 1264 officio
870 1208 1064 1279 adimplendo
1083 1219 1175 1266 atten-

69 1284 189 1352 dentes,
202 1284 317 1342 divinas
336 1286 541 1362 humanasque
560 1291 640 1362 leges
658 1305 861 1363 contemnent,
879 1306 909 1354 et
928 1297 1061 1354 societati
1082 1297 1175 1368 proxi·

69 1389 186 1442 moque
199 1373 291 1429 multa
305 1375 414 1432 damna
428 1377 573 1436 inferent?
611 1380 690 1437 Dato
701 1381 789 1438 etiam
804 1383 886 1453 quod
900 1401 976 1440 nova
990 1384 1026 1440 sit
1039 1383 1175 1455 probatio

68 1469 141 1530 post
161 1469 297 1526 mortem,
313 1464 460 1534 numquid
480 1464 519 1521 illi
540 1467 590 1538 qui
610 1467 811 1539 voluptatibus
831 1487 883 1542 per
902 1470 1012 1526 multos
1030 1487 1125 1526 annos
1143 1487 1176 1526 se

69 1553 152 1602 totos
173 1549 377 1618 permiserunt,
392 1552 490 1608 statim
510 1553 631 1610 interius
651 1555 755 1612 mutati
775 1557 981 1628 poenitentiam
1000 1558 1108 1628 agent?
1145 1556 1175 1613 Si

68 1648 142 1687 vero
156 1632 262 1690 iterum
275 1637 470 1705 peccaverint,
481 1640 627 1711 numquid
642 1644 725 1700 tertia
737 1655 789 1700 aut
802 1656 905 1716 quarta
916 1644 1052 1717 probatio
1062 1644 1175 1702 eisdem

69 1721 274 1777 concedetur?
311 1721 386 1779 Haec
411 1725 520 1791 omnia,
542 1727 659 1800 aliaque
685 1733 776 1788 multa
802 1751 874 1790 sane
898 1733 1060 1791 ostendunt
1085 1750 1174 1803 quam

68 1807 223 1877 sapienter
238 1807 319 1866 Deus
333 1810 499 1881 probationi
514 1813 604 1871 tinem
622 1833 690 1873 cum
712 1821 847 1889 praesenti
861 1821 928 1878 vitae
942 1821 1069 1877 termino
1082 1821 1176 1891 impo-

69 1893 174 1958 suerit,
191 1897 293 1965 utiam
308 1897 498 1968 probavimus
513 1902 556 1970 (de
573 1903 689 1975 Grattil,
710 1909 774 1976 186;
792 1917 890 1978 supra,
909 1927 936 1964 n.
953 1909 990 1975 6).

168 2033 217 2090 11.
242 2033 297 2092 Do
320 2031 461 2096 natural
483 2045 521 2096 et
542 2043 664 2110 gradu
688 2056 891 2115 poenarum
916 2044 1085 2102 inseruit.
1114 2071 1116 2074 ·

117 2159 255 2242 Duplex
271 2162 486 2245 distinguitur
501 2188 601 2248 poena
617 2171 648 2231 in
667 2171 803 2246 insemo,
816 2190 936 2251 nempe
949 2190 1049 2252 poena
1061 2169 1179 2232 darnni

69 2275 104 2328 et
122 2285 224 2346 poena
239 2266 373 2331 senatis:
390 2269 478 2351 prior
493 2280 544 2333 est
559 2275 700 2353 privatio
716 2276 852 2338 visionis
868 2272 1040 2349 beatificat,
1051 2282 1085 2336 et
1101 2293 1176 2355 pec-

108 2457 116 2480 ¹
129 2451 146 2479 “
158 2452 294 2521 lnfernus,
305 2471 386 2508 verus
399 2466 427 2509 et
440 2456 626 2511 formidabilis
642 2457 765 2512 infernus
778 2456 890 2510 nonnisi
901 2455 1033 2524 gravibus
1044 2472 1092 2510 seu
1104 2471 1176 2508 mor·

69 2539 177 2593 talibus
190 2539 279 2608 culpis
293 2541 450 2596 incurritur.
490 2545 566 2612 Quid
585 2562 652 2599 vero
671 2545 784 2598 nomine
804 2544 911 2612 peccati
931 2543 1057 2597 mortalis
1070 2542 1174 2605 veniat,

68 2627 205 2681 omnibus
225 2626 296 2682 inter
315 2631 479 2694 catholicos,
495 2643 670 2701 compertum
689 2643 750 2696 est;
770 2632 930 2686 continetur
949 2631 1054 2685 scilicet
1073 2631 1101 2683 in
1123 2630 1176 2683 Dei

68 2713 152 2768 totali
166 2713 327 2784 rejeflione
338 2725 366 2770 et
379 2718 561 2786 consequenti
576 2717 684 2786 gratiae,
693 2735 756 2787 quae
769 2727 812 2771 est
825 2717 929 2770 animae
939 2717 1004 2783 vita,
1013 2716 1174 2770 amissione.

70 2801 179 2855 Utrum
192 2801 244 2854 hoe
258 2801 302 2855 vel
316 2802 393 2869 illud,
409 2802 436 2856 in
456 2804 624 2872 particulari,
640 2822 726 2873 grave
746 2804 781 2858 sit
801 2813 956 2872 peccatum,
970 2803 1046 2856 haud
1066 2817 1176 2871 semper

68 2885 151 2941 dictu
165 2887 247 2942 facile
259 2899 336 2942 est...
359 2889 391 2942 ln
404 2889 458 2943 boc
472 2891 564 2960 posita
576 2902 619 2945 est
632 2889 780 2944 difficultas
794 2900 823 2943 ut
837 2888 959 2944 sciamus
973 2898 1102 2941 utrumne
1116 2903 1177 2955 par·

68 2975 204 3030 ticulares
218 2975 435 3031 circumstantiae
449 2978 626 3046 cognitionis,
639 2977 822 3032 advertentiae
841 2987 868 3030 et
888 2991 1042 3029 consensus
1056 2972 1173 3042 eaesint,

68 3072 102 3115 ut
115 3057 206 3124 attus,
219 3078 275 3130 quo
289 3079 416 3117 arcemur
426 3081 443 3116 a
458 3066 528 3128 Deo,
543 3066 579 3117 ad
593 3064 717 3128 animam
731 3063 758 3115 in
771 3062 868 3115 mortis
883 3060 1033 3130 spiritualis
1046 3061 1178 3114 tenebras

68 3149 281 3218 conjiciendum
294 3150 351 3203 vim
365 3151 477 3224 habeat.
508 3151 537 3205 Si
553 3151 751 3220 perpendimus
765 3151 903 3219 permulta
917 3159 1034 3217 peccata
1048 3148 1177 3216 ignoran-

68 3240 121 3293 tiae
139 3239 217 3290 haud
236 3240 351 3292 omnino
370 3238 503 3309 culpabili
522 3238 628 3304 deberi,
641 3239 685 3292 vel
705 3239 804 3292 subitis
823 3236 964 3306 passionis
983 3235 1114 3303 motibus,
1130 3235 1178 3305 qui

68 3324 189 3379 rationis
203 3324 350 3394 imperium
364 3325 502 3389 minuunt,
513 3327 556 3380 vel
570 3324 733 3379 attentionis
747 3323 877 3386 defectui,
894 3323 1057 3392 impedienti
1070 3322 1177 3391 quomi-

68 3431 125 3466 nus
145 3412 228 3480 hujus
246 3412 290 3465 vel
312 3412 385 3466 illius
405 3411 485 3467 auus
505 3413 673 3482 gravitatem
693 3412 842 3466 metiamur
854 3421 910 3478 ,aut
930 3410 1040 3463 nonnisi
1060 3409 1176 3463 confuse

68 3499 133 3568 ejus
153 3497 328 3552 consectaria
350 3499 570 3568 praevideamus;
592 3510 620 3553 et
640 3499 662 3552 si
683 3517 740 3569 prae
760 3499 847 3552 oculis
870 3498 1026 3552 habeantur
1046 3495 1063 3548 ii
1082 3496 1175 3550 cordis

68 3595 166 3638 motus
179 3584 215 3637 ad
231 3585 330 3651 Deum,
340 3602 410 3654 quos
424 3586 602 3654 quamplures
616 3584 794 3654 experiuntur
808 3585 917 3638 illorum
931 3583 985 3652 qui,
1000 3583 1064 3636 licet
1078 3599 1175 3650 pecca-

68 3683 158 3736 tores,
172 3671 266 3723 Deum
285 3681 369 3724 aetate
389 3670 501 3725 iuvenili
522 3681 721 3739 cognoverunt,
739 3670 814 3724 illico
833 3679 950 3739 apparet
969 3686 1058 3737 neque
1078 3669 1173 3723 immo-

69 3759 170 3812 derate
187 3757 273 3827 loqui,
288 3773 380 3827 neque
399 3756 606 3811 multitudinem
626 3757 801 3810 innumeram
820 3756 857 3808 ad
877 3755 971 3824 ignem
990 3755 1089 3809 inferni
1110 3772 1176 3808 con·

70 3846 208 3899 demnare
222 3860 291 3912 opus
305 3861 367 3898 esse
375 3845 396 3899 ’'.
417 3844 536 3910 (Dablin
550 3845 672 3910 Revr'ew,
682 3844 758 3912 janv.
774 3841 847 3908 1881,
861 3860 888 3911 p.
906 3841 977 3911 133.)
993 3842 1047 3895 Cir.
1067 3843 1172 3896 Oxenlr.

70 3951 118 4002 op.
134 3932 180 3986 eit.
196 3948 222 4000 p.
238 3947 270 3984 22
285 3949 326 4001 sq.

107 4019 161 4074 ³5.
177 4019 272 4073 Thoan.
288 4019 374 4087 Supp.
390 4035 416 4088 q.
431 4033 524 4088 97-99;
543 4019 576 4072 C.
594 4017 676 4071 Gent.
694 4033 733 4070 cc.
747 4031 790 4083 90,
803 4028 849 4084 933
873 4013 989 4082 Suarea,
1002 4014 1037 4068 de
1048 4013 1171 4082 Angelis,

70 4110 89 4164 Ι.
106 4108 176 4170 ΙΙΙΙ,
191 4123 215 4161 c.
232 4121 249 4172 4
267 4123 320 4176 sq.;
340 4107 484 4172 Petavius,
498 4105 534 4159 de
549 4104 671 4172 Angelis,
686 4104 702 4156 l.
720 4103 773 4169 ΙΙΙ,
787 4119 810 4157 c.
825 4116 885 4172 4·5;
904 4104 1035 4170 Pataram}
1051 4101 1125 4156 Diss.
1140 4102 1175 4155 de

71 4195 141 4252 sede
160 4193 270 4259 inferni,
284 4193 383 4246 Venet.
403 4192 678 4260 1763;·Jungmann,
694 4189 731 4243 de
750 4188 929 4255 Novissimis,
942 4205 970 4243 n.
987 4203 1020 4253 27
1034 4205 1087 4257 sq.;
1106 4188 1175 4240 Het-

71 4283 176 4351 tr'nger,
191 4297 237 4350 op.
253 4279 311 4346 cit,
325 4295 348 4334 c.
363 4279 428 4342 XV;
447 4279 597 4344 Mursella,
611 4294 638 4330 n.
657 4289 723 4345 1274
737 4292 794 4346 sq.;
813 4276 935 4339 Hurler,
950 4292 976 4328 n.
991 4276 1043 4344 796
1056 4291 1097 4343 sq.
