<?xml version="1.0" encoding="UTF-8"?>
<!DOCTYPE html PUBLIC "-//W3C//DTD XHTML 1.0 Transitional//EN"
    "http://www.w3.org/TR/xhtml1/DTD/xhtml1-transitional.dtd">
<html xmlns="http://www.w3.org/1999/xhtml" xml:lang="en" lang="en">
 <head>
  <title>
</title>
<meta http-equiv="Content-Type" content="text/html;charset=utf-8" />
  <meta name='ocr-system' content='tesseract 3.04.00' />
  <meta name='ocr-capabilities' content='ocr_page ocr_carea ocr_par ocr_line ocrx_word'/>
</head>
<body>
  <div class='ocr_page' id='page_1' title='image "./synopsistheolog01tanqgoog_0714.png"; bbox 0 0 2794 4662; ppageno 0'>
   <div class='ocr_carea' id='block_1_1' title="bbox 231 165 1053 219">
    <p class='ocr_par' dir='ltr' id='par_1_1' title="bbox 231 165 1053 219">
     <span class='ocr_line' id='line_1_1' title="bbox 231 165 1053 219; baseline -0.009 0"><span class='ocrx_word' id='word_1_1' title='bbox 231 168 296 219; x_wconf 78' lang='lat'>698</span> <span class='ocrx_word' id='word_1_2' title='bbox 505 167 560 216; x_wconf 83' lang='lat' dir='ltr'>DE</span> <span class='ocrx_word' id='word_1_3' title='bbox 579 167 660 216; x_wconf 88' lang='lat' dir='ltr'>DEO</span> <span class='ocrx_word' id='word_1_4' title='bbox 680 165 1053 217; x_wconf 66' lang='lat' dir='ltr'>REMUNERATOREs</span> 
     </span>
    </p>
   </div>
   <div class='ocr_carea' id='block_1_2' title="bbox 231 345 1395 4022">
    <p class='ocr_par' dir='ltr' id='par_1_2' title="bbox 231 345 1395 2068">
     <span class='ocr_line' id='line_1_2' title="bbox 232 345 1395 428; baseline -0.003 -21"><span class='ocrx_word' id='word_1_5' title='bbox 232 355 293 420; x_wconf 88' lang='lat' dir='ltr'>tur,</span> <span class='ocrx_word' id='word_1_6' title='bbox 310 355 343 407; x_wconf 89' lang='lat' dir='ltr'>et</span> <span class='ocrx_word' id='word_1_7' title='bbox 360 345 444 426; x_wconf 90' lang='lat' dir='ltr'>ignis</span> <span class='ocrx_word' id='word_1_8' title='bbox 461 365 575 408; x_wconf 91' lang='lat' dir='ltr'>eorum</span> <span class='ocrx_word' id='word_1_9' title='bbox 593 365 658 407; x_wconf 91' lang='lat' dir='ltr'>non</span> <span class='ocrx_word' id='word_1_10' title='bbox 676 347 918 428; x_wconf 82' lang='lat' dir='ltr'>exstinguetur,</span> <span class='ocrx_word' id='word_1_11' title='bbox 934 356 968 408; x_wconf 91' lang='lat' dir='ltr'>et</span> <span class='ocrx_word' id='word_1_12' title='bbox 983 354 1080 407; x_wconf 93' lang='lat' dir='ltr'>erunt</span> <span class='ocrx_word' id='word_1_13' title='bbox 1096 365 1204 426; x_wconf 88' lang='lat' dir='ltr'>usque</span> <span class='ocrx_word' id='word_1_14' title='bbox 1218 345 1261 406; x_wconf 88' lang='lat' dir='ltr'>ad</span> <span class='ocrx_word' id='word_1_15' title='bbox 1280 364 1328 404; x_wconf 88' lang='lat' dir='ltr'>sa-</span> <span class='ocrx_word' id='word_1_16' title='bbox 1394 391 1395 398; x_wconf 45' lang='lat'>,</span> 
     </span>
     <span class='ocr_line' id='line_1_3' title="bbox 232 444 1328 527; baseline 0.003 -22"><span class='ocrx_word' id='word_1_17' title='bbox 232 444 381 507; x_wconf 84' lang='lat' dir='ltr'>tietatem</span> <span class='ocrx_word' id='word_1_18' title='bbox 398 447 488 508; x_wconf 90' lang='lat' dir='ltr'>omni</span> <span class='ocrx_word' id='word_1_19' title='bbox 505 447 617 509; x_wconf 88' lang='lat' dir='ltr'>carni&#39;&#39;</span> <span class='ocrx_word' id='word_1_20' title='bbox 634 446 732 527; x_wconf 79' lang='lat' dir='ltr'>(ltebr.</span> <span class='ocrx_word' id='word_1_21' title='bbox 743 457 839 510; x_wconf 89' lang='lat' dir='ltr'>erunt</span> <span class='ocrx_word' id='word_1_22' title='bbox 852 446 1092 511; x_wconf 84' lang='lat' dir='ltr'>abominationi</span> <span class='ocrx_word' id='word_1_23' title='bbox 1106 448 1199 510; x_wconf 92' lang='lat' dir='ltr'>omni</span> <span class='ocrx_word' id='word_1_24' title='bbox 1217 447 1328 527; x_wconf 68' lang='lat' dir='ltr'>carni).</span> 
     </span>
     <span class='ocr_line' id='line_1_4' title="bbox 233 549 1329 632; baseline 0.001 -22"><span class='ocrx_word' id='word_1_25' title='bbox 233 549 331 611; x_wconf 90' lang='lat' dir='ltr'>Multi</span> <span class='ocrx_word' id='word_1_26' title='bbox 349 550 544 631; x_wconf 86' lang='lat' dir='ltr'>interpretes</span> <span class='ocrx_word' id='word_1_27' title='bbox 561 570 626 612; x_wconf 89' lang='lat' dir='ltr'>non</span> <span class='ocrx_word' id='word_1_28' title='bbox 644 551 752 614; x_wconf 91' lang='lat' dir='ltr'>solum</span> <span class='ocrx_word' id='word_1_29' title='bbox 769 551 931 624; x_wconf 86' lang='lat' dir='ltr'>catholici,</span> <span class='ocrx_word' id='word_1_30' title='bbox 948 551 1005 612; x_wconf 90' lang='lat' dir='ltr'>sed</span> <span class='ocrx_word' id='word_1_31' title='bbox 1023 551 1124 613; x_wconf 90' lang='lat' dir='ltr'>etiam</span> <span class='ocrx_word' id='word_1_32' title='bbox 1143 560 1329 632; x_wconf 88' lang='lat' dir='ltr'>protestan-</span> 
     </span>
     <span class='ocr_line' id='line_1_5' title="bbox 232 650 1331 734; baseline 0 -21"><span class='ocrx_word' id='word_1_33' title='bbox 232 660 290 725; x_wconf 85' lang='lat' dir='ltr'>tes,</span> <span class='ocrx_word' id='word_1_34' title='bbox 303 650 441 732; x_wconf 84' lang='lat' dir='ltr'>praet&#39;ata</span> <span class='ocrx_word' id='word_1_35' title='bbox 457 652 557 714; x_wconf 90' lang='lat' dir='ltr'>verba</span> <span class='ocrx_word' id='word_1_36' title='bbox 572 651 696 716; x_wconf 66' lang='lat' dir='ltr'>directe</span> <span class='ocrx_word' id='word_1_37' title='bbox 712 654 754 715; x_wconf 83' lang='lat' dir='ltr'>de.</span> <span class='ocrx_word' id='word_1_38' title='bbox 770 657 894 716; x_wconf 68' lang='lat' dir='ltr'>aeternat</span> <span class='ocrx_word' id='word_1_39' title='bbox 911 653 1088 734; x_wconf 85' lang='lat' dir='ltr'>impiorum</span> <span class='ocrx_word' id='word_1_40' title='bbox 1105 663 1194 715; x_wconf 87' lang='lat' dir='ltr'>sorte</span> <span class='ocrx_word' id='word_1_41' title='bbox 1212 653 1331 716; x_wconf 91' lang='lat' dir='ltr'>intelli·</span> 
     </span>
     <span class='ocr_line' id='line_1_6' title="bbox 231 755 1331 836; baseline 0.002 -22"><span class='ocrx_word' id='word_1_42' title='bbox 231 764 335 834; x_wconf 88' lang='lat' dir='ltr'>gunt;</span> <span class='ocrx_word' id='word_1_43' title='bbox 360 774 436 815; x_wconf 89' lang='lat' dir='ltr'>nam</span> <span class='ocrx_word' id='word_1_44' title='bbox 454 773 497 816; x_wconf 91' lang='lat' dir='ltr'>ex</span> <span class='ocrx_word' id='word_1_45' title='bbox 514 764 675 818; x_wconf 86' lang='lat' dir='ltr'>contextu</span> <span class='ocrx_word' id='word_1_46' title='bbox 700 766 792 836; x_wconf 90' lang='lat' dir='ltr'>patet</span> <span class='ocrx_word' id='word_1_47' title='bbox 815 755 868 816; x_wconf 91' lang='lat' dir='ltr'>hic</span> <span class='ocrx_word' id='word_1_48' title='bbox 891 755 944 836; x_wconf 86' lang='lat' dir='ltr'>agi</span> <span class='ocrx_word' id='word_1_49' title='bbox 968 756 1011 817; x_wconf 90' lang='lat' dir='ltr'>de</span> <span class='ocrx_word' id='word_1_50' title='bbox 1031 765 1183 817; x_wconf 86' lang='lat' dir='ltr'>extremo</span> <span class='ocrx_word' id='word_1_51' title='bbox 1204 756 1331 836; x_wconf 91' lang='lat' dir='ltr'>judicio</span> 
     </span>
     <span class='ocr_line' id='line_1_7' title="bbox 232 858 1330 942; baseline 0 -22"><span class='ocrx_word' id='word_1_52' title='bbox 232 859 369 942; x_wconf 83' lang='lat'>(15-19),</span> <span class='ocrx_word' id='word_1_53' title='bbox 386 871 419 923; x_wconf 92' lang='lat' dir='ltr'>et</span> <span class='ocrx_word' id='word_1_54' title='bbox 435 861 477 922; x_wconf 89' lang='lat' dir='ltr'>de</span> <span class='ocrx_word' id='word_1_55' title='bbox 494 860 648 942; x_wconf 68' lang='lat' dir='ltr'>inaequali</span> <span class='ocrx_word' id='word_1_56' title='bbox 668 859 831 939; x_wconf 86' lang='lat' dir='ltr'>justorum</span> <span class='ocrx_word' id='word_1_57' title='bbox 848 867 882 920; x_wconf 98' lang='lat' dir='ltr'>et</span> <span class='ocrx_word' id='word_1_58' title='bbox 898 858 1075 940; x_wconf 87' lang='lat' dir='ltr'>impiorum</span> <span class='ocrx_word' id='word_1_59' title='bbox 1092 859 1187 921; x_wconf 91' lang='lat' dir='ltr'>exitu</span> <span class='ocrx_word' id='word_1_60' title='bbox 1202 881 1210 935; x_wconf 80' lang='lat'><em>3</em></span> <span class='ocrx_word' id='word_1_61' title='bbox 1234 860 1330 940; x_wconf 85' lang='lat' dir='ltr'>pauci</span> 
     </span>
     <span class='ocr_line' id='line_1_8' title="bbox 233 957 1330 1044; baseline -0.003 -21"><span class='ocrx_word' id='word_1_62' title='bbox 233 972 343 1024; x_wconf 89' lang='lat' dir='ltr'>autem</span> <span class='ocrx_word' id='word_1_63' title='bbox 373 964 567 1044; x_wconf 89' lang='lat' dir='ltr'>interpretes</span> <span class='ocrx_word' id='word_1_64' title='bbox 591 963 647 1042; x_wconf 90' lang='lat' dir='ltr'>qui</span> <span class='ocrx_word' id='word_1_65' title='bbox 672 957 797 1024; x_wconf 74' lang='lat' dir='ltr'>diredte</span> <span class='ocrx_word' id='word_1_66' title='bbox 821 959 892 1021; x_wconf 84' lang='lat' dir='ltr'>haec</span> <span class='ocrx_word' id='word_1_67' title='bbox 916 960 1016 1022; x_wconf 87' lang='lat' dir='ltr'>verba</span> <span class='ocrx_word' id='word_1_68' title='bbox 1038 961 1080 1021; x_wconf 95' lang='lat' dir='ltr'>de</span> <span class='ocrx_word' id='word_1_69' title='bbox 1103 958 1330 1023; x_wconf 70' lang='lat' dir='ltr'>destructione</span> 
     </span>
     <span class='ocr_line' id='line_1_9' title="bbox 231 1062 1331 1142; baseline -0.003 -17"><span class='ocrx_word' id='word_1_70' title='bbox 231 1063 415 1142; x_wconf 88' lang='lat' dir='ltr'>Jerusalem</span> <span class='ocrx_word' id='word_1_71' title='bbox 433 1086 449 1125; x_wconf 83' lang='lat' dir='ltr'>a</span> <span class='ocrx_word' id='word_1_72' title='bbox 471 1065 632 1126; x_wconf 88' lang='lat' dir='ltr'>Romanis</span> <span class='ocrx_word' id='word_1_73' title='bbox 649 1063 931 1134; x_wconf 81' lang='lat' dir='ltr'>audiunt‚.eadem</span> <span class='ocrx_word' id='word_1_74' title='bbox 948 1062 990 1123; x_wconf 94' lang='lat' dir='ltr'>ad</span> <span class='ocrx_word' id='word_1_75' title='bbox 1007 1062 1171 1142; x_wconf 85' lang='lat' dir='ltr'>supplicia</span> <span class='ocrx_word' id='word_1_76' title='bbox 1191 1065 1331 1124; x_wconf 87' lang='lat' dir='ltr'>damna-</span> 
     </span>
     <span class='ocr_line' id='line_1_10' title="bbox 233 1165 1330 1248; baseline 0 -20"><span class='ocrx_word' id='word_1_77' title='bbox 233 1175 341 1229; x_wconf 93' lang='lat' dir='ltr'>torum</span> <span class='ocrx_word' id='word_1_78' title='bbox 359 1169 504 1248; x_wconf 66' lang='lat' dir='ltr'>quddam</span> <span class='ocrx_word' id='word_1_79' title='bbox 521 1166 738 1230; x_wconf 86' lang='lat' dir='ltr'>similitudine</span> <span class='ocrx_word' id='word_1_80' title='bbox 754 1165 964 1240; x_wconf 83' lang='lat' dir='ltr'>transferunt,</span> <span class='ocrx_word' id='word_1_81' title='bbox 980 1185 1083 1246; x_wconf 91' lang='lat' dir='ltr'>quum</span> <span class='ocrx_word' id='word_1_82' title='bbox 1108 1187 1223 1228; x_wconf 89' lang='lat' dir='ltr'>revera</span> <span class='ocrx_word' id='word_1_83' title='bbox 1239 1167 1330 1230; x_wconf 88' lang='lat' dir='ltr'>Chri-</span> 
     </span>
     <span class='ocr_line' id='line_1_11' title="bbox 233 1269 1329 1333; baseline 0.001 -3"><span class='ocrx_word' id='word_1_84' title='bbox 233 1281 303 1331; x_wconf 91' lang='lat' dir='ltr'>stus</span> <span class='ocrx_word' id='word_1_85' title='bbox 327 1270 374 1330; x_wconf 86' lang='lat' dir='ltr'>eis</span> <span class='ocrx_word' id='word_1_86' title='bbox 398 1291 475 1331; x_wconf 93' lang='lat' dir='ltr'>usus</span> <span class='ocrx_word' id='word_1_87' title='bbox 498 1272 563 1333; x_wconf 84' lang='lat' dir='ltr'>sit1</span> <span class='ocrx_word' id='word_1_88' title='bbox 592 1270 633 1332; x_wconf 93' lang='lat' dir='ltr'>ad</span> <span class='ocrx_word' id='word_1_89' title='bbox 658 1270 892 1331; x_wconf 89' lang='lat' dir='ltr'>damnatorum</span> <span class='ocrx_word' id='word_1_90' title='bbox 917 1277 1081 1330; x_wconf 93' lang='lat' dir='ltr'>tormenta</span> <span class='ocrx_word' id='word_1_91' title='bbox 1104 1269 1329 1332; x_wconf 81' lang='lat' dir='ltr'>describenda</span> 
     </span>
     <span class='ocr_line' id='line_1_12' title="bbox 235 1371 1331 1455; baseline 0 -21"><span class='ocrx_word' id='word_1_92' title='bbox 235 1374 339 1453; x_wconf 86' lang='lat' dir='ltr'>Atqui</span> <span class='ocrx_word' id='word_1_93' title='bbox 365 1374 408 1434; x_wconf 94' lang='lat' dir='ltr'>ibi</span> <span class='ocrx_word' id='word_1_94' title='bbox 433 1375 604 1455; x_wconf 89' lang='lat' dir='ltr'>perspicue</span> <span class='ocrx_word' id='word_1_95' title='bbox 625 1372 781 1434; x_wconf 88' lang='lat' dir='ltr'>asseritur</span> <span class='ocrx_word' id='word_1_96' title='bbox 797 1371 958 1434; x_wconf 92' lang='lat' dir='ltr'>malorum</span> <span class='ocrx_word' id='word_1_97' title='bbox 981 1381 1148 1435; x_wconf 89' lang='lat' dir='ltr'>tormenta</span> <span class='ocrx_word' id='word_1_98' title='bbox 1171 1375 1244 1436; x_wconf 91' lang='lat' dir='ltr'>sine</span> <span class='ocrx_word' id='word_1_99' title='bbox 1268 1373 1331 1435; x_wconf 84' lang='lat' dir='ltr'>fine</span> 
     </span>
     <span class='ocr_line' id='line_1_13' title="bbox 233 1475 1332 1540; baseline 0.003 -4"><span class='ocrx_word' id='word_1_100' title='bbox 233 1476 391 1537; x_wconf 87' lang='lat' dir='ltr'>duratura</span> <span class='ocrx_word' id='word_1_101' title='bbox 406 1497 412 1539; x_wconf 95' lang='lat'><strong>:</strong></span> <span class='ocrx_word' id='word_1_102' title='bbox 436 1476 581 1537; x_wconf 88' lang='lat' dir='ltr'>“vermis</span> <span class='ocrx_word' id='word_1_103' title='bbox 594 1493 707 1536; x_wconf 89' lang='lat' dir='ltr'>eorum</span> <span class='ocrx_word' id='word_1_104' title='bbox 722 1494 787 1536; x_wconf 90' lang='lat' dir='ltr'>non</span> <span class='ocrx_word' id='word_1_105' title='bbox 801 1475 959 1538; x_wconf 89' lang='lat' dir='ltr'>morietur</span> <span class='ocrx_word' id='word_1_106' title='bbox 969 1476 985 1499; x_wconf 90' lang='lat'>&#39;&#39;</span> <span class='ocrx_word' id='word_1_107' title='bbox 1000 1485 1059 1538; x_wconf 89' lang='lat' dir='ltr'>etc.</span> <span class='ocrx_word' id='word_1_108' title='bbox 1107 1476 1332 1540; x_wconf 88' lang='lat' dir='ltr'>Confirmatur</span> 
     </span>
     <span class='ocr_line' id='line_1_14' title="bbox 234 1577 1331 1659; baseline 0.001 -20"><span class='ocrx_word' id='word_1_109' title='bbox 234 1597 278 1639; x_wconf 88' lang='lat' dir='ltr'>ex</span> <span class='ocrx_word' id='word_1_110' title='bbox 295 1577 441 1652; x_wconf 80' lang='lat' dir='ltr'>Daniele,</span> <span class='ocrx_word' id='word_1_111' title='bbox 457 1579 513 1658; x_wconf 92' lang='lat' dir='ltr'>qui</span> <span class='ocrx_word' id='word_1_112' title='bbox 531 1578 710 1639; x_wconf 89' lang='lat' dir='ltr'>novissima</span> <span class='ocrx_word' id='word_1_113' title='bbox 727 1587 878 1657; x_wconf 90' lang='lat' dir='ltr'>tempora</span> <span class='ocrx_word' id='word_1_114' title='bbox 894 1577 1083 1640; x_wconf 88' lang='lat' dir='ltr'>describens</span> <span class='ocrx_word' id='word_1_115' title='bbox 1099 1599 1137 1640; x_wconf 88' lang='lat' dir='ltr'>ac</span> <span class='ocrx_word' id='word_1_116' title='bbox 1159 1580 1331 1659; x_wconf 86' lang='lat' dir='ltr'>judicium,</span> 
     </span>
     <span class='ocr_line' id='line_1_15' title="bbox 234 1679 1331 1764; baseline 0.003 -22"><span class='ocrx_word' id='word_1_117' title='bbox 234 1681 281 1742; x_wconf 93' lang='lat' dir='ltr'>ait</span> <span class='ocrx_word' id='word_1_118' title='bbox 299 1701 306 1742; x_wconf 91' lang='lat'>:</span> <span class='ocrx_word' id='word_1_119' title='bbox 329 1679 457 1743; x_wconf 87' lang='lat' dir='ltr'>“Multi</span> <span class='ocrx_word' id='word_1_120' title='bbox 473 1679 515 1742; x_wconf 92' lang='lat' dir='ltr'>de</span> <span class='ocrx_word' id='word_1_121' title='bbox 531 1679 582 1741; x_wconf 91' lang='lat' dir='ltr'>his</span> <span class='ocrx_word' id='word_1_122' title='bbox 598 1680 653 1761; x_wconf 90' lang='lat' dir='ltr'>qui</span> <span class='ocrx_word' id='word_1_123' title='bbox 670 1680 841 1743; x_wconf 90' lang='lat' dir='ltr'>dormiunt</span> <span class='ocrx_word' id='word_1_124' title='bbox 865 1683 896 1744; x_wconf 90' lang='lat' dir='ltr'>in</span> <span class='ocrx_word' id='word_1_125' title='bbox 921 1692 1016 1743; x_wconf 86' lang='lat' dir='ltr'>terrae</span> <span class='ocrx_word' id='word_1_126' title='bbox 1038 1682 1181 1763; x_wconf 91' lang='lat' dir='ltr'>pulvere,</span> <span class='ocrx_word' id='word_1_127' title='bbox 1197 1685 1331 1764; x_wconf 86' lang='lat' dir='ltr'>evigila-</span> 
     </span>
     <span class='ocr_line' id='line_1_16' title="bbox 236 1780 1332 1862; baseline -0.003 -16"><span class='ocrx_word' id='word_1_128' title='bbox 236 1783 325 1858; x_wconf 93' lang='lat' dir='ltr'>bunt,</span> <span class='ocrx_word' id='word_1_129' title='bbox 337 1783 392 1845; x_wconf 90' lang='lat' dir='ltr'>alii</span> <span class='ocrx_word' id='word_1_130' title='bbox 409 1784 441 1845; x_wconf 96' lang='lat' dir='ltr'>in</span> <span class='ocrx_word' id='word_1_131' title='bbox 455 1784 558 1844; x_wconf 92' lang='lat' dir='ltr'>vitam</span> <span class='ocrx_word' id='word_1_132' title='bbox 572 1793 741 1856; x_wconf 72' lang='lat' dir='ltr'>aeternam,</span> <span class='ocrx_word' id='word_1_133' title='bbox 752 1791 785 1844; x_wconf 90' lang='lat' dir='ltr'>et</span> <span class='ocrx_word' id='word_1_134' title='bbox 800 1781 855 1842; x_wconf 88' lang='lat' dir='ltr'>alii</span> <span class='ocrx_word' id='word_1_135' title='bbox 873 1781 905 1842; x_wconf 92' lang='lat' dir='ltr'>in</span> <span class='ocrx_word' id='word_1_136' title='bbox 918 1780 1134 1862; x_wconf 91' lang='lat' dir='ltr'>opprobrium</span> <span class='ocrx_word' id='word_1_137' title='bbox 1147 1793 1185 1845; x_wconf 90' lang='lat' dir='ltr'>ut</span> <span class='ocrx_word' id='word_1_138' title='bbox 1198 1783 1332 1845; x_wconf 85' lang='lat' dir='ltr'>videant</span> 
     </span>
     <span class='ocr_line' id='line_1_17' title="bbox 235 1882 1332 1967; baseline -0.001 -20"><span class='ocrx_word' id='word_1_139' title='bbox 235 1905 365 1967; x_wconf 86' lang='lat' dir='ltr'>semper</span> <span class='ocrx_word' id='word_1_140' title='bbox 375 1887 391 1912; x_wconf 87' lang='lat'>’&#39;</span> <span class='ocrx_word' id='word_1_141' title='bbox 401 1897 423 1962; x_wconf 83' lang='lat'>2,</span> <span class='ocrx_word' id='word_1_142' title='bbox 441 1885 525 1948; x_wconf 80' lang='lat' dir='ltr'>hebr.</span> <span class='ocrx_word' id='word_1_143' title='bbox 542 1885 574 1946; x_wconf 91' lang='lat' dir='ltr'>in</span> <span class='ocrx_word' id='word_1_144' title='bbox 599 1893 829 1965; x_wconf 89' lang='lat' dir='ltr'>contemptum</span> <span class='ocrx_word' id='word_1_145' title='bbox 854 1893 1035 1964; x_wconf 80' lang='lat' dir='ltr'>aetemum3</span> <span class='ocrx_word' id='word_1_146' title='bbox 1068 1882 1221 1965; x_wconf 74' lang='lat' dir='ltr'>inspedlo</span> <span class='ocrx_word' id='word_1_147' title='bbox 1244 1887 1332 1947; x_wconf 90' lang='lat' dir='ltr'>enim</span> 
     </span>
     <span class='ocr_line' id='line_1_18' title="bbox 235 1986 1027 2068; baseline -0.006 -17"><span class='ocrx_word' id='word_1_148' title='bbox 235 1999 406 2063; x_wconf 90' lang='lat' dir='ltr'>contextu,</span> <span class='ocrx_word' id='word_1_149' title='bbox 422 1989 475 2050; x_wconf 91' lang='lat' dir='ltr'>hic</span> <span class='ocrx_word' id='word_1_150' title='bbox 491 1989 600 2068; x_wconf 88' lang='lat' dir='ltr'>agitur</span> <span class='ocrx_word' id='word_1_151' title='bbox 612 1990 654 2050; x_wconf 89' lang='lat' dir='ltr'>de</span> <span class='ocrx_word' id='word_1_152' title='bbox 671 1986 880 2049; x_wconf 89' lang='lat' dir='ltr'>retributione</span> <span class='ocrx_word' id='word_1_153' title='bbox 896 1991 1027 2047; x_wconf 61' lang='lat' dir='ltr'>aeterna.</span> 
     </span>
    </p>

    <p class='ocr_par' dir='ltr' id='par_1_3' title="bbox 233 2087 1339 4022">
     <span class='ocr_line' id='line_1_19' title="bbox 280 2087 1334 2178; baseline -0.007 -20"><span class='ocrx_word' id='word_1_154' title='bbox 280 2109 326 2158; x_wconf 89' lang='lat'>12.</span> <span class='ocrx_word' id='word_1_155' title='bbox 376 2087 441 2178; x_wconf 88' lang='lat' dir='ltr'>(B)</span> <span class='ocrx_word' id='word_1_156' title='bbox 461 2092 517 2153; x_wconf 90' lang='lat' dir='ltr'>Ex</span> <span class='ocrx_word' id='word_1_157' title='bbox 533 2092 627 2152; x_wconf 81' lang='lat' dir='ltr'>Novo</span> <span class='ocrx_word' id='word_1_158' title='bbox 648 2091 678 2151; x_wconf 88' lang='lat' dir='ltr'><em>T</em></span> <span class='ocrx_word' id='word_1_159' title='bbox 675 2099 729 2152; x_wconf 81' lang='lat' dir='ltr'>est.</span> <span class='ocrx_word' id='word_1_160' title='bbox 746 2091 840 2152; x_wconf 94' lang='lat' dir='ltr'>multi</span> <span class='ocrx_word' id='word_1_161' title='bbox 858 2098 972 2152; x_wconf 91' lang='lat' dir='ltr'>textus</span> <span class='ocrx_word' id='word_1_162' title='bbox 988 2089 1095 2151; x_wconf 84' lang='lat' dir='ltr'>afferri</span> <span class='ocrx_word' id='word_1_163' title='bbox 1113 2102 1266 2171; x_wconf 88' lang='lat' dir='ltr'>possunt,</span> <span class='ocrx_word' id='word_1_164' title='bbox 1278 2092 1334 2171; x_wconf 89' lang='lat' dir='ltr'>qui</span> 
     </span>
     <span class='ocr_line' id='line_1_20' title="bbox 234 2192 1333 2276; baseline -0.002 -21"><span class='ocrx_word' id='word_1_165' title='bbox 234 2195 267 2256; x_wconf 91' lang='lat' dir='ltr'>in</span> <span class='ocrx_word' id='word_1_166' title='bbox 282 2195 444 2276; x_wconf 90' lang='lat' dir='ltr'>triplicem</span> <span class='ocrx_word' id='word_1_167' title='bbox 458 2195 597 2257; x_wconf 88' lang='lat' dir='ltr'>classem</span> <span class='ocrx_word' id='word_1_168' title='bbox 610 2194 810 2256; x_wconf 91' lang='lat' dir='ltr'>dividuntur.</span> <span class='ocrx_word' id='word_1_169' title='bbox 835 2192 885 2272; x_wconf 82' lang='lat' dir='ltr'>(a)</span> <span class='ocrx_word' id='word_1_170' title='bbox 904 2193 1070 2272; x_wconf 90' lang='lat' dir='ltr'>Imprimis</span> <span class='ocrx_word' id='word_1_171' title='bbox 1087 2213 1198 2273; x_wconf 87' lang='lat' dir='ltr'>poenae</span> <span class='ocrx_word' id='word_1_172' title='bbox 1216 2192 1333 2255; x_wconf 79' lang='lat' dir='ltr'>inferni</span> 
     </span>
     <span class='ocr_line' id='line_1_21' title="bbox 235 2297 1333 2379; baseline -0.002 -19"><span class='ocrx_word' id='word_1_173' title='bbox 235 2298 357 2360; x_wconf 91' lang='lat' dir='ltr'>diserte</span> <span class='ocrx_word' id='word_1_174' title='bbox 380 2309 413 2360; x_wconf 92' lang='lat' dir='ltr'>et</span> <span class='ocrx_word' id='word_1_175' title='bbox 437 2298 594 2379; x_wconf 91' lang='lat' dir='ltr'>explicite</span> <span class='ocrx_word' id='word_1_176' title='bbox 609 2308 735 2370; x_wconf 73' lang='lat' dir='ltr'>oeternoe</span> <span class='ocrx_word' id='word_1_177' title='bbox 750 2299 904 2359; x_wconf 90' lang='lat' dir='ltr'>dicuntur</span> <span class='ocrx_word' id='word_1_178' title='bbox 921 2320 928 2358; x_wconf 94' lang='lat'><strong>:</strong></span> <span class='ocrx_word' id='word_1_179' title='bbox 952 2297 1044 2378; x_wconf 88' lang='lat' dir='ltr'>“Qui</span> <span class='ocrx_word' id='word_1_180' title='bbox 1070 2317 1188 2379; x_wconf 82' lang='lat' dir='ltr'>poenas</span> <span class='ocrx_word' id='word_1_181' title='bbox 1204 2299 1333 2360; x_wconf 92' lang='lat' dir='ltr'>dabunt</span> 
     </span>
     <span class='ocr_line' id='line_1_22' title="bbox 235 2399 1334 2482; baseline -0.003 -19"><span class='ocrx_word' id='word_1_182' title='bbox 235 2402 267 2463; x_wconf 89' lang='lat' dir='ltr'>in</span> <span class='ocrx_word' id='word_1_183' title='bbox 293 2401 426 2464; x_wconf 90' lang='lat' dir='ltr'>interitu</span> <span class='ocrx_word' id='word_1_184' title='bbox 450 2411 587 2463; x_wconf 66' lang='lat' dir='ltr'>aeternas</span> <span class='ocrx_word' id='word_1_185' title='bbox 609 2420 628 2462; x_wconf 89' lang='lat' dir='ltr'>a</span> <span class='ocrx_word' id='word_1_186' title='bbox 651 2399 734 2462; x_wconf 84' lang='lat' dir='ltr'>t&#39;acie</span> <span class='ocrx_word' id='word_1_187' title='bbox 759 2399 895 2460; x_wconf 88' lang='lat' dir='ltr'>Domini</span> <span class='ocrx_word' id='word_1_188' title='bbox 907 2399 967 2476; x_wconf 84' lang='lat'>”³;</span> <span class='ocrx_word' id='word_1_189' title='bbox 1003 2399 1162 2480; x_wconf 86' lang='lat' dir='ltr'>“Quibus</span> <span class='ocrx_word' id='word_1_190' title='bbox 1190 2400 1334 2482; x_wconf 89' lang='lat' dir='ltr'>procella</span> 
     </span>
     <span class='ocr_line' id='line_1_23' title="bbox 235 2499 1333 2573; baseline -0.005 -6"><span class='ocrx_word' id='word_1_191' title='bbox 235 2505 445 2567; x_wconf 87' lang='lat' dir='ltr'>tenebrarum</span> <span class='ocrx_word' id='word_1_192' title='bbox 463 2514 592 2567; x_wconf 88' lang='lat' dir='ltr'>servata</span> <span class='ocrx_word' id='word_1_193' title='bbox 608 2514 658 2566; x_wconf 87' lang='lat' dir='ltr'>cst</span> <span class='ocrx_word' id='word_1_194' title='bbox 675 2504 706 2564; x_wconf 92' lang='lat' dir='ltr'>in</span> <span class='ocrx_word' id='word_1_195' title='bbox 723 2512 877 2564; x_wconf 81' lang='lat' dir='ltr'>ceternum</span> <span class='ocrx_word' id='word_1_196' title='bbox 888 2516 901 2556; x_wconf 81' lang='lat'>⁴</span> <span class='ocrx_word' id='word_1_197' title='bbox 912 2524 926 2573; x_wconf 89' lang='lat'>,·</span> <span class='ocrx_word' id='word_1_198' title='bbox 949 2508 965 2533; x_wconf 88' lang='lat'>“</span> <span class='ocrx_word' id='word_1_199' title='bbox 978 2501 1148 2564; x_wconf 91' lang='lat' dir='ltr'>Discedite</span> <span class='ocrx_word' id='word_1_200' title='bbox 1166 2499 1333 2564; x_wconf 73' lang='lat' dir='ltr'>maledidti</span> 
     </span>
     <span class='ocr_line' id='line_1_24' title="bbox 235 2603 1334 2688; baseline -0.001 -20"><span class='ocrx_word' id='word_1_201' title='bbox 235 2608 267 2668; x_wconf 94' lang='lat' dir='ltr'>in</span> <span class='ocrx_word' id='word_1_202' title='bbox 286 2607 396 2687; x_wconf 89' lang='lat' dir='ltr'>ignem</span> <span class='ocrx_word' id='word_1_203' title='bbox 410 2617 573 2680; x_wconf 64' lang='lat' dir='ltr'>aeternum,</span> <span class='ocrx_word' id='word_1_204' title='bbox 583 2608 640 2688; x_wconf 91' lang='lat' dir='ltr'>qui</span> <span class='ocrx_word' id='word_1_205' title='bbox 657 2615 791 2686; x_wconf 86' lang='lat' dir='ltr'>paratus</span> <span class='ocrx_word' id='word_1_206' title='bbox 804 2614 854 2667; x_wconf 87' lang='lat' dir='ltr'>est</span> <span class='ocrx_word' id='word_1_207' title='bbox 867 2604 1002 2666; x_wconf 83' lang='lat' dir='ltr'>diabolo</span> <span class='ocrx_word' id='word_1_208' title='bbox 1014 2612 1047 2665; x_wconf 90' lang='lat' dir='ltr'>et</span> <span class='ocrx_word' id='word_1_209' title='bbox 1063 2603 1191 2685; x_wconf 87' lang='lat' dir='ltr'>angelis</span> <span class='ocrx_word' id='word_1_210' title='bbox 1203 2605 1277 2684; x_wconf 92' lang='lat' dir='ltr'>ejus</span> <span class='ocrx_word' id='word_1_211' title='bbox 1288 2607 1304 2627; x_wconf 87' lang='lat'>’&#39;</span> <span class='ocrx_word' id='word_1_212' title='bbox 1316 2615 1334 2666; x_wconf 78' lang='lat'>5.</span> 
     </span>
     <span class='ocr_line' id='line_1_25' title="bbox 236 2707 1334 2790; baseline 0.001 -21"><span class='ocrx_word' id='word_1_213' title='bbox 236 2708 322 2790; x_wconf 86' lang='lat' dir='ltr'>Quae</span> <span class='ocrx_word' id='word_1_214' title='bbox 339 2709 456 2771; x_wconf 93' lang='lat' dir='ltr'>ultima</span> <span class='ocrx_word' id='word_1_215' title='bbox 471 2708 571 2770; x_wconf 88' lang='lat' dir='ltr'>verba</span> <span class='ocrx_word' id='word_1_216' title='bbox 588 2709 764 2789; x_wconf 91' lang='lat' dir='ltr'>specialem</span> <span class='ocrx_word' id='word_1_217' title='bbox 777 2710 844 2770; x_wconf 92' lang='lat' dir='ltr'>vim</span> <span class='ocrx_word' id='word_1_218' title='bbox 861 2728 904 2769; x_wconf 90' lang='lat' dir='ltr'>ex</span> <span class='ocrx_word' id='word_1_219' title='bbox 922 2718 1083 2770; x_wconf 91' lang='lat' dir='ltr'>contextu</span> <span class='ocrx_word' id='word_1_220' title='bbox 1101 2707 1236 2770; x_wconf 87' lang='lat' dir='ltr'>habent.</span> <span class='ocrx_word' id='word_1_221' title='bbox 1287 2709 1334 2770; x_wconf 94' lang='lat' dir='ltr'>lbi</span> 
     </span>
     <span class='ocr_line' id='line_1_26' title="bbox 236 2811 1335 2893; baseline 0 -19"><span class='ocrx_word' id='word_1_222' title='bbox 236 2813 324 2874; x_wconf 91' lang='lat' dir='ltr'>enim</span> <span class='ocrx_word' id='word_1_223' title='bbox 341 2811 497 2893; x_wconf 86' lang='lat' dir='ltr'>graphice</span> <span class='ocrx_word' id='word_1_224' title='bbox 513 2811 708 2874; x_wconf 92' lang='lat' dir='ltr'>describitur</span> <span class='ocrx_word' id='word_1_225' title='bbox 720 2821 909 2874; x_wconf 90' lang='lat' dir='ltr'>extremum</span> <span class='ocrx_word' id='word_1_226' title='bbox 924 2812 1084 2891; x_wconf 91' lang='lat' dir='ltr'>judicium</span> <span class='ocrx_word' id='word_1_227' title='bbox 1102 2831 1108 2873; x_wconf 94' lang='lat'><strong>:</strong></span> <span class='ocrx_word' id='word_1_228' title='bbox 1128 2811 1254 2892; x_wconf 90' lang='lat' dir='ltr'>judicis</span> <span class='ocrx_word' id='word_1_229' title='bbox 1268 2833 1335 2874; x_wconf 90' lang='lat' dir='ltr'>ma·</span> 
     </span>
     <span class='ocr_line' id='line_1_27' title="bbox 233 2915 1336 2997; baseline -0.001 -20"><span class='ocrx_word' id='word_1_230' title='bbox 233 2915 361 2997; x_wconf 92' lang='lat' dir='ltr'>jestas:</span> <span class='ocrx_word' id='word_1_231' title='bbox 389 2915 504 2978; x_wconf 87' lang='lat' dir='ltr'>“Cum</span> <span class='ocrx_word' id='word_1_232' title='bbox 528 2924 639 2976; x_wconf 91' lang='lat' dir='ltr'>autern</span> <span class='ocrx_word' id='word_1_233' title='bbox 664 2917 790 2977; x_wconf 87' lang='lat' dir='ltr'>venerit</span> <span class='ocrx_word' id='word_1_234' title='bbox 809 2915 909 2976; x_wconf 90' lang='lat' dir='ltr'>Filius</span> <span class='ocrx_word' id='word_1_235' title='bbox 934 2915 1077 2976; x_wconf 83' lang='lat' dir='ltr'>hominis</span> <span class='ocrx_word' id='word_1_236' title='bbox 1101 2916 1133 2975; x_wconf 92' lang='lat' dir='ltr'>in</span> <span class='ocrx_word' id='word_1_237' title='bbox 1159 2917 1336 2996; x_wconf 86' lang='lat' dir='ltr'>majestate</span> 
     </span>
     <span class='ocr_line' id='line_1_28' title="bbox 236 3017 1337 3099; baseline 0.001 -21"><span class='ocrx_word' id='word_1_238' title='bbox 236 3019 320 3080; x_wconf 76' lang='lat' dir='ltr'>sua’&#39;</span> <span class='ocrx_word' id='word_1_239' title='bbox 338 3017 429 3099; x_wconf 83' lang='lat'>(31);</span> <span class='ocrx_word' id='word_1_240' title='bbox 450 3017 706 3097; x_wconf 86' lang='lat' dir='ltr'>judicandorum</span> <span class='ocrx_word' id='word_1_241' title='bbox 725 3017 905 3079; x_wconf 92' lang='lat' dir='ltr'>multitudo</span> <span class='ocrx_word' id='word_1_242' title='bbox 923 3041 929 3079; x_wconf 77' lang='grc' dir='ltr'><strong><em>ε</em></strong></span> <span class='ocrx_word' id='word_1_243' title='bbox 954 3017 1026 3080; x_wconf 88' lang='lat' dir='ltr'>“Et</span> <span class='ocrx_word' id='word_1_244' title='bbox 1042 3020 1337 3099; x_wconf 85' lang='lat' dir='ltr'>congregabuntur</span> 
     </span>
     <span class='ocr_line' id='line_1_29' title="bbox 236 3118 1336 3200; baseline 0.001 -19"><span class='ocrx_word' id='word_1_245' title='bbox 236 3131 313 3182; x_wconf 89' lang='lat' dir='ltr'>ante</span> <span class='ocrx_word' id='word_1_246' title='bbox 330 3138 405 3181; x_wconf 93' lang='lat' dir='ltr'>eum</span> <span class='ocrx_word' id='word_1_247' title='bbox 422 3137 538 3181; x_wconf 91' lang='lat' dir='ltr'>omnes</span> <span class='ocrx_word' id='word_1_248' title='bbox 555 3127 670 3199; x_wconf 84' lang='lat' dir='ltr'>gentes</span> <span class='ocrx_word' id='word_1_249' title='bbox 682 3118 697 3143; x_wconf 89' lang='lat'><strong><em>”</em></strong></span> <span class='ocrx_word' id='word_1_250' title='bbox 714 3118 796 3200; x_wconf 82' lang='lat'>(32);</span> <span class='ocrx_word' id='word_1_251' title='bbox 820 3120 986 3200; x_wconf 87' lang='lat' dir='ltr'>separatio</span> <span class='ocrx_word' id='word_1_252' title='bbox 1002 3119 1165 3182; x_wconf 91' lang='lat' dir='ltr'>bonorum</span> <span class='ocrx_word' id='word_1_253' title='bbox 1183 3141 1203 3183; x_wconf 94' lang='lat' dir='ltr'>a</span> <span class='ocrx_word' id='word_1_254' title='bbox 1222 3123 1336 3184; x_wconf 85' lang='lat' dir='ltr'>malis:</span> 
     </span>
     <span class='ocr_line' id='line_1_30' title="bbox 235 3221 1337 3304; baseline 0.001 -19"><span class='ocrx_word' id='word_1_255' title='bbox 235 3224 308 3285; x_wconf 87' lang='lat' dir='ltr'>“Et</span> <span class='ocrx_word' id='word_1_256' title='bbox 324 3221 491 3303; x_wconf 91' lang='lat' dir='ltr'>separabit</span> <span class='ocrx_word' id='word_1_257' title='bbox 503 3242 560 3283; x_wconf 87' lang='lat' dir='ltr'>eos</span> <span class='ocrx_word' id='word_1_258' title='bbox 573 3223 616 3283; x_wconf 93' lang='lat' dir='ltr'>ab</span> <span class='ocrx_word' id='word_1_259' title='bbox 628 3222 768 3284; x_wconf 90' lang='lat' dir='ltr'>invicem</span> <span class='ocrx_word' id='word_1_260' title='bbox 781 3223 835 3298; x_wconf 81' lang='lat'>&#39;’...3</span> <span class='ocrx_word' id='word_1_261' title='bbox 859 3221 985 3304; x_wconf 87' lang='lat' dir='ltr'>duplex</span> <span class='ocrx_word' id='word_1_262' title='bbox 1000 3225 1167 3286; x_wconf 86' lang='lat' dir='ltr'>sententia</span> <span class='ocrx_word' id='word_1_263' title='bbox 1184 3225 1216 3285; x_wconf 93' lang='lat' dir='ltr'>in</span> <span class='ocrx_word' id='word_1_264' title='bbox 1232 3227 1337 3288; x_wconf 86' lang='lat' dir='ltr'>bonos</span> 
     </span>
     <span class='ocr_line' id='line_1_31' title="bbox 235 3324 1292 3401; baseline 0 -11"><span class='ocrx_word' id='word_1_265' title='bbox 235 3349 273 3390; x_wconf 91' lang='lat' dir='ltr'>ac</span> <span class='ocrx_word' id='word_1_266' title='bbox 291 3327 395 3388; x_wconf 91' lang='lat' dir='ltr'>malos</span> <span class='ocrx_word' id='word_1_267' title='bbox 413 3326 479 3388; x_wconf 90' lang='lat' dir='ltr'>lata</span> <span class='ocrx_word' id='word_1_268' title='bbox 494 3349 500 3387; x_wconf 91' lang='lat'>:</span> <span class='ocrx_word' id='word_1_269' title='bbox 517 3331 532 3356; x_wconf 82' lang='lat'>‘⁴</span> <span class='ocrx_word' id='word_1_270' title='bbox 545 3326 675 3401; x_wconf 91' lang='lat' dir='ltr'>Venite,</span> <span class='ocrx_word' id='word_1_271' title='bbox 689 3324 853 3389; x_wconf 67' lang='lat' dir='ltr'>benedicti</span> <span class='ocrx_word' id='word_1_272' title='bbox 914 3327 1085 3388; x_wconf 92' lang='lat' dir='ltr'>Discedite</span> <span class='ocrx_word' id='word_1_273' title='bbox 1102 3325 1336 3390; x_wconf 69' lang='lat' dir='ltr'>maledictis</span> 
     </span>
     <span class='ocr_line' id='line_1_32' title="bbox 235 3429 1338 3513; baseline 0.003 -22"><span class='ocrx_word' id='word_1_274' title='bbox 235 3431 376 3512; x_wconf 82' lang='lat'>(34·45);</span> <span class='ocrx_word' id='word_1_275' title='bbox 400 3429 536 3491; x_wconf 89' lang='lat' dir='ltr'>tandem</span> <span class='ocrx_word' id='word_1_276' title='bbox 554 3430 728 3492; x_wconf 75' lang='lat' dir='ltr'>sententia·</span> <span class='ocrx_word' id='word_1_277' title='bbox 745 3431 900 3490; x_wconf 92' lang='lat' dir='ltr'>executio</span> <span class='ocrx_word' id='word_1_278' title='bbox 920 3451 926 3490; x_wconf 91' lang='lat'>:</span> <span class='ocrx_word' id='word_1_279' title='bbox 955 3435 969 3458; x_wconf 86' lang='lat'>·‘</span> <span class='ocrx_word' id='word_1_280' title='bbox 982 3429 1026 3490; x_wconf 92' lang='lat' dir='ltr'>Et</span> <span class='ocrx_word' id='word_1_281' title='bbox 1047 3429 1143 3491; x_wconf 92' lang='lat' dir='ltr'>ibunt</span> <span class='ocrx_word' id='word_1_282' title='bbox 1159 3429 1192 3492; x_wconf 94' lang='lat' dir='ltr'>hi</span> <span class='ocrx_word' id='word_1_283' title='bbox 1211 3431 1244 3493; x_wconf 92' lang='lat' dir='ltr'>in</span> <span class='ocrx_word' id='word_1_284' title='bbox 1260 3452 1338 3513; x_wconf 91' lang='lat' dir='ltr'>sup-</span> 
     </span>
     <span class='ocr_line' id='line_1_33' title="bbox 235 3532 1339 3616; baseline 0.002 -21"><span class='ocrx_word' id='word_1_285' title='bbox 235 3534 369 3615; x_wconf 91' lang='lat' dir='ltr'>plicium</span> <span class='ocrx_word' id='word_1_286' title='bbox 388 3532 653 3616; x_wconf 83' lang='lat' dir='ltr'>aeternum‚justi</span> <span class='ocrx_word' id='word_1_287' title='bbox 677 3541 789 3592; x_wconf 85' lang='lat' dir='ltr'>autem</span> <span class='ocrx_word' id='word_1_288' title='bbox 814 3533 845 3592; x_wconf 92' lang='lat' dir='ltr'>in</span> <span class='ocrx_word' id='word_1_289' title='bbox 863 3533 966 3593; x_wconf 87' lang='lat' dir='ltr'>vitam</span> <span class='ocrx_word' id='word_1_290' title='bbox 990 3533 1187 3596; x_wconf 86' lang='lat' dir='ltr'>aeternam”.</span> <span class='ocrx_word' id='word_1_291' title='bbox 1237 3535 1339 3597; x_wconf 89' lang='lat' dir='ltr'>Porro</span> 
     </span>
     <span class='ocr_line' id='line_1_34' title="bbox 235 3633 1339 3714; baseline 0 -16"><span class='ocrx_word' id='word_1_292' title='bbox 235 3658 278 3698; x_wconf 91' lang='lat' dir='ltr'>ex</span> <span class='ocrx_word' id='word_1_293' title='bbox 296 3636 345 3697; x_wconf 92' lang='lat' dir='ltr'>his</span> <span class='ocrx_word' id='word_1_294' title='bbox 361 3633 516 3698; x_wconf 90' lang='lat' dir='ltr'>omnibus</span> <span class='ocrx_word' id='word_1_295' title='bbox 534 3633 700 3714; x_wconf 86' lang='lat' dir='ltr'>colligitur</span> <span class='ocrx_word' id='word_1_296' title='bbox 715 3633 768 3694; x_wconf 91' lang='lat' dir='ltr'>hic</span> <span class='ocrx_word' id='word_1_297' title='bbox 790 3635 843 3714; x_wconf 88' lang='lat' dir='ltr'>agi</span> <span class='ocrx_word' id='word_1_298' title='bbox 866 3636 908 3696; x_wconf 91' lang='lat' dir='ltr'>de</span> <span class='ocrx_word' id='word_1_299' title='bbox 925 3637 1090 3697; x_wconf 74' lang='lat' dir='ltr'>sententia</span> <span class='ocrx_word' id='word_1_300' title='bbox 1107 3657 1184 3697; x_wconf 91' lang='lat' dir='ltr'>vere</span> <span class='ocrx_word' id='word_1_301' title='bbox 1201 3636 1305 3712; x_wconf 89' lang='lat' dir='ltr'>finali,</span> <span class='ocrx_word' id='word_1_302' title='bbox 1321 3659 1339 3698; x_wconf 87' lang='lat' dir='ltr'>a</span> 
     </span>
     <span class='ocr_line' id='line_1_35' title="bbox 236 3736 1338 3820; baseline 0 -18"><span class='ocrx_word' id='word_1_303' title='bbox 236 3737 400 3818; x_wconf 87' lang='lat' dir='ltr'>Supremo</span> <span class='ocrx_word' id='word_1_304' title='bbox 412 3737 530 3817; x_wconf 88' lang='lat' dir='ltr'>Judice</span> <span class='ocrx_word' id='word_1_305' title='bbox 547 3736 622 3810; x_wconf 72' lang='lat' dir='ltr'>lata,</span> <span class='ocrx_word' id='word_1_306' title='bbox 637 3741 733 3817; x_wconf 66' lang='lat' dir='ltr'>aqud</span> <span class='ocrx_word' id='word_1_307' title='bbox 750 3738 888 3816; x_wconf 90' lang='lat' dir='ltr'>proinde</span> <span class='ocrx_word' id='word_1_308' title='bbox 905 3756 972 3798; x_wconf 93' lang='lat' dir='ltr'>non</span> <span class='ocrx_word' id='word_1_309' title='bbox 989 3739 1088 3800; x_wconf 93' lang='lat' dir='ltr'>datur</span> <span class='ocrx_word' id='word_1_310' title='bbox 1100 3739 1289 3820; x_wconf 85' lang='lat' dir='ltr'>appellatio</span> <span class='ocrx_word' id='word_1_311' title='bbox 1305 3753 1338 3802; x_wconf 91' lang='lat' dir='ltr'>et</span> 
     </span>
     <span class='ocr_line' id='line_1_36' title="bbox 235 3839 1335 3922; baseline 0.004 -22"><span class='ocrx_word' id='word_1_312' title='bbox 235 3841 267 3900; x_wconf 92' lang='lat' dir='ltr'>in</span> <span class='ocrx_word' id='word_1_313' title='bbox 281 3843 348 3918; x_wconf 72' lang='lat' dir='ltr'>qua</span> <span class='ocrx_word' id='word_1_314' title='bbox 363 3841 519 3901; x_wconf 91' lang='lat' dir='ltr'>statuitur</span> <span class='ocrx_word' id='word_1_315' title='bbox 531 3859 600 3901; x_wconf 91' lang='lat' dir='ltr'>sors</span> <span class='ocrx_word' id='word_1_316' title='bbox 619 3839 780 3900; x_wconf 91' lang='lat' dir='ltr'>bonorum</span> <span class='ocrx_word' id='word_1_317' title='bbox 795 3840 1008 3915; x_wconf 89' lang='lat' dir='ltr'>malorumve,</span> <span class='ocrx_word' id='word_1_318' title='bbox 1022 3860 1088 3902; x_wconf 93' lang='lat' dir='ltr'>non</span> <span class='ocrx_word' id='word_1_319' title='bbox 1103 3861 1165 3922; x_wconf 89' lang='lat' dir='ltr'>pro</span> <span class='ocrx_word' id='word_1_320' title='bbox 1178 3843 1271 3906; x_wconf 88' lang='lat' dir='ltr'>brevi</span> <span class='ocrx_word' id='word_1_321' title='bbox 1286 3845 1335 3907; x_wconf 90' lang='lat' dir='ltr'>vel</span> 
     </span>
     <span class='ocr_line' id='line_1_37' title="bbox 236 3941 956 4022; baseline 0.006 -21"><span class='ocrx_word' id='word_1_322' title='bbox 236 3941 335 4019; x_wconf 91' lang='lat' dir='ltr'>longo</span> <span class='ocrx_word' id='word_1_323' title='bbox 352 3943 510 4022; x_wconf 89' lang='lat' dir='ltr'>temporis</span> <span class='ocrx_word' id='word_1_324' title='bbox 527 3944 644 4022; x_wconf 90' lang='lat' dir='ltr'>spatio,</span> <span class='ocrx_word' id='word_1_325' title='bbox 661 3944 718 4004; x_wconf 91' lang='lat' dir='ltr'>sed</span> <span class='ocrx_word' id='word_1_326' title='bbox 737 3945 768 4004; x_wconf 95' lang='lat' dir='ltr'>in</span> <span class='ocrx_word' id='word_1_327' title='bbox 787 3954 956 4006; x_wconf 84' lang='lat' dir='ltr'>aeternum.</span> 
     </span>
    </p>
   </div>
   <div class='ocr_carea' id='block_1_3' title="bbox 235 4153 1336 4321">
    <p class='ocr_par' dir='ltr' id='par_1_4' title="bbox 235 4153 1336 4321">
     <span class='ocr_line' id='line_1_38' title="bbox 270 4153 1336 4246; baseline 0.009 -27"><span class='ocrx_word' id='word_1_328' title='bbox 270 4189 277 4211; x_wconf 77' lang='grc' dir='ltr'><strong>ι</strong></span> <span class='ocrx_word' id='word_1_329' title='bbox 293 4169 382 4222; x_wconf 75' lang='lat' dir='ltr'>Marc.</span> <span class='ocrx_word' id='word_1_330' title='bbox 401 4171 450 4234; x_wconf 83' lang='lat' dir='ltr'>rx,</span> <span class='ocrx_word' id='word_1_331' title='bbox 463 4184 504 4239; x_wconf 79' lang='lat'>45·</span> <span class='ocrx_word' id='word_1_332' title='bbox 519 4202 551 4208; x_wconf 91' lang='lat'><em>-</em></span> <span class='ocrx_word' id='word_1_333' title='bbox 565 4169 575 4198; x_wconf 70' lang='lat'><em>²</em></span> <span class='ocrx_word' id='word_1_334' title='bbox 587 4173 660 4225; x_wconf 80' lang='lat' dir='ltr'>nan.</span> <span class='ocrx_word' id='word_1_335' title='bbox 678 4153 746 4241; x_wconf 79' lang='lat' dir='ltr'>xri,</span> <span class='ocrx_word' id='word_1_336' title='bbox 765 4192 788 4227; x_wconf 83' lang='lat'>2.</span> <span class='ocrx_word' id='word_1_337' title='bbox 804 4203 836 4212; x_wconf 93' lang='lat'><em>-</em></span> <span class='ocrx_word' id='word_1_338' title='bbox 850 4171 906 4227; x_wconf 78' lang='lat'>³11</span> <span class='ocrx_word' id='word_1_339' title='bbox 919 4175 1041 4228; x_wconf 71' lang='lat' dir='ltr'>Thessal.</span> <span class='ocrx_word' id='word_1_340' title='bbox 1060 4174 1082 4242; x_wconf 92' lang='lat'>1,</span> <span class='ocrx_word' id='word_1_341' title='bbox 1095 4190 1120 4243; x_wconf 81' lang='lat'>9.</span> <span class='ocrx_word' id='word_1_342' title='bbox 1136 4178 1336 4246; x_wconf 64' lang='lat' dir='ltr'>-asuu,13.</span> 
     </span>
     <span class='ocr_line' id='line_1_39' title="bbox 235 4255 560 4321; baseline 0.015 -17"><span class='ocrx_word' id='word_1_343' title='bbox 235 4255 560 4321; x_wconf 69' lang='lat' dir='ltr'>-sMau.,xxv,4r.</span> 
     </span>
    </p>
   </div>
   <div class='ocr_carea' id='block_1_4' title="bbox 0 0 1410 4662">
    <p class='ocr_par' dir='ltr' id='par_1_5' title="bbox 0 0 1410 4662">
     <span class='ocr_line' id='line_1_40' title="bbox 0 0 1410 4662; baseline 0 0"><span class='ocrx_word' id='word_1_344' title='bbox 0 0 1410 4662; x_wconf 95' lang='lat' dir='ltr'> </span> 
     </span>
    </p>
   </div>
  </div>
 </body>
</html>
