2752 4648
200 162 253 210 DE
271 161 491 211 MYSTERIO
510 157 785 209 PRAESENTIAE
804 154 968 204 nanus.
1073 151 1132 202 ast

38 340 81 414 (a)
92 337 244 414 Proinde,
254 339 290 401 oi
298 338 466 403 verborum
478 341 598 420 corpus
611 337 733 402 Christi
746 345 797 399 est
809 331 933 398 directe
949 330 1011 394 sub
1026 327 1136 410 specie

37 441 136 517 panis,
156 451 190 503 et
205 443 341 522 sanguis
357 441 428 522 ejus
451 441 513 504 sub
536 441 646 522 specie
669 439 735 502 vini
746 459 759 520 3
783 438 863 502 illud
883 437 971 499 enim
988 442 1039 496 est
1054 449 1135 513 prae-

36 541 105 604 sens
121 543 152 604 vi
170 544 344 608 verborum
361 545 451 626 quod
468 545 541 626 ipsa
555 542 656 606 verba
672 538 796 604 directe
810 540 1024 621 exprimunt;
1042 531 1134 612 atqui

35 646 129 708 verba
141 649 399 711 consecrationis
410 647 560 711 indicant
570 643 695 710 dircite
709 665 828 726 corpus
842 642 979 707 Domini
990 655 1134 722 praesens

34 767 99 809 esse
110 750 174 811 sub
184 752 295 832 specie
307 752 412 832 panis,
424 761 458 814 et
468 751 662 831 sanguinem
674 749 745 829 ejus
757 748 819 811 sub
828 747 937 830 specie
947 743 1031 820 vini;
1046 759 1133 822 ergo

34 849 79 928 (b)
107 850 151 914 Vi
170 854 335 916 reaturalis
354 853 612 930 conconicanrio,
628 853 690 915 sub
712 851 811 915 unica
833 849 943 932 specie
966 845 1133 909 invenitur

34 972 94 1014 non
118 955 227 1018 solum
255 976 383 1038 corpus,
405 957 462 1020 sed
486 965 520 1019 et
543 955 687 1036 sanguis,
703 955 771 1017 imo
794 963 827 1018 et
851 953 963 1014 anima
986 946 1132 1020 Christi;

34 1074 104 1118 nam
120 1057 229 1137 Jesirs,
241 1069 319 1140 post
335 1056 608 1123 resurrectionem
625 1078 731 1132 suam,
743 1076 809 1119 non
827 1055 969 1136 amplius
986 1051 1133 1122 moritur,

31 1177 88 1220 nec
104 1161 245 1241 proinde
262 1170 372 1243 potest
388 1163 492 1245 ipsius
508 1161 621 1224 anima
637 1181 656 1222 a
672 1179 770 1222 carne
786 1169 819 1222 et
835 1157 997 1238 sanguine
1017 1153 1131 1218 dividi.

34 1261 76 1340 (c)
94 1261 126 1324 V
123 1264 138 1323 i
145 1264 408 1344 supernaturalis
421 1265 680 1338 concomitantia,
692 1283 749 1326 seu
766 1264 797 1325 vi
814 1262 944 1324 ustionis
958 1255 1132 1340 hypostati-

33 1383 76 1436 ca,
92 1365 250 1428 divinitas
267 1365 400 1442 Christi,
415 1387 453 1430 ac
471 1367 610 1448 proinde
632 1367 779 1429 secunda
801 1384 943 1445 persona
959 1359 1132 1426 Trinitatis

33 1466 191 1532 invenitur
206 1470 241 1530 in
258 1469 407 1549 qualibet
421 1469 541 1550 specie,
557 1469 635 1550 quia
651 1479 792 1550 persona
809 1467 910 1529 Verbi
926 1482 1057 1545 semper
1072 1461 1131 1541 hy·

34 1571 189 1647 postatice
206 1582 356 1638 remanet
373 1573 465 1637 unita
482 1571 682 1634 humanitati
700 1580 890 1651 assumptae.

33 1671 80 1748 (d)
95 1673 248 1737 Tandem
266 1674 298 1736 vi
316 1673 631 1748 tirocrrcinccssioms,
647 1683 713 1736 tres
736 1672 858 1735 divinae
879 1689 1039 1752 persona,
1056 1687 1131 1748 quae

35 1773 128 1836 modo
142 1775 279 1857 speciali
297 1777 329 1838 in
345 1776 554 1840 humanitate
571 1775 694 1840 Christi
711 1775 874 1850 habitant,
887 1783 923 1838 ut
935 1771 1062 1837 dictum
1079 1781 1130 1833 est

34 1875 71 1936 de
95 1877 192 1942 Verbo
206 1878 336 1941 Incarn.
352 1881 397 1961 (n.
418 1880 492 1960 116)
508 1882 626 1943 eodem
650 1881 785 1962 speciali
810 1881 911 1942 modo
935 1880 967 1942 in
992 1876 1052 1942 SS.
1070 1876 1129 1940 Sa·

34 1992 198 2044 eramento
213 2002 287 2044 esse
303 1983 422 2046 merito
436 1983 601 2046 dicuntur.

71 2121 100 2190 3⁰
114 2117 312 2182 Corollaria
326 2117 801 2197 philosophico-theologica.

73 2239 122 2305 50.
169 2225 291 2308 Quoad
312 2225 431 2308 Coipus
449 2225 579 2290 caraci.

74 2326 201 2409 Corpus¹
218 2309 348 2392 Christi
372 2330 403 2390 in
428 2328 514 2391 coelo
537 2349 683 2410 praesens
707 2337 758 2392 est
779 2327 923 2390 localiter
940 2334 974 2388 et
996 2323 1129 2386 circum-

35 2429 185 2509 scriptive,
195 2451 270 2494 cum
288 2432 550 2520 quantitate'sua
567 2431 752 2494 dimensiva
765 2442 798 2494 et
810 2429 966 2493 omnibus
978 2426 1129 2491 acciden-

35 2531 118 2595 tibus
133 2535 210 2610 suis‚
226 2535 327 2597 modo
344 2545 455 2597 tamen
473 2535 617 2620 glorioso
635 2535 741 2616 'quem
766 2535 898 2616 penitus
921 2531 1057 2595 scrutari
1074 2549 1129 2591 ne·

36 2636 166 2712 quimus.
215 2617 281 2700 Sed
299 2639 441 2718 quaestio
457 2649 507 2700 est
523 2639 693 2718 quomodo
713 2639 775 2700 sub
794 2637 966 2719 speciebus
976 2633 1128 2697 Teuchari-
1143 2656 1146 2662 ·

36 2737 118 2824 sticis
132 2741 267 2816 existat,
282 2751 392 2828 utrum
409 2741 561 2803 videlicet
584 2761 658 2802 cum
683 2740 910 2804 accidentibus
926 2740 1002 2812 suis
1019 2747 1128 2832 utrum

37 2837 174 2906 localiter
189 2855 223 2907 et
238 2845 429 2925 quomodo?
473 2845 629 2925 Jamvero
652 2865 768 2906 omnes
793 2842 990 2908 Scholastici
1014 2849 1128 2903 tenent

37 2944 245 3008 vivariorum
269 2957 326 3008 aut
350 2945 387 3008 vi
405 2947 604 3010 sacramenti
621 2947 727 3008 solam
744 2945 966 3008 substantiam
982 2941 1128 3023 corporis

38 3044 149 3110 Christi
162 3069 234 3110 esse
250 3048 312 3110 sub
327 3049 499 3129 speciebus
512 3050 736 3111 eucharisticis
750 3069 758 3125 ;
781 3067 858 3111 nam
871 3046 1043 3110 conversio
1054 3065 1128 3126 quae

38 3145 69 3208 lit
83 3151 112 3209 vi
128 3151 385 3234 consecrationis
401 3149 524 3214 directe
541 3151 738 3228 terminatur
756 3150 798 3212 ad
820 3149 1040 3212 substantiam
1058 3167 1128 3210 cor·

40 3251 118 3326 poris
133 3251 266 3328 Christi,
282 3272 347 3314 non
365 3262 476 3314 autem
498 3255 540 3315 ad
560 3253 785 3316 dimensiones
801 3252 880 3334 ejus.
928 3251 1055 3315 Omnes
1071 3271 1128 3332 pa·

40 3351 106 3413 riter
119 3353 295 3446 doeeflUli
308 3353 473 3416 naturalis
487 3355 738 3418 concomitantia
757 3355 978 3436 quantitatem
1000 3354 1128 3415 dimen-

39 3455 132 3518 siram
159 3458 307 3538 eorporis
332 3455 464 3530 Christi,
491 3477 566 3520 cum
594 3460 711 3521 ceteris
738 3458 974 3532 accidentibus,
998 3476 1070 3519 esse
1095 3457 1126 3517 in

43 3553 262 3622 Eucharistid:
286 3559 356 3621 haec
373 3560 461 3621 enim
478 3561 590 3622 omnia
605 3582 626 3622 a
642 3561 828 3624 substantia
844 3561 989 3640 corporis
1006 3558 1127 3622 Christi

39 3659 157 3722 realiter
172 3681 239 3723 non
256 3660 456 3724 dividuntur.
503 3661 582 3724 Duo
604 3673 682 3725 sunt
705 3673 816 3726 autem
841 3662 1008 3744 praecipua
1024 3670 1127 3742 syste-

40 3773 118 3825 mata
134 3765 174 3826 ad
192 3783 261 3826 rem
279 3763 509 3846 philosophice
524 3765 769 3829 declarandam.

40 3863 81 3942 la]
94 3867 197 3946 Juxta
214 3866 507 3942 §sacratissima
524 3869 673 3950 aliosque
691 3869 868 3931 modernos
884 3866 1095 3930 scholasticos
1108 3879 1129 3958 Ι,

40 3980 138 4048 corpus
165 3969 293 4034 Christi
315 3970 350 4031 in
378 3970 590 4034 Errclcaristid
620 3972 731 4034 existit
760 3992 830 4032 curn
861 3972 1043 4050 quantitate
1068 3970 1129 4033 sud

69 4173 197 4239 ¹Suarez,
210 4173 247 4228 de
261 4173 381 4228 Euchar.
391 4175 465 4244 disp.
481 4175 531 4244 48;
548 4175 672 4239 Lessius,
684 4175 721 4230 de
734 4175 801 4244 peri.
814 4174 925 4242 divinis,
938 4175 955 4228 l.
967 4175 1037 4238 Xll,
1049 4192 1073 4229 c.
1088 4173 1130 4238 163

43 4257 193 4328 Frarraelin,
211 4260 250 4315 th.
267 4261 319 4314 XI.
