2770 4652
255 181 323 230 450
766 179 907 230 CAPUT
923 179 980 227 111.

254 363 356 440 brare‚
372 384 416 426 ex
430 363 503 444 jure
519 362 640 426 divino
689 364 742 426 lta
758 365 1000 426 communiter1
1015 385 1022 440 ;
1045 363 1169 424 etenim
1186 361 1232 441 (a)
1246 359 1324 440 Quis-

254 488 319 548 que
335 477 466 530 tenetur
481 478 671 550 susceptum
688 467 834 530 officium
851 467 1026 548 aliquoties
1043 467 1162 529 saltem
1178 482 1325 530 exercere;

255 571 346 651 atqui
368 570 512 633 officium
535 571 716 633 sacerdotis
732 581 783 633 est
799 570 917 632 offerre
933 568 1140 644 sacrificium,
1151 568 1245 650 juxta
1262 565 1323 626 illud

256 672 289 736 S.
307 672 397 734 Pauli
417 697 423 734 :
447 673 595 736 “Omnis
611 693 756 755 namque
775 671 972 734 Pontifex
990 692 1050 753 pro
1068 669 1252 733 hominibus
1266 687 1325 729 con-

255 776 402 838 stituitur
418 785 453 838 ut
469 774 587 838 offerat
603 776 691 837 dona
707 784 740 837 et
756 774 916 837 sacrificia
927 775 943 800 ''
959 774 1054 855 (Heb.
1068 775 1111 849 V,
1128 775 1167 855 1).

255 878 306 958 (b)
324 867 462 960 Insuper
477 888 590 959 aperte
606 878 751 940 declarat
773 878 863 940 Trid.
881 900 893 939 .·
916 877 1095 941 “Christus
1111 875 1272 958 Apostolis
1285 895 1326 935 eo·

255 1000 394 1061 rumque
410 981 652 1043 successoribus
669 991 705 1043 ut
721 980 878 1042 offerrent
892 980 1046 1061 precepit
1065 1000 1125 1061 per
1140 979 1211 1040 haec
1225 977 1327 1040 verba:

257 1083 333 1144 Hoc
350 1083 447 1146 facite
463 1083 542 1145 etc.''
586 1081 688 1164 (Sess.
707 1083 824 1160 XXII,
840 1103 910 1164 cap.
931 1083 970 1162 1).

301 1182 368 1269 (Β)
387 1185 527 1267 Quoties
551 1194 662 1248 autem
686 1185 757 1248 haec
780 1184 908 1248 oblatio
931 1207 970 1247 ex
989 1207 1023 1248 se
1045 1195 1170 1266 urgeat,
1194 1193 1328 1245 nontam

255 1298 369 1370 aperte
380 1298 511 1351 constat
527 1310 534 1365 ;
557 1297 706 1351 attamen
719 1287 770 1370 (a)
782 1309 826 1350 ex
839 1290 973 1350 decreto
986 1288 1018 1353 S.
1031 1289 1067 1352 C.
1078 1287 1217 1352 Concilii
1229 1285 1329 1366 (1696,

256 1391 426 1471 “quisine
439 1391 529 1471 justi
545 1391 653 1464 causei,
667 1400 715 1453 ter
727 1389 778 1452 vel
796 1400 914 1471 quater
926 1391 958 1452 in
976 1411 1067 1453 anno
1083 1410 1150 1452 non
1167 1385 1330 1452 celebrarit.

256 1503 371 1574 peccat
389 1492 581 1567 mortaliter,
594 1503 628 1555 et
644 1501 756 1573 potest
772 1491 815 1553 ab
832 1491 1002 1574 Episcopo
1018 1492 1127 1573 puniri
1138 1491 1176 1568 '';
1199 1489 1244 1570 (b)
1261 1490 1331 1550 insu-

257 1615 323 1676 per,
339 1615 383 1657 ex
400 1596 564 1656 sententia
583 1595 762 1670 communi,
779 1603 897 1675 peccat
917 1593 1061 1674 graviter
1076 1591 1143 1672 qui,
1159 1592 1276 1671 absque
1293 1606 1331 1648 ra-

257 1698 356 1772 tione,
368 1697 623 1759 celebrationem
640 1695 751 1760 diflert
768 1695 854 1757 ultra
865 1716 926 1757 sex
944 1713 1075 1757 menses
1089 1715 1097 1770 ;
1119 1692 1280 1755 venialiter
1290 1689 1331 1768 qui

256 1800 328 1862 sine
351 1805 450 1862 causa
472 1799 637 1862 celebrare
660 1799 788 1862 omittit
810 1798 928 1860 diebus
944 1796 1122 1860 dominicis
1143 1806 1177 1858 et
1198 1793 1307 1856 festivis
1317 1802 1332 1850 ¹.

259 1903 307 1968 Ut
323 1912 435 1965 autem
458 1903 489 1964 in
513 1903 610 1984 praxi
626 1902 815 1964 sacerdotes
831 1902 873 1963 ad
890 1901 1040 1983 quotidie
1055 1899 1281 1962 celebrandum
1296 1896 1332 1955 in·

257 2007 409 2081 citentur,
436 2025 525 2087 saepe
552 2004 624 2066 haec
650 2005 751 2067 verba
777 2004 809 2069 S.
836 2005 1105 2067 Bonaventurae²
1131 2003 1334 2065 meditentur:

256 2115 272 2142 ‘¹
284 2109 446 2174 Sacerdos
462 2109 518 2189 qui
535 2128 602 2171 non
616 2107 761 2170 celebrat
776 2118 939 2190 quantum
956 2107 989 2169 in
1007 2107 1081 2188 ipso
1093 2116 1154 2180 est,
1164 2105 1267 2186 privat
1277 2101 1333 2163 Tri·

258 2214 398 2275 nitatem
422 2211 519 2274 laude
542 2222 576 2272 et
599 2210 713 2292 gloriai,
733 2212 870 2292 angelos
895 2211 1021 2284 laetitia,
1037 2219 1229 2291 peccatores
1250 2205 1335 2272 venia,

293 2464 301 2487 ¹
313 2460 376 2512 Hoc
389 2457 503 2526 quidem
516 2459 654 2527 negarunt
667 2457 748 2527 pauci
762 2471 870 2512 veteres
884 2457 1017 2525 theologi,
1025 2474 1051 2510 v.
1062 2474 1091 2525 g.
1102 2457 1134 2510 S.
1145 2457 1336 2512 Bonauenlunz,

260 2546 380 2613 Gabriel,
395 2547 554 2615 cajetanus,
569 2547 656 2614 Lugo.
694 2547 802 2600 Omnes
822 2557 918 2600 tamen
937 2545 1096 2600 concedunt
1116 2545 1285 2598 sacerdotem
1300 2537 1335 2608 qui

258 2646 292 2682 ex
306 2629 383 2680 merie
395 2627 504 2682 desidi&
517 2639 545 2682 et
558 2627 730 2697 negligentia
743 2646 887 2700 nunquam
901 2649 1012 2686 sacmm
1024 2631 1100 2700 iacit,
1112 2642 1257 2701 peccatum
1268 2641 1336 2696 grave

258 2715 440 2771 committere
479 2717 534 2771 Cir.
549 2717 644 2784 Pesclr‚
657 2735 684 2771 n.
697 2717 758 2784 93&

294 2817 305 2843 ²
320 2801 421 2856 Primis
435 2803 572 2858 Ecclesiae
586 2806 759 2872 temporibus
769 2822 826 2858 non
839 2805 915 2858 omni
929 2805 976 2859 die
991 2805 1082 2858 Missa
1094 2805 1291 2865 celebrabatur,
1299 2796 1337 2850 sed

259 2893 350 2946 solum
372 2891 419 2946 die
441 2891 591 2954 dominici,
611 2903 640 2944 ut
663 2893 846 2960 probabiliter
868 2893 983 2946 insertur
1004 2910 1038 2947 ex
1057 2893 1080 2945 I.
1102 2893 1165 2946 Cor.
1186 2892 1262 2954 XVl,
1283 2906 1302 2950 a,
1316 2897 1336 2937 et

259 2981 290 3032 S.
297 2979 416 3047 Jusiino
429 2978 526 3047 (Apol.
544 2980 565 3044 1,
582 2977 637 3044 67),
653 2980 701 3048 qui
722 2979 758 3032 de
776 2980 937 3034 christianis
955 2980 1142 3033 conventibus
1160 2995 1254 3048 agens,
1270 2973 1337 3028 solius

259 3066 387 3119 meminit
399 3066 577 3128 Dominicae;
597 3075 625 3118 et
639 3075 714 3120 certe
727 3065 921 3136 quotidianam
934 3064 1153 3119 celebrationem
1166 3081 1221 3117 non
1234 3060 1336 3133 patieba·

260 3165 305 3206 tur
323 3151 510 3222 frequentium
529 3152 755 3220 persecutionum
775 3153 856 3206 luror.
902 3152 959 3206 Sed
983 3153 1042 3220 jam
1067 3169 1085 3204 a
1109 3151 1234 3205 secundo
1254 3145 1337 3200 saeculo

260 3239 348 3306 viguit
361 3255 427 3291 usus
441 3238 530 3291 tribus
540 3237 640 3291 diebus
650 3255 700 3307 per
709 3239 918 3292 hebdomadem
931 3236 1103 3300 celebrandi,
1116 3235 1263 3290 Dominicai
1272 3243 1337 3294 sc.,et

260 3325 367 3396 quarti,
381 3326 515 3392 sentique
528 3323 606 3390 serii,
618 3335 649 3378 ut
668 3325 754 3394 liquet
767 3342 801 3378 ex
818 3327 1002 3392 Tertulliano,
1016 3327 1052 3380 de
1066 3327 1212 3379 Oratione.
1250 3321 1337 3390 Quib11⁵

260 3413 345 3481 paulo
363 3423 425 3481 post
445 3411 594 3464 sabbatum
613 3411 742 3464 additum
760 3413 820 3479 luit,
838 3425 866 3468 ut
886 3415 969 3467 tradit
983 3415 1013 3467 S.
1032 3415 1160 3466 Basilius
1172 3413 1236 3480 (Ep.
1252 3411 1296 3476 289
1310 3404 1337 3458 ad

262 3497 444 3564 Caesaream).
482 3499 622 3565 Tempore
636 3497 665 3549 S.
682 3499 830 3566 Augustini
850 3501 934 3554 variae
951 3511 1031 3554 erant
1050 3501 1231 3553 ecclesiarum
1244 3507 1337 3550 consue·

260 3586 373 3639 tudines
387 3605 393 3648 ;
412 3601 480 3638 nam
493 3595 521 3637 ut
536 3584 596 3652 ipse
609 3583 649 3636 ait
662 3585 717 3651 (ep.
736 3599 768 3655 34
781 3587 817 3640 ad
830 3588 959 3656 Jauuar.)
974 3607 980 3642 ι
999 3586 1100 3640 “Alibi
1113 3587 1205 3640 nullus
1218 3586 1273 3638 dies
1284 3594 1337 3651 prae·

261 3673 422 3726 termiuitur
434 3689 491 3740 quo
504 3687 560 3722 non
574 3669 714 3734 offeratur,
726 3671 794 3725 alibi
814 3673 933 3728 sabbato
952 3685 1060 3726 tantum
1079 3685 1107 3726 et
1125 3661 1336 3735 Dominico,alibi
1374 3685 1375 3698 π

260 3769 370 3810 tantum
385 3757 538 3810 Dominico
545 3759 566 3812 ¹².
605 3759 691 3812 Sexto
704 3771 799 3814 tamen
814 3761 917 3814 saeculo
932 3761 993 3830 jam
1006 3777 1074 3814 usus
1093 3760 1271 3829 prtevaluerat
1287 3767 1336 3821 quo·

262 3845 328 3896 tidie
347 3844 450 3912 ubique
469 3844 639 3905 celebrandi.
656 3859 686 3900 ut
705 3859 816 3900 constat
832 3864 866 3900 ex
881 3849 988 3900 Ordine
1002 3848 1135 3901 Gelani:
1153 3847 1209 3900 imo
1222 3861 1267 3915 per
1277 3841 1335 3910 plura

262 3930 375 3992 secula,
390 3947 430 3982 sc.
446 3948 535 3999 usque
554 3933 591 3984 ad
611 3943 739 4002 tempora
757 3934 910 3987 Alexandri
932 3935 959 3988 ll
981 3934 1081 4002 (1061),
1098 3935 1203 4003 pluries
1221 3929 1337 3985 celebrare

262 4015 364 4068 licebat
383 4017 439 4068 und
458 4018 512 4080 die,
526 4035 578 4086 pro
597 4020 796 4088 cujuscumque
815 4021 970 4074 sacerdotis
987 4020 1110 4073 arbitrio
1151 4018 1335 4086 (Clitarum,

262 4116 307 4167 op.
324 4101 370 4154 cit.
386 4102 403 4153 l.
422 4103 445 4163 l,
460 4117 484 4154 c.
503 4104 543 4163 11,
558 4121 584 4156 a
601 4119 636 4170 3;
663 4107 823 4175 ilnrlrjuny,
843 4124 889 4175 op.
908 4107 954 4160 cit.
970 4107 1057 4160 verbo
1074 4107 1186 4169 .llessc,·
1212 4101 1337 4158 Allienum

266 4185 339 4238 Eccl.
357 4185 478 4252 lievitzo,
491 4201 571 4242 mart.
589 4191 663 4256 1892,
677 4209 702 4260 p.
721 4207 769 4260 119
782 4197 839 4262 sq.)

298 4275 307 4297 ¹
321 4272 366 4324 De
380 4285 525 4340 preparat
540 4275 577 4327 ad
592 4277 656 4330 Mis.
671 4295 693 4331 c.
706 4296 728 4348 5.
