2794 4662
438 210 496 261 DE
513 211 806 262 MATRIMONIO.
923 287 926 294 Ι
1106 212 1171 263 687

104 397 147 454 74.
193 385 337 457 Obri'cr'tur
353 387 474 460 quidem
494 388 540 448 his
559 389 786 462 exceptionibus
805 389 910 462 perimi
931 388 1171 448 indissolubilite-

67 479 131 528 tem
142 474 334 542 matrimonii;
353 476 406 533 sed
419 475 580 549 immerito;
599 494 669 534 narn
680 476 728 536 hic
738 477 835 549 agitur
844 486 958 536 tanturn
972 477 1010 536 de
1024 478 1171 534 matrimo-

67 557 122 614 nio
141 569 213 632 rato,
230 561 414 634 proindeque
433 564 511 621 mala
523 582 590 636 quae
603 581 639 622 ex
652 564 779 622 divortio
792 575 1017 636 consequuntur
1035 582 1070 622 ex
1089 573 1172 636 parte

67 646 234 717 conjugum
248 658 277 707 et
290 648 380 720 prolis
392 649 441 707 hic
454 668 514 708 non
529 651 731 718 verificantur,
751 651 871 724 insuper
883 651 1040 710 dissolutio
1059 650 1091 709 lit
1112 669 1171 709 non

67 731 246 792 auctoritate
265 734 385 808 privata,
402 737 454 794 sed
474 738 645 796 aRomano
661 738 805 797 Pontifice
825 748 892 811 post
911 739 1031 808 longam
1052 737 1172 810 inquisi-

67 818 195 890 tionem,
210 821 234 878 si
253 821 291 880 de
310 841 380 880 casu
400 824 567 896 particulari
586 825 624 883 sit
642 825 775 896 quaestio,
790 835 819 884 et
838 824 957 882 nonnisi
977 823 1115 896 gravibus
1133 823 1172 883 de

68 905 169 964 causis
180 929 190 974 ς
206 908 231 965 si
243 919 346 980 agatur
357 921 457 969 autem
468 911 507 970 de
516 929 586 970 casu
599 911 740 970 solemnis
752 911 942 984 professionis
953 928 1048 984 pauca
1060 903 1171 969 incomss

68 993 164 1051 moda
176 1012 243 1067 quae
256 997 353 1055 forsan
367 999 474 1058 exinde
486 1008 657 1072 sequuntur,
669 1008 903 1072 compensantur
916 1016 968 1071 per
981 998 1172 1058 excellentius

69 1079 188 1138 bonum
213 1082 279 1140 vitae
303 1084 456 1156 religiosa,
483 1103 539 1143 nec
564 1085 685 1145 aliunde
711 1085 878 1144 timendum
904 1095 948 1144 est
974 1085 1083 1143 multos
1110 1085 1171 1143 fore

68 1165 122 1236 qui
137 1167 337 1241 voluptatibus
351 1171 520 1229 renuntient
534 1181 565 1229 ut
579 1171 730 1243 religionis
745 1171 930 1230 austeritates
943 1170 1168 1244 amplectantur.

68 1251 147 1396 lejnl
159 1254 338 1325 periclitatur
351 1276 421 1330 ergo
434 1257 480 1316 his
493 1259 596 1331 paucis
610 1259 836 1331 exceptionibus
850 1257 1031 1317 matrimonii
1048 1257 1171 1317 indisso·

81 1356 100 1395 u
126 1339 211 1400 iitas.

226 1476 311 1554 Art.
340 1477 411 1556 IV.
439 1479 501 1557 De
526 1479 734 1557 effectibus
758 1479 993 1556 sacramenti
1006 1490 1029 1556 ¹.

115 1645 167 1713 75
215 1636 326 1718 Quum
343 1639 593 1703 Matrimonium
607 1642 650 1704 sit
663 1659 766 1704 unum
780 1659 824 1701 cx
837 1639 1172 1703 sacramentisN.Le-

71 1740 135 1820 gis,
150 1741 289 1820 gratiam
308 1740 510 1806 habitualem
528 1744 681 1824 producit
697 1763 737 1806 ax
750 1753 839 1823 opera
853 1753 988 1824 operato,
999 1753 1036 1806 ut
1051 1744 1172 1806 diserte

70 1840 249 1904 delinitum
266 1854 351 1907 esta
372 1845 403 1906 T
401 1845 513 1908 radent.
531 1846 622 1926 (sess.
640 1845 769 1920 XXIV,
785 1864 856 1908 can.
878 1844 930 1925 1):
953 1851 970 1878 “
982 1845 1016 1910 Si
1034 1847 1107 1927 quis
1123 1847 1171 1908 di-

71 1947 164 2008 xerit
178 1945 429 2012 Matrimonium
442 1969 508 2012 non
520 1970 591 2012 esse
601 1971 677 2012 vere
687 1959 721 2013 et
733 1949 864 2030 proprie
877 1966 978 2011 unum
989 1969 1033 2012 ex
1044 1959 1170 2032 septem
1254 1947 1256 1952 ’

72 2050 160 2131 legis
186 2052 386 2134 evangelica:
413 2055 637 2130 sacramentis,
661 2075 680 2116 a
709 2053 842 2118 Christo
870 2052 1017 2114 Domino
1041 2053 1171 2118 institu-

73 2162 148 2215 tum
162 2204 168 2216 .
181 2203 187 2216 .
202 2203 208 2218 .
222 2175 319 2236 nequa
328 2157 477 2238 gratiam
492 2159 640 2236 conferre,
654 2157 693 2219 A.
708 2156 758 2221 S.'’

120 2257 237 2320 Gratia
253 2268 374 2334 autern,
391 2280 490 2341 quarn
508 2261 644 2336 confert,
660 2281 726 2323 non
751 2269 801 2323 est
825 2261 931 2342 prima
948 2262 1005 2323 sed
1022 2261 1168 2336 secunda,

73 2379 190 2439 quum,
214 2372 298 2424 teste
326 2363 356 2424 Τ
354 2364 523 2438 rr'danrino,
547 2365 734 2427 institutum
759 2363 856 2426 fuerit
879 2382 945 2426 non
970 2365 1011 2426 ad
1037 2373 1172 2445 peccata

73 2464 287 2540 remittenda,
304 2467 361 2528 sed
379 2468 420 2528 ad
437 2464 693 2530 sanctificandos
709 2467 877 2548 conjuges.
925 2466 1048 2529 Iterum
1066 2467 1172 2548 gratia

74 2563 153 2626 huic
177 2578 385 2630 sacramento
408 2569 539 2649 propria
563 2569 715 2632 consistit
738 2570 770 2631 in
789 2570 863 2650 jure
886 2569 928 2632 ad
953 2571 1171 2652 accipiendas,

74 2679 227 2750 ternpore
243 2681 440 2752 opportun0,
456 2675 579 2754 gratias
603 2670 749 2736 actuales
773 2673 959 2738 christianis
976 2674 1172 2756 conjugibus

74 2775 118 2834 ad
142 2793 202 2835 sua
222 2772 330 2836 officia
350 2776 411 2838 rite
433 2777 648 2859 adimplenda
665 2779 890 2842 necessarias:
919 2791 950 2840 1⁰
966 2780 1008 2841 ad
1025 2779 1172 2842 christia-

75 2896 155 2939 nam
180 2879 281 2957 prolis
298 2883 557 2961 procreationem
575 2893 607 2943 et
624 2883 855 2945 educationem
871 2902 878 2957 ;
903 2894 939 2942 2⁰
955 2883 995 2943 ad
1021 2892 1171 2944 mutuum

75 3001 224 3045 amorem
242 2991 275 3045 et
290 2985 368 3046 vitae
384 2984 586 3047 consortium
603 3004 611 3060 3
640 2998 674 3064 3⁰
690 2986 732 3047 ad
756 2985 1060 3066 concupiscentiam
1085 3005 1173 3048 coer·

74 3085 224 3148 cendam.

119 3189 170 3268 76.
222 3201 252 3250 10
268 3188 296 3249 Α
302 3189 328 3250 d
339 3189 551 3251 clenstr‘onom
568 3189 673 3270 prolis
687 3191 943 3269 procreationem
965 3199 996 3251 at
1016 3190 1172 3252 educatio·

77 3310 149 3350 nem
164 3313 178 3362 ,·
200 3290 253 3352 hic
268 3301 316 3352 est
332 3292 419 3354 enim
437 3293 623 3373 praecipuus
641 3293 842 3354 matrimonii
860 3290 934 3354 finis
952 3316 960 3355 :
982 3293 1172 3355 sicutenim

77 3393 230 3456 Christus
247 3414 312 3457 non
330 3395 396 3457 alio
412 3395 476 3457 fine
494 3395 651 3457 Ecclesiae
668 3392 865 3475 conjunctus
882 3405 942 3470 est,
958 3415 1058 3476 quam
1076 3405 1112 3458 ut
1128 3415 1172 3456 ex

77 3497 191 3558 divino
203 3497 394 3578 hujusmodi
408 3499 574 3560 connubio
587 3507 799 3561 nascerentur
810 3496 866 3562 filii
882 3498 944 3559 Dei
958 3497 1115 3578 adoptivi,
1127 3499 1172 3561 ita

77 3601 191 3680 sponsi
208 3601 292 3663 uniri
309 3600 432 3664 debent
445 3610 481 3663 ut
494 3598 579 3662 filios
592 3610 750 3682 generent
762 3598 940 3682 sancteque
953 3601 1104 3676 educent,
1117 3601 1172 3682 qui

79 3722 145 3764 non
170 3703 276 3766 solum
301 3705 444 3767 terrestri
469 3705 585 3785 patria:
609 3703 706 3766 utiles
730 3723 801 3765 esse
824 3702 968 3777 valeant,
992 3704 1049 3765 sed
1074 3703 1171 3766 etiarn

78 3807 196 3887 optimi
215 3808 372 3870 Ecclesiae
389 3810 486 3884 cich,
502 3808 660 3889 regnique
682 3807 825 3869 coelestis
849 3805 1025 3868 candidati.
1073 3807 1173 3869 Porro

79 3911 119 3970 ad
145 3909 207 3971 hoc
232 3912 405 3992 requiritur
427 3913 534 3992 gratia
557 3910 718 3993 specialis
735 3930 809 3991 quae
826 3930 884 3992 per
901 3911 1103 3972 matrimonii
1122 3931 1172 3972 sa·

79 4023 283 4078 eramenturn
317 4017 507 4080 confertur:
542 4015 693 4078 homines
721 4016 825 4090 enim,
852 4023 990 4095 peccato
1022 4013 1172 4095 originali

83 4149 1048 4163 *W*
1055 4153 1062 4157 -
1070 4151 1175 4160 ——..,.

113 4228 121 4260 ¹
133 4230 255 4294 Drour'rr,
266 4229 283 4282 l.
298 4229 331 4295 X,
345 4245 371 4298 q.
384 4247 412 4298 4;
432 4229 464 4282 L.
474 4229 591 4291 Hubert,
603 4227 701 4281 Theol.
718 4227 811 4295 dogm.
825 4238 853 4281 et
866 4226 989 4290 moralis,
1002 4226 1038 4280 de
1052 4227 1170 4282 matrim.

80 4333 101 4370 c.
118 4330 143 4386 53
165 4315 302 4381 Carrr'dre,
319 4333 345 4369 n.
362 4319 395 4386 58
409 4333 450 4386 sq.
457 4336 464 4381 ;
483 4315 585 4378 Bonol,
602 4332 628 4368 n.
642 4316 683 4380 84.
