2776 4644
224 61 273 110 ⁴⁴
681 65 822 115 caper
846 66 870 114 1.

221 243 251 323 J.
270 243 438 306 Christum
454 243 494 305 D.
513 243 589 318 N.'’,
605 246 665 320 vel,
683 256 719 308 ut
736 247 767 307 in
786 247 899 308 multis
916 248 1032 327 graecis
1048 247 1220 308 codicibus
1251 247 1345 324 legi·
1377 231 1378 288 l

222 354 285 416 tur,
301 345 461 408 “Gratias
479 367 543 426 ago
561 346 634 408 Deo
651 369 709 428 per
724 349 752 429 J.
765 349 934 412 Christum
946 349 969 410 ¹³.
1019 350 1120 412 Unde
1136 351 1205 411 sie:
1234 349 1342 428 Apo-

222 449 329 512 stolus
345 447 398 510 bic
414 451 511 511 docet
527 470 694 512 summam
711 452 855 513 hominis
872 471 944 513 esse
961 451 1189 513 infirmitatem
1206 453 1256 512 acl
1278 452 1342 512 bo·
1377 459 1378 476 ¹

222 572 304 614 num
321 551 520 626 laciendum,
535 563 569 614 et
593 574 666 615 earn
692 555 811 635 repetit
835 575 877 616 ex
898 546 1171 634 concupiscentia
1194 575 1259 616 seu
1293 575 1341 615 ex

222 655 379 738 gravibus
396 656 637 718 tentationibus
654 677 728 737 quae
746 657 777 718 in
796 657 892 718 nobis
909 658 1078 734 oriuntur;
1116 657 1207 737 atqui
1226 656 1339 716 simul

221 753 368 823 affirmat
385 758 475 818 illam
493 757 718 820 infirmitatem
736 780 802 821 non
821 779 918 840 posse
935 761 1031 832 vinci,
1044 781 1105 821 nec
1122 761 1338 822 tentationes

221 860 371 941 superari
388 861 450 921 nisi
467 880 525 942 per
541 862 682 941 gratiam
701 882 744 924 ex
763 862 888 923 meritis
900 861 1022 924 Christi
1040 865 1176 937 datam,
1198 881 1290 942 ergo
1307 874 1325 921 1.

268 961 332 1050 (Β)
357 961 387 1024 T
385 963 454 1026 rad.
473 964 506 1027 S.
522 964 677 1027 Pontifex
694 965 880 1026 [celestinus
899 963 926 1038 I,
940 964 982 1026 ad
1002 964 1189 1045 Episcopos
1205 963 1336 1026 Galliae

220 1071 264 1132 de
288 1068 453 1130 erroribus
482 1067 826 1149 Semipelagianorum
851 1069 998 1130 scribens
1025 1068 1125 1147 (431),
1142 1067 1335 1129 declaravit

220 1179 236 1206 ‘⁶
250 1172 420 1234 neminem
438 1170 595 1232 idoneum
610 1191 681 1231 esse
705 1169 747 1232 ad
771 1171 976 1249 superandas
992 1170 1118 1232 diaboli
1136 1171 1283 1232 insidias
1301 1183 1333 1229 et

220 1277 263 1340 ad
281 1275 462 1336 vincendas
486 1274 594 1335 carnis
620 1274 916 1354 concupiscentias,
930 1273 993 1334 nisi
1011 1293 1070 1354 per
1086 1273 1328 1353 quotidianum

219 1377 423 1459 adjutorium
443 1377 505 1437 Dei
517 1375 532 1399 ’⁹
549 1375 724 1455 (Denzing.
736 1373 801 1454 90).

261 1493 311 1559 42.
349 1475 412 1564 (C)
428 1478 741 1540 Rationesundetur.
780 1479 837 1540 Ad
850 1480 1070 1541 resistendum
1082 1479 1243 1560 gravibus
1256 1487 1328 1539 ten-

218 1582 403 1649 talionibus
420 1583 596 1662 requiritur
605 1593 767 1662 prompta,
788 1591 913 1643 attenta
936 1592 969 1642 et
988 1593 1200 1660 perseverans
1216 1581 1327 1642 consi-

219 1688 350 1752 deratio
367 1685 506 1765 alicujus
519 1687 667 1747 veritatis
681 1695 824 1757 aeterna,
834 1695 892 1746 aut
904 1684 1023 1745 saltem
1037 1685 1115 1745 boni
1133 1684 1324 1765 superioris.

220 1813 297 1874 quae
320 1810 338 1851 a
355 1799 495 1871 peccato
512 1809 572 1850 nos
589 1790 770 1862 deterreat;
802 1788 894 1868 atqui
913 1785 987 1849 talis
1003 1787 1185 1867 applicatio
1203 1786 1326 1847 mentis

221 1905 345 1958 nostrae
369 1902 419 1954 est
436 1893 606 1954 moraliter
622 1891 836 1971 impossibilis
852 1890 1002 1952 facultati
1020 1889 1107 1950 laesae
1124 1899 1159 1951 et
1176 1889 1324 1956 infirmae,

220 1999 330 2084 qualis
354 2007 404 2059 est
427 1996 582 2058 voluntas
604 2005 726 2068 nostra,
743 1996 804 2055 nisi
830 1993 1018 2074 specialiter
1039 1992 1152 2054 aDeo
1173 1992 1323 2072 juvetur;

220 2123 308 2182 ergo.
365 2099 474 2179 Major
489 2099 697 2178 experientia
720 2108 864 2173 constat;
899 2095 1033 2176 quando
1057 2096 1145 2156 enim
1167 2094 1321 2173 concupi-

221 2206 345 2268 scentia
358 2203 559 2266 veliementer
567 2212 600 2263 et
611 2223 669 2282 per
681 2202 819 2263 notabile
830 2211 962 2279 tempus
979 2218 1039 2258 nos
1050 2198 1167 2258 incitat
1180 2199 1221 2259 ad
1237 2197 1321 2258 bona

221 2307 399 2378 sensibilia,
417 2326 481 2366 non
500 2324 675 2384 possumus
692 2307 850 2377 resistere,
867 2303 928 2363 nisi
941 2322 1017 2382 pars
1034 2302 1184 2380 superior
1199 2302 1316 2362 animae
1377 2307 1378 2316 ²

221 2418 385 2494 prompte,
399 2415 526 2468 attente
544 2425 581 2468 ac
604 2417 851 2487 perseveranter
866 2405 1053 2467 consideret
1070 2403 1159 2464 bona
1175 2405 1318 2484 superio·
1370 2434 1376 2503 3

221 2515 264 2578 ris
280 2511 415 2578 ordinis,
431 2510 566 2581 scilicet,
581 2511 712 2572 virtutis
729 2510 1020 2592 pulchritudinem,
1037 2508 1106 2568 vitii
1124 2506 1317 2576 loeditatern,
1370 2516 1375 2595 l

221 2627 253 2678 et
280 2613 462 2699 praesertim
489 2611 740 2674 retributionem
770 2613 869 2692 justis
893 2611 1090 2691 promissam
1119 2620 1177 2670 aut
1205 2627 1316 2690 poenas

221 2717 388 2802 peccatori
405 2715 643 2790 comminatas;
668 2717 729 2777 nisi
746 2716 834 2777 enim
844 2723 993 2795 prorupta
1008 2711 1041 2774 id
1057 2713 1226 2788 faciamus,
1240 2731 1314 2774 mox

221 2820 399 2886 tentationi
417 2819 681 2894 consentiemus;
715 2820 776 2880 nisi
793 2827 912 2879 attente
932 2840 970 2880 ac
979 2831 1234 2899 perseveranter,
1252 2831 1314 2881 ten·

221 2925 305 2990 tutin
321 2931 455 2994 crescet,
471 2922 595 3000 vixque
612 2921 641 2982 ei
660 2923 811 2983 resistere
835 2913 1026 3002 poterimus.
1073 2923 1186 2984 Minor
1208 2934 1312 2986 autem
1377 2903 1378 2908 ἵ

222 3027 382 3112 probatur
397 3045 440 3084 cx
459 3025 497 3083 iis
514 3043 588 3103 quae
601 3024 750 3084 diximus
763 3023 849 3084 circa
860 3021 998 3086 effectus
1009 3025 1181 3104 originalis
1192 3022 1312 3108 peccati

221 3125 277 3188 nli
290 3123 355 3188 Han
370 3121 496 3186 Crenas.
510 3141 540 3184 n.
556 3122 645 3200 198);
671 3122 783 3182 anima
800 3123 887 3183 enim
906 3131 1019 3183 nostra
1035 3123 1242 3205 quadruplici
1253 3121 1313 3184 vul·

222 3251 298 3294 „erc
317 3225 517 3306 rifnorarrtioe,
534 3223 677 3299 ntalr'tr'oe,
695 3224 902 3304 infirmitatis
923 3235 956 3286 et
977 3226 1233 3304 concupiscentia
1248 3242 1312 3286 sau·
1377 3227 1378 3248 ³

220 3335 317 3404 elata,
335 3349 385 3392 res
399 3327 529 3388 divinas
547 3345 613 3386 non
633 3325 728 3387 facile
751 3327 900 3406 percipit,
917 3326 1046 3407 sibique
1064 3327 1178 3390 relifta
1194 3326 1311 3392 debilis.
1377 3373 1378 3376 ,

222 3458 264 3504 nu
276 3441 414 3496 mutans
426 3439 460 3492 et
473 3431 580 3508 impar
596 3439 645 3490 est
662 3431 704 3491 ad
721 3431 896 3491 diuturnas
913 3432 1198 3494 considerationes
1211 3432 1260 3494 vel
1275 3425 1309 3488 ad
1367 3420 1378 3504 l

223 3557 363 3618 tnnqnns
379 3544 534 3607 conatus;
561 3531 603 3594 ad
622 3553 689 3593 rem
709 3533 743 3594 S.
763 3532 904 3594 Thomas
920 3533 1032 3596 scribit
1052 3558 1058 3596 ε
1085 3554 1161 3615 quae
1177 3535 1309 3615 quidem.

222 3647 270 3714 lim
286 3653 292 3701 t
316 3636 529 3724 pergratiam
547 3645 683 3699 sanetur
699 3645 863 3714 quantum
880 3637 922 3698 ad
941 3647 1087 3699 mentem
1107 3641 1176 3718 (seu
1194 3647 1307 3720 partem

222 3747 423 3834 „uperinrern
441 3739 586 3818 animae),
604 3747 753 3800 remanet
766 3748 879 3801 tamen
897 3740 930 3800 in
947 3745 987 3801 ea
1002 3743 1173 3823 corruptio
1190 3753 1222 3804 et
1237 3735 1307 3802 inie-

257 3982 261 4014 r
276 3970 399 4040 tpnnlarn
413 3964 515 4018 thesim
526 3964 694 4018 confirmant
705 3983 738 4018 ex
749 3981 764 4018 2
776 3965 838 4019 Cor.
852 3965 923 4027 Xll,
936 3978 950 4029 7
966 3983 972 4018 :
992 3965 1041 4019 sed
1057 3971 1305 4034 argumentumnon

221 4075 258 4126 rut
277 4055 374 4136 ..pianr
381 4051 640 4122 ticum,qutaverba
654 4052 700 4104 illa
709 4052 745 4106 de
757 4051 878 4105 externis
893 4050 1135 4120 persecutionibus
1148 4063 1196 4108 aut
1206 4043 1306 4123 physico

223 4153 285 4217 nir*
483 4139 504 4192 'a
519 4138 717 4206 intelliguntur.
