2776 4644
245 107 293 156 34
706 109 845 160 CAPUT
870 108 895 156 1.

245 287 585 362 consentiamus,dum
593 290 709 369 gratiae
718 289 910 371 cooperanti
921 289 1106 351 consentire
1118 307 1184 348 non
1193 286 1343 352 valemus,

247 389 309 450 nisi
328 391 418 471 prius
442 392 550 472 gratia
568 401 729 471 operante
749 392 888 454 excitati
904 392 1028 468 simus;
1050 391 1063 468 l
1065 390 1102 470 b)
1118 390 1207 470 prior
1227 407 1342 450 munus

245 513 342 555 suum
360 495 483 575 implet,
497 495 627 557 etiamsi
644 496 753 557 nullus
769 516 853 576 opus
870 494 992 556 morale
1015 494 1082 565 fiat,
1098 494 1176 574 quia
1192 493 1259 570 ejus
1272 489 1342 551 offi-
1381 491 1382 496 ’

245 596 332 658 cium
357 608 407 658 est
428 596 640 660 solummodo
659 618 719 659 nos
743 598 941 673 sollicitare;
964 597 1126 678 posterior
1147 604 1255 657 autem
1272 593 1342 653 sine

245 699 426 762 voluntatis
442 719 603 761 concursu
620 720 740 762 munus
757 721 852 763 suum
869 699 1005 781 explere
1022 699 1147 780 nequit,
1163 698 1239 778 quia
1252 695 1341 774 adju·
1381 723 1382 776 r

244 801 312 861 vari
344 821 409 862 non
441 811 551 882 potest
582 802 745 876 voluntas,
767 803 831 864 'nisi
863 802 936 883 ipsa
967 803 1008 864 ad
1040 821 1124 882 opus
1155 807 1341 870 concurrat;

243 901 291 982 (c,
309 903 397 984 prior
412 923 456 965 ex
472 924 507 965 se
523 913 573 965 est
590 904 696 966 solum
713 904 879 985 sufficiens,
893 906 970 984 quia
986 904 1101 985 gratiae
1118 901 1275 964 excitanti
1285 919 1341 960 vo·

244 1003 354 1068 luntas
371 1005 521 1068 resistere
537 1015 667 1086 potest;
685 1007 849 1087 posterior
864 1017 976 1069 autem
993 1015 1044 1068 est
1059 1005 1175 1087 efficies,
1188 1003 1262 1084 quia
1276 1022 1338 1063 non

242 1105 342 1167 datur
358 1107 420 1167 nisi
437 1105 563 1167 homini
580 1104 656 1169 adiu
673 1109 824 1187 operanti
840 1117 874 1169 et
890 1105 1119 1168 consentienti.

285 1220 335 1284 31.
384 1207 469 1270 Haec
484 1208 528 1270 ab
543 1209 698 1270 omnibus
715 1209 879 1290 theologis
896 1208 1137 1284 conceduntur;
1156 1208 1214 1268 sed
1230 1206 1340 1267 acriter

242 1311 498 1372 controvertitur
513 1319 623 1372 utrum
644 1312 778 1392 insuper
801 1313 908 1392 gratia
928 1312 1080 1373 excitans
1101 1311 1145 1371 ab
1167 1309 1340 1389 adjuvante

241 1413 409 1474 entt'mtive
434 1412 683 1493 distinguatur:
715 1413 765 1493 (a)
795 1414 825 1474 T
821 1413 969 1476 lromr'stce
988 1413 1186 1475 affirmative
1212 1431 1338 1492 respon-

241 1515 348 1577 dent:
375 1515 482 1596 gratia
507 1517 668 1590 excitans,
693 1516 856 1595 inquiunt,
881 1527 931 1579 est
955 1517 1059 1578 virtus
1084 1516 1255 1588 transiens,
1279 1517 1338 1594 quii

243 1617 335 1679 Deus
362 1619 395 1679 in
423 1615 592 1680 intellectu
621 1628 653 1679 et
680 1617 854 1680 voluntate
881 1618 1116 1681 indeliberatos
1147 1617 1338 1697 cognitionis

241 1717 336 1782 actus
351 1719 491 1800 piosque
508 1729 618 1782 motus
635 1731 749 1782 causat
764 1742 770 1794 ;
794 1722 902 1802 gratia
918 1742 995 1783 vero
1014 1721 1177 1801 adjuvans
1193 1729 1242 1781 est
1259 1739 1337 1779 nora

241 1823 344 1884 virtus
367 1822 531 1884 voluntati
556 1823 725 1903 impressa,
748 1825 814 1903 qud
841 1823 934 1885 Deus
960 1823 1039 1884 lacit
1063 1833 1099 1884 ut
1120 1822 1222 1883 homo
1243 1821 1337 1882 libere

240 1934 444 2006 exsequatur
461 1923 493 1986 id
510 1925 552 1986 ad
569 1925 658 2005 quod
675 1927 842 1988 excitatus
855 1937 913 1989 est.
941 1925 992 2007 (b)
1003 1924 1184 1986 Molim'stoe
1197 1946 1215 1986 e
1230 1933 1336 1986 contra

240 2037 356 2090 tenent
386 2027 528 2108 gratiam
560 2027 763 2089 excitantem
794 2038 828 2091 et
858 2031 998 2110 gratiam
1031 2028 1245 2109 adjuvantem
1273 2045 1336 2087 esse

239 2131 408 2192 entitativ'e
422 2129 558 2203 easderrr,
575 2129 652 2191 licet
669 2149 804 2192 munere
828 2142 861 2195 et
884 2131 1002 2194 effectu
1027 2131 1204 2195 disserant:
1227 2133 1334 2192 eadem

239 2234 327 2296 enim
353 2233 469 2314 gratia,
493 2243 657 2312 quatenus
689 2252 887 2296 consensum
915 2244 1065 2297 nostrum
1093 2233 1269 2306 antecedit,
1293 2243 1335 2292 est

239 2359 381 2420 operans
403 2358 461 2399 seu
485 2338 647 2406 excitans,
663 2347 827 2417 quatenus
844 2358 922 2400 vero
945 2336 1045 2399 efficit
1069 2337 1241 2398 nobiscum
1267 2353 1333 2396 con·

239 2461 382 2514 sensum,
397 2449 447 2500 est
468 2439 632 2518 adjuvans
655 2459 712 2500 seu
737 2460 941 2520 cooperans;
965 2441 1050 2503 sicut
1069 2437 1163 2502 actus
1187 2438 1333 2502 indelibe-

239 2543 300 2605 rati
317 2541 555 2604 somniantium
572 2551 811 2604 convertuntur
826 2544 858 2604 in
876 2540 969 2605 adius
986 2542 1195 2615 deliberatos
1205 2543 1230 2603 si
1243 2541 1333 2602 libere

238 2655 315 2728 post
331 2643 579 2724 evigilationem
597 2645 808 2706 retineantur.

280 2761 329 2826 32.
380 2759 414 2825 3⁰
432 2747 576 2808 Ratione
595 2745 731 2827 effeslrls,
747 2748 855 2826 gratia
879 2758 929 2809 est
953 2745 1119 2809 sufficiens
1135 2747 1188 2808 vel
1204 2744 1331 2806 efficax:

236 2851 286 2928 (a)
303 2849 462 2932 sufficiens
477 2868 516 2909 ea
532 2857 582 2910 est
599 2868 674 2928 quae
691 2850 748 2911 dat
764 2871 876 2912 veram
894 2861 927 2912 et
943 2851 1137 2931 expeditam
1151 2849 1331 2912 facultatem

239 2953 362 3016 lunium
381 2951 540 3030 saciendi;
563 2961 613 3012 est
629 2959 740 3013 autem
759 2973 843 3015 ruere
857 2953 1023 3034 sufficiens,
1034 2952 1169 3033 quando
1182 2973 1243 3013 suo
1253 2957 1330 3012 caret

236 3053 454 3134 ‹vlsec'nrquia
471 3055 580 3116 eidem
597 3055 750 3116 voluntas
767 3059 826 3117 sua
842 3057 938 3136 culpd
956 3058 1086 3130 resistit,
1096 3066 1132 3117 ut
1148 3054 1329 3136 exemplum

237 3159 378 3224 liniretur
399 3158 430 3218 in
449 3157 547 3218 l'rov.
568 3157 591 3230 l,
609 3173 670 3233 24:
698 3163 712 3188 ‘⁶
725 3158 851 3219 Vocavi
876 3167 910 3219 et
933 3159 1095 3234 renuistis
1112 3159 1249 3220 extendi
1272 3173 1328 3216 ma·

237 3283 316 3330 uurn
340 3281 458 3334 meam,
474 3272 508 3321 et
529 3279 594 3321 non
619 3259 679 3321 fuit
701 3262 756 3340 qui
779 3263 939 3342 aspiceret
953 3263 976 3322 ''.
1025 3262 1149 3324 lterum
1169 3261 1274 3341 gratia
1288 3263 1329 3316 est

236 3365 423 3434 r'rstrrtrrlr'rrle
445 3362 621 3436 sufficiens,
644 3365 779 3443 quando
800 3362 925 3426 dircite
946 3366 1130 3445 potentiam
1151 3365 1210 3425 dat
1230 3361 1327 3425 astum

237 3473 342 3558 ipsun
366 3466 537 3550 operandi,
560 3475 593 3525 et
618 3475 733 3526 remote
753 3465 929 3541 sufficiens,
951 3466 1086 3547 quando
1108 3467 1261 3546 proxime
1280 3463 1327 3522 dat

236 3573 420 3662 potentiam
449 3569 567 3630 orandi
595 3568 727 3666 aliudve
751 3568 902 3644 faciendi,
929 3579 972 3645 et,
996 3571 1165 3631 mediante
1192 3568 1327 3630 oratione

234 3681 339 3746 „turon
367 3673 499 3736 stitione
526 3672 659 3752 praevia,
684 3674 869 3751 potentiam
901 3675 1009 3754 ipsum
1038 3671 1149 3735 ac'tum
1181 3665 1326 3734 eliciendi.

233 3789 283 3861 il„
316 3777 432 3844 ‘iratis
462 3775 574 3856 efficax
609 3795 648 3836 ea
685 3786 735 3836 est
773 3778 824 3838 cui
861 3777 1016 3840 voluntas
1047 3778 1089 3839 de
1121 3774 1209 3839 iacto
1240 3774 1326 3837 libere

233 3885 463 3954 ...insusurrare
481 3879 621 3961 proinde
637 3899 767 3960 semper
786 3901 882 3942 suum
907 3881 1037 3943 obtinet
1058 3877 1221 3942 eflectum.
1267 3875 1324 3938 Un·
1379 3927 1380 3930 η

234 3997 352 4064 ,lunum
386 3995 496 4046 rrrrlern
531 3983 621 4044 venit
653 3993 689 4044 ut
719 3984 826 4062 gratia
862 3987 904 4046 sit
940 3985 1068 4058 efficax,
1101 4004 1223 4064 magno
1255 3985 1324 4041 aestu

236 4113 310 4170 mlv.
335 4095 352 4160 'l
368 4089 529 4156 lvrrrristns
554 4095 587 4146 et
611 4085 799 4148 llolinistas
816 4091 1080 4164 controvertitur,
1098 4099 1134 4150 ut
1151 4087 1235 4149 insra
1249 4079 1323 4146 vide·

236 4207 313 4276 ltu·
