2780 4646
241 115 302 166 132
684 122 824 173 CAPUT
842 121 901 172 111.

237 303 271 356 et
292 295 510 377 promissione
535 297 609 373 Dei,
629 318 705 380 quae
729 319 796 362 non
818 300 1031 382 requiruntur
1053 302 1096 364 ad
1121 301 1271 364 meritum
1292 301 1323 361 de

239 417 393 477 congruo.

285 511 351 579 186.
399 513 458 594 (A)
477 513 593 577 Status
613 515 693 589 vioe;
712 515 761 578 ad
777 516 930 579 ueritum
946 516 1131 598 requiritur
1143 525 1182 578 ut
1195 515 1280 578 horu
1291 515 1325 574 sit

238 615 344 678 adhuc
357 615 392 676 in
406 626 495 678 statu
504 617 716 697 probationis,
730 639 784 681 scu
800 619 836 680 in
851 617 941 682 terrd
956 619 1081 700 degens.
1128 618 1260 682 Certum
1278 627 1322 678 est

239 718 289 797 (a)
304 717 420 798 Script.
436 718 603 799 Imprimis
619 717 745 782 direc'le
761 720 918 783 asseritur
934 730 1010 806 post
1026 729 1168 782 mortem
1187 737 1250 781 non
1266 718 1321 779 dari

239 820 343 882 ullum
365 831 498 902 tempus
519 823 687 886 merendi:
711 829 727 855 ‘⁴
742 821 988 904 Quodcumque
1012 821 1120 884 lacere
1142 831 1252 903 potest
1271 840 1324 881 ma·
1373 885 1377 900 η

239 943 301 985 nus
318 934 384 998 tua,
401 924 564 987 instanter
579 945 726 1006 operare,
742 925 820 1006 quia
838 945 898 987 nec
915 944 1009 1006 opus,
1028 945 1088 987 nec
1105 925 1200 997 ratio,
1215 943 1272 985 nec
1285 943 1323 982 sa·
1376 907 1377 914 ἵ

239 1027 372 1107 pientia,
389 1047 449 1089 nec
466 1029 603 1091 scientia
620 1039 717 1091 erunt
733 1029 823 1110 apud
842 1026 964 1090 inferos
976 1028 992 1052 '’
1008 1039 1029 1102 ¹,
1046 1027 1064 1089 i.
1076 1047 1102 1089 e.
1117 1027 1191 1089 loco
1212 1027 1265 1088 ubi
1280 1027 1324 1086 de·
1375 1033 1376 1036 ’

238 1130 362 1210 gebant
378 1130 499 1191 animae
514 1130 709 1210 Judaeorum
727 1141 804 1211 post
820 1140 971 1192 mortem.
1011 1129 1112 1211 Quod
1130 1128 1325 1192 confirmatur

238 1232 359 1295 deinde
387 1233 658 1314 comparatione:
682 1233 746 1297 “Si
774 1233 930 1296 ceciderit
957 1233 1084 1314 lignum
1113 1234 1155 1296 ad
1179 1233 1323 1295 Austrum

238 1343 296 1397 aut
312 1335 354 1397 ad
372 1334 584 1415 Aquilonem,
602 1335 634 1395 in
652 1353 864 1416 quocumque
881 1335 955 1396 loco
976 1335 1141 1410 ceciderit,
1158 1335 1202 1397 ibi
1219 1335 1275 1412 erit
1286 1333 1297 1357 ”
1307 1345 1324 1400 ².

239 1437 257 1499 i.
269 1457 296 1499 e.
309 1437 335 1498 si
352 1435 454 1499 homo
470 1436 626 1498 ceciderit
642 1436 685 1498 ad
703 1447 832 1517 partem
850 1435 1031 1501 electorum
1048 1438 1100 1501 vel
1117 1439 1324 1521 reproborum,

239 1540 284 1601 ibi
308 1538 559 1601 immutabiliter
580 1538 739 1606 manebit.
790 1539 932 1603 Accedit
955 1560 1088 1622 quoque
1112 1541 1323 1604 testimonium

240 1639 362 1705 Christi
374 1640 549 1703 dicentiss:
566 1640 700 1703 “Venit
717 1660 785 1702 nox
800 1643 936 1723 quando
947 1661 1047 1705 nemo
1057 1653 1169 1724 potest
1179 1643 1297 1725 operari
1306 1642 1323 1714 ³¹,

239 1745 395 1826 Jamvero
419 1762 487 1804 nox
511 1742 564 1804 hic
587 1742 753 1823 significat
778 1752 928 1817 mortem,
946 1753 982 1806 ut
1006 1753 1120 1824 aperte
1143 1753 1324 1806 constater

239 1854 410 1909 contextu.
457 1844 557 1927 Quod
590 1845 791 1926 caeteroquin
826 1844 977 1908 Christus
1007 1847 1155 1910 ostendit
1186 1843 1325 1925 exemplo

241 1949 357 2012 Lazari
375 1949 527 2022 mendici,
544 1949 609 2028 qui,
625 1949 739 2010 statim
756 1958 833 2029 post
850 1958 1001 2026 mortem,
1019 1950 1051 2012 in
1068 1951 1178 2013 sinum
1195 1949 1325 2013 Abrahae

240 2052 396 2126 defertur,
408 2059 441 2111 et
457 2049 569 2112 divitis
585 2051 642 2130 qui
659 2050 772 2112 statim
792 2050 823 2112 in
842 2050 970 2112 inferno
986 2051 1145 2130 sepelitur
1156 2066 1177 2116 ⁴.
1217 2053 1324 2116 lterum

241 2155 272 2219 S.
298 2153 419 2216 Paulus
442 2153 568 2215 dicits:
596 2151 796 2215 “Statutum
824 2163 874 2214 est
903 2152 1094 2216 hominibus
1122 2155 1225 2217 semel
1250 2151 1325 2222 mori,

239 2267 315 2340 post
339 2258 401 2319 hoc
425 2266 535 2320 autem
557 2257 719 2338 judicium
733 2256 756 2318 ''.
805 2256 909 2338 Atqui
923 2257 1096 2338 judicium,
1112 2261 1182 2323 sive
1198 2259 1324 2341 particu·
1370 2246 1376 2293 t

239 2362 315 2434 lare,
331 2360 399 2420 sive
415 2360 569 2440 generale
587 2360 705 2441 (quum
729 2359 894 2440 posterius
918 2360 998 2423 nihil
1023 2362 1114 2425 aliud
1138 2363 1201 2426 nisi
1226 2361 1325 2444 prioris

240 2462 466 2526 manifestatio
493 2463 548 2538 sit)
578 2461 677 2524 finem
707 2463 914 2545 probationis
942 2463 1110 2545 importat,
1138 2485 1177 2528 ac
1205 2463 1325 2546 proinde
1373 2476 1379 2526 ἱ

241 2567 327 2629 illius
351 2566 510 2646 temporis
534 2585 592 2647 per
615 2566 705 2646 quod
730 2566 847 2628 mereri
874 2575 932 2627 aut
957 2565 1118 2629 demereri
1146 2584 1326 2648 possumus;

240 2689 316 2752 quae
334 2669 469 2749 quidem
494 2669 724 2750 interpretatio
745 2667 962 2730 ¹confirmatur
985 2669 1052 2731 alio
1075 2669 1174 2732 loco⁶
1191 2670 1224 2734 S.
1242 2667 1326 2734 Pauli,
1377 2665 1378 2744 i

241 2775 296 2836 ubi
313 2772 456 2835 dicitur:
479 2771 638 2836 “Omnes
654 2793 715 2835 nos
733 2772 936 2834 manifestari
953 2783 1086 2853 oportet
1102 2784 1182 2837 ante
1198 2770 1324 2836 tribunal
1376 2809 1377 2852 ,

242 2878 373 2951 Christi,
384 2886 420 2939 ut
433 2877 551 2938 referat
565 2877 792 2957 unusquisque
805 2876 939 2956 propria
955 2876 1098 2957 corporis
1112 2875 1126 2900 ”
1144 2876 1162 2938 i.
1175 2896 1202 2939 e.
1215 2897 1253 2939 ea
1267 2892 1326 2956 qua

242 2983 274 3044 in
292 3001 438 3062 corpore,
454 3001 510 3042 seu
528 2980 668 3042 durante
684 2981 753 3042 vita
770 2979 912 3053 mortali,
929 2976 1061 3060 peracta
1078 2989 1162 3041 sunt.

242 3083 292 3165 (b)
315 3083 344 3144 T
342 3082 437 3143 rudit.
454 3103 496 3145 sc.
513 3103 557 3144 ex
574 3083 722 3144 unanimi
742 3084 877 3144 Patrum
895 3091 927 3144 et
944 3080 1176 3162 theologorum
1193 3081 1326 3144 omniun

242 3181 426 3244 scholarum
445 3199 616 3254 consensu,
629 3181 684 3261 qui
702 3201 834 3260 semper
849 3179 911 3241 hoc
928 3179 1113 3242 docuerunt
1129 3191 1167 3242 ut
1184 3199 1280 3242 unam
1295 3194 1327 3237 ex

242 3283 405 3366 primariis
422 3283 617 3345 veritatibus
633 3306 639 3344 :
664 3284 710 3345 ita
726 3305 753 3344 v.
767 3303 796 3364 g.
816 3281 850 3345 S.
865 3283 1109 3361 Hieronymust
1120 3307 1132 3346 ,·
1155 3283 1328 3346 “Viventes

243 3396 382 3469 possunt
399 3386 487 3448 bona
504 3407 604 3468 opera
621 3396 819 3466 perpetrare,
836 3387 958 3448 mortui
975 3407 1054 3449 vero
1076 3385 1156 3448 nihil
1174 3386 1283 3448 valent
1297 3379 1328 3442 ad

243 3491 275 3552 id
293 3489 434 3569 adjicere
451 3490 540 3569 quod
558 3489 661 3550 semel
679 3509 791 3552 secum
817 3489 921 3551 tulere
945 3490 987 3551 de
1010 3490 1063 3550 via
1077 3489 1100 3551 ''.
1148 3489 1226 3552 Huc
1246 3487 1328 3550 etiam

244 3593 410 3674 pertinent
427 3609 517 3672 saepe
533 3593 683 3672 repetitae
701 3593 954 3655 exhortationes
971 3593 1013 3654 ad
1032 3591 1115 3653 bene
1131 3590 1294 3673 agendum
1305 3588 1328 3647 in

244 3694 398 3774 praesenti
416 3695 492 3768 viti,
509 3715 549 3756 eo
566 3697 643 3775 quia
661 3705 736 3776 post
754 3706 895 3774 mortem
913 3696 1005 3758 nulla¹
1020 3705 1070 3757 est
1087 3696 1278 3778 redemptio.

244 3795 293 3875 (c)
323 3795 464 3856 Ratroue
492 3797 722 3858 conrum'enlice
771 3797 915 3860 Necesse
946 3808 996 3860 est
1027 3798 1115 3859 enim
1148 3807 1185 3860 ut
1216 3809 1330 3875 tempus

245 3898 458 3978 probationis,
486 3919 544 3980 per
571 3901 660 3980 quod
687 3900 789 3962 homo
816 3903 931 3963 mereri
961 3900 1011 3963 vel
1039 3900 1201 3964 demereri
1229 3903 1330 3981 potest.

434 4043 558 4052 -——-—.
568 4047 633 4052 —
859 4045 865 4050 .
874 4045 995 4050 ——..-

284 4109 288 4130 ¹
302 4105 402 4158 Eccles.
419 4106 468 4168 lX,
481 4121 518 4158 10.
530 4136 563 4143 —
577 4105 698 4160 ⁴·'Ecrlce
710 4109 762 4172 Xl,
775 4123 800 4176 3.
813 4139 844 4145 —
855 4105 934 4175 ³J0a.
953 4107 1002 4172 IX,
1019 4127 1044 4174 4.
1061 4137 1095 4144 —
1108 4105 1117 4135 ⁴
1131 4105 1327 4169 Luc.xv1,:2.

354 4191 391 4242 ὴν.
411 4190 459 4256 lX,
475 4203 516 4256 27.
534 4221 564 4228 —
578 4191 588 4220 ‘³
601 4193 636 4244 II
648 4193 708 4247 Cer.
727 4195 760 4260 V,
782 4209 818 4246 to.
833 4192 889 4231 -7
905 4196 937 4246 ln
953 4191 1062 4246 Eccles,
1082 4194 1133 4259 lx,
1146 4209 1170 4258 4.
1312 4195 1316 4206 '
