2794 4662
261 194 331 244 aaa
541 193 596 242 nn
614 191 698 243 ono
715 173 1104 244 nomunculi-roura.¹

271 309 399 316 ——ffl

260 372 383 435 deinde
411 373 548 454 eosqui
573 373 725 444 vi'vimus,
748 373 805 454 qui
831 372 1054 453 relinquimur,
1077 369 1175 432 simul
1204 369 1361 449 rapiemur

262 496 338 538 cum
361 475 424 538 illis
447 477 479 538 in
499 477 643 539 nubibus
666 477 798 538 obviam
823 476 956 539 Christo
979 476 1012 537 in
1036 475 1187 548 aera”¹;
1220 471 1362 533 nonnulli

264 579 388 654 Patres,
404 581 586 661 praesertim
610 579 726 654 Graeci‚
742 601 786 642 ex
810 579 862 641 his
885 580 993 642 verbis
1018 577 1135 639 inferre
1155 595 1223 637 non
1240 574 1364 637 dubita-

262 690 381 743 verunt
404 703 461 744 eos
484 683 550 763 qui,
573 691 724 765 tempore
749 683 886 744 secundi
910 683 1073 745 adventus
1098 679 1237 742 Domini
1262 678 1368 739 adhuc

263 783 384 858 vivent,
416 803 481 846 non
513 804 585 846 esse
617 786 814 861 moritur0s;
845 786 934 866 quod
966 782 1166 847 confirmant
1196 802 1242 844 ex
1276 791 1366 841 textu

263 906 374 966 graeco
394 887 417 948 Ι
438 886 503 951 Cor.
527 887 604 963 XV,
631 903 679 967 51,
701 888 757 950 ubi
783 889 927 968 legitur:
955 886 1111 952 “Omnes
1138 885 1278 966 quidem
1308 903 1367 943 non

264 991 452 1065 moriemur,
482 993 540 1054 sed
579 1011 697 1055 omnes
736 992 989 1055 immutabimur
1001 993 1038 1067 ”3
1076 989 1227 1072 plerique
1259 999 1367 1050 tamen

264 1091 429 1174 Theologi
453 1102 571 1155 tenent
594 1095 680 1174 ipsos
704 1113 777 1156 esse
797 1095 974 1156 morituros
990 1103 1023 1155 et
1040 1092 1154 1155 statim
1172 1087 1369 1153 resurretlu-

155 1185 159 1193 ’
265 1214 339 1272 ros;
364 1215 414 1257 res
432 1195 556 1258 incerta
573 1205 694 1260 manet.

307 1330 336 1396 5.
386 1317 450 1405 (C)
479 1320 615 1402 Tempus
639 1321 754 1383 mortis
782 1321 920 1383 omnino
943 1323 1098 1384 incertum
1120 1331 1174 1398 est,
1202 1326 1271 1383 “ut
1295 1319 1369 1382 dum

266 1421 355 1484 illam
373 1423 554 1503 praevidere
572 1444 636 1486 non
655 1443 841 1505 possumus,
857 1425 903 1487 ait
921 1423 956 1486 S.
972 1423 1148 1504 Gregorius
1163 1423 1270 1502 (hom.
1285 1422 1369 1484 Xlll

266 1525 299 1586 in
319 1525 468 1606 Evang.),
485 1525 527 1588 ad
548 1525 637 1590 illam
660 1528 732 1589 sine
757 1527 1000 1590 intermissione
1023 1545 1252 1608 praeparemur
1263 1527 1303 1602 ”;
1329 1527 1369 1585 sic

266 1627 418 1692 homines
434 1631 631 1713 alpeccandi
655 1629 792 1692 libidine
815 1641 848 1693 et
873 1631 1115 1712 impoenitentia
1132 1628 1369 1692 relraenantur:

265 1737 283 1764 ‘⁴
297 1731 455 1811 Vigilate,
468 1733 545 1814 quia
562 1733 696 1796 nescitis
711 1733 809 1808 diem,
827 1753 934 1814 neque
949 1733 1064 1795 horam
1079 1733 1094 1758 '’
1106 1745 1127 1794 ².
1176 1731 1273 1794 Mors
1289 1733 1368 1792 enim

267 1835 368 1897 statui
385 1835 447 1896 viae
464 1835 563 1898 finem
582 1836 733 1917 imponit,
749 1854 809 1896 nec
834 1845 910 1915 post
934 1846 1074 1900 mortem
1092 1837 1192 1898 datur
1209 1837 1369 1916 poeniten-

267 1937 323 1998 tiae
351 1947 409 1998 aut
440 1939 548 2000 meriti
577 1938 676 2012 locus,
704 1947 742 1999 ut
766 1937 836 2016 jam
863 1935 990 2001 dictum
1018 1949 1069 2001 est
1095 1939 1152 2000 ubi
1180 1939 1225 2000 de
1255 1937 1368 2000 Gralirl

268 2035 313 2115 (n.
343 2037 425 2116 186),
449 2047 482 2099 et
507 2037 623 2099 melius
647 2037 815 2099 constabit
842 2037 897 2097 ubi
920 2038 963 2099 de
988 2038 1175 2101 aeternitate
1197 2057 1367 2117 poenarum

268 2135 393 2198 inferni.
440 2137 528 2199 Tota
546 2137 646 2217 igitur
661 2139 730 2199 vita
752 2139 922 2207 christiani
944 2140 1088 2202 hominis
1107 2141 1312 2222 praeparatio
1331 2141 1367 2200 ad

268 2249 409 2301 mortem
427 2259 499 2301 esse
516 2239 623 2302 debet.
1395 2245 1396 2310 l

310 2362 338 2427 ὁ.
386 2377 422 2426 20
434 2364 485 2427 De
486 2365 615 2446 siedr'cio
620 2366 829 2445 particulari.
868 2366 926 2448 (A)
939 2369 968 2430 A
975 2369 1074 2444 nima,
1083 2369 1197 2431 statim
1203 2381 1284 2450 post
1294 2391 1366 2430 inrer-

268 2479 339 2542 tem,
339 2468 506 2548 Jiidicium
521 2467 615 2542 subit,
627 2489 688 2548 quo
694 2471 817 2548 fretum
829 2472 898 2551 eliis
911 2491 996 2532 nrors
1010 2471 1257 2533 determinatur.
1299 2472 1365 2536 Cer·
1394 2503 1395 2547 l

267 2581 339 2633 tum
356 2580 406 2634 est
422 2581 537 2634 contra
553 2571 717 2653 quosdam
734 2573 889 2653 antiquos
906 2573 1088 2648 haereticOS,
1099 2583 1136 2636 ut
1154 2574 1185 2636 T
1181 2575 1333 2637 alianum
1344 2587 1367 2634 et

278 2673 504 2754 Vigilantiam,
520 2685 554 2737 ct
572 2675 735 2756 quosdam
759 2677 945 2751 modernos
962 2688 999 2738 ut
1016 2677 1200 2739 Letherum
1217 2689 1250 2740 et
1267 2677 1365 2742 Cairi-

269 2798 356 2852 niem,
372 2777 428 2858 qui
451 2779 635 2841 docuerunt
660 2787 782 2840 sortem
806 2779 991 2842 animarum
1011 2801 1116 2860 usque
1140 2783 1183 2842 ad
1208 2781 1301 2843 diem
1317 2801 1365 2842 es:-

267 2881 364 2942 tremi
388 2879 504 2960 judicii
532 2881 563 2942 in
594 2882 720 2943 incerto
748 2882 895 2964 relinqui.
951 2883 1085 2946 Etenim
1114 2883 1164 2964 (a)
1192 2883 1364 2965 Scriptura.

266 2984 374 3064 justos
399 3003 533 3046 monere
556 2985 669 3047 volens
693 3005 734 3046 ne
757 2985 1012 3065 desponderent,
1037 2985 1232 3050 felicitatem
1259 2988 1364 3068 impio
1392 2989 1393 3021 l

269 3107 341 3148 rum
366 3089 541 3162 cernendo,
565 3108 621 3149 eos
645 3088 691 3149 sic
715 3087 933 3169 alloquiturs:
960 3094 976 3120 “
991 3088 1028 3150 ln
1056 3089 1111 3150 die
1134 3089 1312 3164 bonorum,
1332 3109 1365 3150 ne

269 3189 445 3250 immemor
461 3191 505 3250 sis
524 3191 696 3264 malorum,
713 3199 746 3252 et
770 3191 802 3251 in
827 3191 882 3252 die
899 3191 1060 3253 malorum
1079 3209 1121 3252 ne
1137 3190 1317 3254 immemor
1330 3192 1364 3252 sis

270 3293 453 3354 bonorum:
476 3294 634 3374 quoniam
643 3293 745 3372 facile
759 3303 806 3354 est
819 3313 925 3355 coram
941 3293 1018 3368 Deo,
1034 3294 1067 3354 in
1090 3293 1144 3353 die
1162 3293 1271 3355 obitus
1286 3295 1364 3355 retn'·

269 3397 369 3458 buere
392 3396 570 3476 unicuique
593 3396 776 3458 secundum
801 3395 870 3458 vias
894 3417 969 3458 suas
981 3397 1020 3473 ”3
1041 3394 1193 3474 jamvero
1207 3397 1313 3473 sacr'le
1329 3403 1366 3456 est
1390 3405 1391 3493 p

269 3498 322 3559 hic
340 3518 403 3559 non
423 3500 547 3560 nudam
572 3497 829 3578 possibilitatem
852 3499 1020 3579 exprimit,
1037 3498 1095 3561 sed
1112 3499 1227 3579 potius
1234 3501 1363 3578 salium„

269 3602 358 3681 quod
383 3601 507 3663 nullam
531 3601 761 3664 difficultatem
786 3603 918 3683 patitur,
934 3613 971 3666 ut
986 3622 1030 3664 ex
1046 3603 1219 3664 communi
1240 3604 1362 3665 Patrun

271 3704 542 3785 interpretatione
558 3702 668 3784 colligi
690 3712 808 3784 potest.
855 3704 1078 3768 Confirmatur
1093 3723 1138 3764 ex
1156 3705 1317 3785 parabola
1332 3707 1363 3766 de
1388 3777 1389 3780 Ἴ

270 3811 411 3888 epulone
436 3809 539 3870 divite
559 3833 565 3870 :
601 3808 769 3871 “Faetum
795 3817 904 3870 estut
928 3817 1110 3869 moreretur
1136 3808 1319 3881 mendicus,
1339 3817 1362 3866 et

306 4029 346 4080 1Ι
361 4030 480 4080 Thessal.
497 4030 546 4090 lV,
566 4029 615 4092 163
635 4029 682 4082 cir.
703 4031 739 4080 ΙΙ
758 4031 827 4081 Tim.
851 4029 899 4093 lv,
915 4045 936 4080 1.
974 4028 1047 4082 Vide
1059 4028 1094 4080 P.
1109 4029 1148 4080 A.
1163 4029 1305 4096 Delam,
1318 4027 1360 4082 Rt·

271 4131 323 4166 vue
338 4115 503 4184 Catholique
516 4116 591 4168 maio
604 4127 630 4169 et
641 4117 721 4184 junio
737 4117 814 4179 1881;
835 4115 945 4184 Corluy,
962 4131 1006 4182 op.
1020 4115 1065 4170 cit.
1079 4115 1134 4168 vol.
1154 4117 1194 4182 ΙΙ,
1208 4133 1235 4184 p.
1250 4131 1301 4184 332
1314 4133 1346 4184 sq.
1387 4163 1388 4203 p

306 4199 414 4252 ²Matt.
432 4201 522 4264 XXV,
538 4218 587 4269 133
607 4203 640 4254 cl.
655 4199 723 4255 Luc.
741 4203 810 4265 Xll,
826 4218 868 4268 40.

307 4290 316 4320 ³
330 4281 418 4344 Eccli.
433 4285 484 4351 XI,
499 4288 586 4349 27-28.
793 4295 795 4302 '
1069 4347 1071 4350 ,

1380 4463 1386 4624 l
