2794 4662
480 207 536 256 DE
553 206 725 256 ORDINE.
1091 205 1152 254 617

89 400 143 467 45.
189 399 227 464 4⁰
250 387 370 469 Quoad
395 389 566 450 materiam
590 397 624 449 et
647 386 787 448 sormam
811 387 1030 467 episcopatus
1055 373 1151 448 adest

45 491 296 554 controversia:
323 491 377 554 aiii
398 510 472 554 eam
492 499 657 573 reponunt
674 491 707 552 in
724 489 936 570 impositione
952 488 1024 550 libri
1043 488 1151 550 Evan-

45 592 127 673 gelii
145 613 244 675 supra
260 605 360 676 caput
377 593 610 669 consecrandi,
626 593 680 654 alii
703 593 735 654 in
755 593 967 674 impositione
984 611 1149 669 manuum,

46 693 106 755 aiii
123 695 156 756 in
174 701 313 777 utraque
329 697 447 760 simul:
464 699 505 759 de
521 701 586 778 qua
603 697 690 758 idem
707 696 772 757 dici
788 695 888 757 debet
905 715 943 756 ac
959 697 1001 756 de
1017 694 1149 775 presby-

48 807 168 860 teratu.

92 905 145 982 46.
194 921 228 988 5⁰
252 910 430 991 I'raecipuae
456 909 594 971 virtutes
620 908 662 970 ab
690 907 859 988 Episcopo
881 906 1038 979 colendae,
1062 905 1151 967 hisce

49 1008 256 1073 Pontificaiis
271 1012 380 1074 verbis
399 1013 629 1074 continentur:
653 1016 669 1042 “
681 1010 844 1072 Abundet
860 1011 892 1070 in
909 1029 948 1070 eo
964 1009 1151 1070 constantia

47 1109 140 1187 fidei,
155 1115 280 1194 puritas
296 1113 491 1192 diledtionis,
503 1115 672 1176 sinceritas
688 1115 786 1193 pacis
833 1111 908 1176 Sint
924 1111 1063 1193 speciosi
1081 1131 1150 1172 mu-

48 1233 131 1276 nere
147 1225 205 1278 tuo
220 1218 322 1298 pedes
342 1217 413 1298 ejus
431 1219 473 1280 ad
495 1217 791 1297 evangelizandum
811 1235 938 1296 pacem,
953 1212 996 1275 ad
1011 1233 1150 1294 cvange-

47 1316 221 1381 lizandum
238 1319 326 1382 bona
341 1329 448 1383 tua...
496 1319 548 1384 Sit
569 1317 792 1382 sollicitudine
812 1317 960 1398 impiger,
976 1316 1019 1378 sit
1034 1317 1150 1396 spiritu

49 1416 192 1494 fervens,
213 1423 320 1484 oderit
346 1417 543 1504 superbiam,
565 1421 786 1484 humilitatem
814 1439 852 1482 ac
878 1420 1051 1482 veritatem
1078 1418 1151 1480 diii-

49 1530 119 1600 gat‚
143 1543 251 1604 neque
269 1544 343 1586 eam
367 1545 512 1606 unquam
535 1526 679 1596 deserat,
699 1535 757 1587 aut
781 1524 933 1586 laudibus
954 1533 1011 1585 aut
1032 1524 1150 1584 timore

49 1635 227 1708 superatus
237 1627 261 1689 ”.

218 1785 397 1829 APPENotx:
418 1789 460 1828 ott
479 1787 752 1830 ORDINATIONIBUS
771 1787 963 1830 ANGLICANiS
973 1789 988 1828 ¹.

86 1912 128 1969 47.
168 1903 269 1961 Status
290 1905 460 1976 questionis.
502 1905 593 1963 Initio
612 1905 758 1976 anglicani
779 1904 945 1961 schismatis
965 1907 1071 1974 (uss-¹
1079 1905 1148 1976 547),

52 1985 211 2046 Catholica
219 1991 417 2050 ordinationis
430 1991 524 2049 forma
537 2001 651 2049 retenta
664 1992 766 2059 fuerat,
779 1990 907 2061 ideoque
927 2008 961 2047 ex
978 1989 1036 2046 hoc
1055 1989 1151 2061 capite

52 2075 183 2143 ordines,
213 2087 284 2136 tunc
314 2080 455 2152 temporis
486 2079 594 2146 collati,
621 2079 709 2137 validi
734 2090 824 2136 erant.
866 2078 1028 2148 Instigante
1052 2087 1150 2133 autem

54 2163 208 2235 Cramner,
238 2183 331 2224 novus
357 2167 445 2239 plane
476 2167 547 2225 ritus
578 2166 733 2225 ordinibus
763 2165 852 2223 sacris
876 2163 1072 2233 conserendis,
1095 2163 1151 2221 sub

51 2249 199 2309 Eduardo
214 2253 266 2322 VI,
281 2254 333 2311 fuit
353 2254 472 2328 publice
492 2254 641 2325 inductus,
659 2254 687 2310 in
701 2271 762 2325 quo
775 2250 875 2310 onmia
893 2251 992 2309 deleta
1003 2259 1072 2308 sunt
1085 2268 1151 2322 quae

48 2351 231 2410 potestatem
251 2345 445 2404 consecrandi
465 2341 680 2400 Eucharistiam
700 2339 835 2412 speciant
846 2359 853 2408 ;
872 2339 985 2396 retentat
1003 2337 1150 2408 siquidem
1186 2391 1189 2398 .

48 2425 245 2498 impositione
262 2434 374 2502 mantis,
392 2432 485 2488 forma
503 2430 532 2486 in
550 2426 737 2486 ordinatione
755 2423 915 2497 presbyteri
931 2423 1073 2492 adhibita,
1087 2423 1150 2480 haec

47 2525 113 2572 est:
137 2515 275 2589 “Accipe
294 2517 435 2590 Spiritum
455 2517 483 2574 S.
500 2515 636 2588 Quorum
656 2513 799 2572 remiseris
819 2522 949 2585 peccata,
964 2512 1152 2570 remittuntur

46 2601 91 2658 eis
104 2621 112 2672 ;
137 2610 168 2659 et
192 2621 318 2675 quorum
344 2603 506 2672 retinueris,
526 2613 640 2660 retenta
663 2612 740 2657 sunt.
778 2600 824 2657 Sis
845 2598 941 2657 fidelis
965 2598 1151 2671 dispensator

46 2685 134 2743 verbi
150 2687 206 2744 Dei
220 2697 249 2746 et
262 2689 430 2747 sanctorum
443 2701 694 2748 sacramentorum
705 2690 769 2760 ejus
779 2688 802 2744 ’'.
841 2687 948 2744 Forma
958 2677 1151 2744 ordinationis

45 2772 231 2846 episcopalis
252 2775 297 2832 his
319 2778 488 2835 continetur
509 2777 621 2835 verbis:
648 2775 787 2847 “Accipe
810 2775 950 2846 Spiritum
973 2774 1015 2844 S.;
1044 2785 1072 2831 et
1091 2792 1150 2832 me·

46 2873 156 2919 mento
172 2872 205 2920 ut
223 2865 378 2923 resuscites
394 2865 516 2936 gratiam
538 2866 602 2933 Dei,
616 2883 683 2936 quae
702 2875 745 2922 est
765 2865 793 2919 in
812 2875 840 2920 te
859 2881 912 2935 per
930 2862 1149 2934 impositionem

80 3003 839 3016 ——--——-————----—--———-—-—---—
856 3001 1001 3008 ----—-
1023 3001 1029 3005 ⁴
1067 3001 1070 3005 ·

85 3077 94 3108 ¹
109 3082 226 3134 lr'enlde
244 3082 313 3148 Vor's,
327 3083 514 3152 Justihcation
529 3082 565 3136 de
578 3081 694 3149 l’Eglise
709 3079 847 3133 Romame
861 3095 908 3132 sur
921 3079 947 3131 11
961 3078 1150 3132 1έο1111111ῑὶ011

46 3168 102 3221 des
115 3167 236 3236 Anglois
248 3169 425 3238 episcopaux,
443 3171 526 3236 Paris,
544 3169 624 3236 17183
643 3166 752 3219 Mr'chel
762 3166 802 3217 Le
816 3167 916 3231 Qur'en,
926 3164 1032 3218 Nuttite
1045 3165 1094 3219 des
1108 3182 1150 3218 or·

47 3253 195 3308 dinations
213 3255 383 3323 anglicanos,
404 3257 489 3324 Paris,
516 3267 600 3323 1725;
632 3253 753 3318 Fennell‚
774 3251 908 3308 Memoire
926 3269 973 3305 sur
992 3252 1018 3305 la
1037 3253 1150 3306 validite

48 3340 102 3393 des
115 3339 291 3394 ordinations
304 3341 354 3396 des
367 3345 494 3410 Anglois,
511 3341 597 3406 Paris,
615 3341 695 3407 1726;
707 3341 738 3408 J.
753 3339 916 3406 Hardvur'n,
934 3340 961 3394 S.
979 3341 1014 3404 1,,
1032 3341 1071 3392 La
1087 3340 1149 3393 Dis.

49 3425 187 3481 sertation
200 3428 237 3481 du
252 3430 282 3482 P.
296 3429 334 3481 Le
349 3432 489 3498 Courayer
502 3446 549 3482 sur
562 3429 589 3481 11
602 3427 762 3481 suceession
777 3427 827 3480 des
839 3427 890 3479 Ev.
903 3427 1010 3494 anglois
1023 3437 1051 3480 et
1065 3443 1111 3480 sur
1124 3427 1150 3480 11

49 3514 166 3568 1111111116
180 3516 230 3571 des
243 3518 417 3574 ordinatione
430 3515 602 3584 anglicanes,
614 3513 729 3574 refutes,
747 3513 834 3576 Paris,
854 3526 935 3581 1724;
955 3513 991 3564 E.
1007 3513 1149 3579 Estcourt,
1169 3509 1173 3532 ⁸

49 3601 114 3654 The
129 3601 266 3668 Question
278 3605 310 3658 01
319 3604 458 3673 Angiican
474 3602 654 3656 Ordinations
667 3600 823 3662 discussed,
841 3598 967 3665 London‚
985 3599 1061 3667 1873;
1082 3601 1150 3652 Gas-

43 3689 142 3757 parrr',
157 3689 202 3743 De
219 3689 247 3744 la
265 3692 360 3745 valeur
378 3691 429 3745 des
447 3687 630 3742 Ordinations
643 3690 823 3757 Anglicanes,
841 3689 926 3756 Paris,
947 3689 1031 3758 1895;
1051 3691 1148 3759 Lacey·

49 3774 159 3842 Puller,
175 3777 221 3831 De
234 3777 277 3831 Re
288 3778 457 3846 Anglicana;
472 3776 581 3844 Sydney
595 3775 696 3842 Smillr,
709 3778 837 3830 Reasons
851 3776 892 3828 for
905 3773 1041 3844 rejediing
1053 3777 1150 3844 Angli·

50 3877 105 3914 can
126 3863 231 3917 Orders
242 3881 250 3932 ;
279 3865 336 3918 The
359 3865 462 3930 Tablet,
482 3863 534 3916 vol.
560 3864 660 3929 45-46;
687 3862 794 3916 Civr'ltd
821 3859 968 3928 Cattolr'ca,
989 3863 1042 3916 vol.
1062 3862 1146 3930 Vili,

51 3950 157 4017 Quadr.
181 3965 346 4020 1113·1114;
368 3951 431 4005 The
449 3964 562 4004 sources
581 3948 612 4001 oi
628 3950 675 4003 the
696 3950 768 4011 Bull,
789 3951 826 4018 by
845 3951 878 4002 T.
900 3951 934 4003 A.
959 3950 1050 4017 Lacey
1061 3967 1069 4018 ;
1088 3951 1150 4004 The

52 4036 149 4104 Policy
158 4037 190 4090 oi
200 4037 247 4091 the
258 4039 330 4103 Bull,
339 4038 377 4106 by
390 4037 561 4099 Catholicus,
572 4051 616 4102 ap.
630 4035 847 4104 Contemporary
857 4036 979 4100 Revr'ew,
992 4037 1058 4089 Dec.
1074 4037 1151 4103 1896;

49 4139 115 4191 quae
127 4123 191 4176 duae
204 4125 371 4190 posteriores
381 4123 591 4177 dissertationes
602 4122 781 4177 confutantur
790 4140 807 4176 a
817 4124 850 4177 P.
865 4123 976 4192 Sydney
985 4123 1089 4186 Smitlr,
1102 4140 1147 4193 ap.

51 4210 408 4279 Contemp.Rev1'ew‚Jan.
431 4211 508 4277 1897,
529 4219 557 4263 et
575 4210 694 4275 Brundi,
715 4210 741 4261 A
762 4210 829 4276 Last
848 4207 937 4262 Word
956 4225 992 4262 on
1011 4209 1148 4277 Anglican

49 4296 240 4360 Ordinations,
256 4298 326 4350 New
339 4297 425 4350 York.
441 4297 514 4362 1897.
