2776 4644
359 168 416 218 DE
434 168 594 218 annm
614 166 810 219 acclini-1.

195 350 196 358 Ι
314 373 345 422 10
362 359 482 438 Quoad
485 369 665 443 peccatores
678 379 866 422 communes.
974 353 976 360 ’

75 481 122 558 7&
171 485 268 542 rhesis
280 510 291 543 .·
311 483 488 548 Omnibus
510 481 760 562 peccatoribus
778 479 1029 546 communibus
1050 477 1137 541 dan·

40 583 94 641 tur
106 579 235 658 gratiae
249 580 381 664 saitem
401 585 542 644 remote
563 579 795 656 sufficientes,
812 582 854 641 ut
867 576 1008 656 possint
1028 573 1135 654 poeni-

41 676 187 740 tentiam
201 695 321 757 agere.
361 679 497 744 Certum
511 688 608 741 estet
621 677 697 740 fidei
710 677 910 759 proximum.
948 672 1008 756 (A)
1020 675 1136 757 Script.

41 778 85 859 (a)
98 781 191 843 Deus
207 783 296 844 enim
313 791 410 844 vocat
425 801 542 844 omnes
559 791 749 863 peccatores
762 781 803 842 ad
817 779 1049 861 poenitentiam
1066 779 1136 840 sine

41 881 100 942 ulla
115 885 337 965 exceptione:
361 890 377 918 ‘⁴
388 883 629 949 Convertimini
654 882 871 963 unusquisque
886 901 905 942 a
920 880 975 943 via
988 885 1047 942 sui
1063 900 1137 962 pes-

41 983 142 1044 sima”
156 997 191 1062 1;
217 987 338 1049 “Deus
362 987 527 1068 patienter
553 986 632 1067 agit,
659 984 767 1048 nolens
790 983 917 1064 aliquos
934 983 1051 1063 perire,
1077 985 1135 1046 sed

40 1105 141 1148 onmes
155 1089 200 1150 ad
221 1089 456 1170 poenitentiam
474 1089 590 1152 reverti
604 1087 666 1164 ’'²;
688 1087 780 1168 atqui
801 1086 856 1148 illa
875 1085 1028 1148 invitatio
1046 1107 1138 1148 mera

42 1187 138 1250 irrisio
159 1201 248 1253 esset
272 1192 299 1253 si
320 1192 413 1254 Deus
434 1189 532 1254 simul
552 1211 617 1254 non
640 1191 734 1252 daret
747 1189 897 1270 -gratiam
918 1189 1135 1251 necessariam

41 1291 76 1351 ad
92 1293 348 1372 poenitendum;
368 1304 482 1375 'ergo³.

78 1393 127 1476 (b)
144 1395 289 1477 Insuper
305 1396 456 1462 Christus
472 1417 632 1478 expresse
646 1397 715 1460 ait:
734 1395 841 1458 “Non
865 1384 966 1477 egent
984 1397 1040 1477 qui
1065 1397 1136 1458 sani

41 1507 110 1559 sunt
126 1500 270 1576 medic0,
285 1500 344 1563 sed
360 1502 417 1582 qui
435 1500 522 1563 male
537 1501 683 1577 habent;
706 1520 772 1562 non
794 1500 869 1562 veni
889 1520 1007 1564 vocare
1019 1499 1137 1581 justos,

42 1597 92 1660 sed
107 1612 303 1681 peccatores
319 1604 361 1665 ad
378 1604 612 1684 poenitentiam
624 1603 684 1680 ’'4;
707 1612 740 1666 et
765 1603 899 1684 insuper
914 1622 951 1664 se
964 1612 1137 1684 comparat

43 1698 122 1762 bono
143 1704 272 1783 pastori
291 1705 347 1785 qui
369 1706 463 1769 vadit
485 1706 526 1768 ad
549 1725 645 1768 ovem
669 1704 843 1786 perditam,
863 1705 970 1768 donec
990 1705 1137 1767 inveniat

43 1820 118 1878 eam,
131 1814 166 1866 et
191 1805 225 1868 in
249 1806 337 1868 ovile
355 1808 530 1882 -reducats,
549 1817 607 1870 aut
627 1805 857 1889 patrifamilias
880 1807 936 1887 qui
959 1808 1136 1888 prodigum

43 1903 178 1987 benigne
205 1909 379 1990 excipit⁶;
403 1911 495 1992 atqui
519 1911 591 1973 haec
616 1911 729 1972 omnia
754 1909 930 1974 manifeste
956 1911 1137 1973 ostendunt

44 2006 144 2074 Deum
172 2012 310 2092 speciali
334 2033 447 2077 amore
471 2023 660 2096 peccatores
684 2013 848 2094 prosequi,
873 2013 986 2094 eisque
1012 2014 1136 2093 gratias

44 2108 143 2192 largiri
159 2115 203 2176 ad
221 2116 462 2195 poenitendum.
1136 2155 1140 2162 =

79 2214 135 2295 (B)
162 2217 263 2280 Trad.
281 2219 454 2300 Siquidem
475 2218 562 2284 Cone.
579 2219 799 2283 Lateranense
812 2217 835 2279 I
842 2217 873 2282 V
883 2217 998 2300 (caput
1013 2218 1137 2282 Firrm'·

45 2319 97 2397 ter)
119 2320 187 2383 ait:
217 2321 280 2384 “Si
305 2331 381 2402 post
407 2323 651 2403 susceptionem
679 2320 837 2402 baptismi
862 2322 1037 2403 quisquam
1062 2343 1137 2405 pro-

46 2416 145 2500 lapsus
170 2423 271 2487 fuerit
295 2425 327 2486 in
351 2435 536 2507 peccatum,
554 2445 614 2506 per
635 2443 747 2486 veram
772 2423 1002 2504 poenitentiam
1025 2435 1136 2506 potest

45 2540 166 2605 semper
181 2527 326 2607 reparari
338 2528 353 2552 '¹
369 2528 543 2608 (Denaing.
556 2548 586 2590 n.
598 2544 615 2606 3
621 2543 635 2606 5
640 2527 674 2606 7)
687 2550 693 2588 :
710 2527 802 2607 atqui
819 2526 961 2608 reparari
978 2547 1043 2589 non
1060 2547 1136 2609 pos·

45 2636 88 2686 set
102 2629 161 2692 nisi
179 2629 244 2711 ipsi
260 2632 396 2693 daretur
410 2632 526 2712 gratia,
542 2653 585 2693 ex
601 2627 699 2692 dictis
715 2650 814 2711 supra
830 2651 838 2706 ;
861 2648 947 2709 erg0.

81 2727 135 2811 (C)
151 2732 230 2794 Καί.
249 2732 279 2794 T
277 2732 353 2796 luol.
392 2733 562 2816 Quamdiu
579 2741 734 2816 peccator
747 2733 837 2808 vivit,
848 2732 936 2794 salus
952 2733 1015 2814 ipsi
1031 2735 1136 2815 possi-

46 2826 110 2892 bilis
125 2843 175 2896 est
189 2857 197 2913 ;
215 2817 291 2896 nam
309 2835 402 2897 Deus
417 2836 489 2900 vult
504 2856 621 2898 omnes
637 2835 789 2897 homines
804 2833 913 2896 salvos
930 2833 1008 2910 fieri,
1019 2846 1053 2899 et
1064 2837 1137 2917 qui·

47 2931 116 2997 libet
132 2945 265 2998 tenetur
280 2939 342 3001 sub
358 2939 449 3018 gravi
467 2937 608 3002 salutem
625 2957 775 3019 sperare;
794 2938 886 3018 atqui
899 2947 1053 3020 peccator
1069 2960 1135 3001 non

46 3045 146 3112 potest
160 3059 239 3101 vere
255 3039 365 3102 salvus
381 3040 459 3115 fieri,
472 3062 533 3103 nec
549 3041 692 3104 salutem
709 3059 840 3122 sperare
852 3040 914 3102 nisi
926 3041 1048 3104 habeat
1064 3064 1137 3124 gra·

47 3135 116 3200 tiam
133 3141 253 3204 saltem
271 3152 397 3204 remote
413 3144 632 3206 sufficientem
649 3144 691 3205 ad
703 3143 942 3223 poenitentiam
957 3165 964 3219 ;
983 3163 1071 3225 ergo.

82 3249 127 3318 79.
166 3243 333 3326 Quaerunt
349 3247 483 3327 insuper
499 3245 645 3326 theologi
662 3255 772 3307 utrum
789 3255 979 3326 peccatores
993 3248 1136 3328 gratiam

48 3346 189 3418 proxime
201 3346 420 3410 sufficientem
434 3349 599 3430 accipiant
612 3349 653 3410 ad
666 3369 751 3411 nova
763 3359 900 3430 peccata
910 3350 1137 3429 praecavenda,

47 3445 90 3504 vel
110 3448 216 3511 solum
241 3446 367 3512 diredie
387 3451 514 3534 gratias
533 3451 766 3525 conversionis
782 3460 816 3512 et
835 3448 993 3513 indIredie
1013 3453 1138 3533 gratias

49 3547 84 3605 ad
98 3552 297 3614 tentationes
313 3551 503 3615 vincendas.
549 3553 752 3616 Probabilior
773 3563 823 3616 est
845 3554 933 3634 prior
952 3556 1138 3632 sententia;

50 3664 115 3712 nam
130 3654 230 3715 etiam
248 3654 358 3735 quoad
374 3665 567 3737 peccatores
583 3675 696 3718 verum
721 3666 771 3718 est
791 3656 902 3717 Deum
920 3656 1137 3737 impossibilia

48 3747 148 3825 jubere
167 3777 234 3818 non
257 3777 364 3838 posse,
381 3760 540 3822 mandata
556 3758 627 3839 ejus
643 3759 756 3840 gravia
773 3777 839 3819 non
857 3777 937 3833 essc,
954 3760 1077 3821 nemini
1094 3762 1136 3823 ad

52 3853 167 3937 cuipam
184 3861 342 3941 imputari
360 3861 392 3924 id
409 3863 499 3943 quod
516 3863 620 3925 vitare
637 3881 703 3923 non
721 3871 840 3943 potest.
889 3861 978 3924 Hinc
998 3861 1030 3925 S.
1048 3861 1137 3924 Tho-

79 4075 85 4098 ¹
92 4067 149 4134 ler.
165 4071 285 4138 XXXV,
302 4085 340 4140 15.
355 4103 389 4112 —
401 4073 412 4104 ⁹
423 4073 545 4127 Jle.
565 4075 620 4141 ΙΙΙ,
637 4089 662 4141 9.

79 4154 136 4208 ³Ci.
150 4158 248 4212 Erech.
266 4159 378 4228 XVIII,
396 4173 440 4225 23;
461 4161 604 4229 XXXIII,
625 4177 663 4214 rr.
677 4181 712 4200 -·
724 4157 735 4185 ⁴
749 4161 814 4216 Luc.
832 4161 863 4224 V,
877 4173 919 4226 32.

81 4239 159 4298 ⁵Luc.
173 4245 235 4312 XV,
248 4260 273 4312 4.
291 4274 324 4284 -
337 4242 348 4274 ⁶
359 4246 426 4302 Luc.
441 4247 505 4314 XV,
523 4263 562 4303 11.
