2808 4664
238 182 299 232 712
514 181 570 230 DE
590 179 672 232 DEO
691 179 1066 234 Rsmuuuusrous.

239 364 444 446 Scriptorum
462 364 640 427 traditione
662 362 944 446 interpretandam
968 381 1057 440 esse;
1079 361 1236 441 jamvero
1251 365 1351 424 “ver-

239 467 302 527 mis
325 485 343 525 a
368 464 481 546 paucis
505 463 635 546 proprie
658 462 827 548 accipitur,
842 462 928 545 ignis
944 482 1021 526 vero
1037 459 1106 522 fere
1120 460 1166 521 ab
1181 459 1351 530 omnibus,

238 577 271 630 et
294 589 314 629 a
338 567 470 628 nemine
491 563 692 647 significatio
715 565 848 647 propria
874 564 960 626 clare
982 573 1016 628 et
1042 562 1167 625 diserte
1193 561 1351 624 excludi-

238 677 292 730 tur
302 666 317 692 ''
330 677 352 742 1,
398 665 488 747 Ergo
504 686 524 727 a
539 665 705 727 sententia
720 665 889 727 communi
911 664 1063 730 recedere
1087 685 1155 727 non
1180 665 1269 738 licet,
1286 665 1350 726 nisi

239 785 324 829 nova
341 764 512 845 solidaque
527 773 725 845 argumenta
741 764 773 825 in
790 765 991 826 contrarium
1009 764 1229 851 proferantur.

279 905 328 969 29.
378 889 447 976 (D)
474 890 567 972 Ignis
591 890 709 952 inferni
732 891 854 954 dicitur
877 892 973 953 realis
995 901 1029 954 et
1053 911 1241 974 corporeus,
1267 912 1349 973 qua-

238 1005 334 1057 tenns
357 1003 409 1056 est
431 1012 534 1073 agens
558 993 738 1069 materiale,
754 995 843 1075 quod
869 1014 935 1056 non
960 994 991 1056 in
1017 1005 1130 1058 mente
1153 995 1265 1057 solum
1291 997 1348 1057 sed

238 1117 350 1160 revera
366 1096 491 1170 existit,
507 1116 688 1178 vemmque
712 1098 967 1160 instrumentum
992 1119 1059 1180 quo
1077 1101 1170 1164 Deus
1188 1100 1348 1181 reprobos

238 1199 355 1281 punit;
379 1199 436 1261 sed
453 1200 496 1262 de
511 1197 582 1279 ejus
599 1197 729 1274 naturd,
745 1199 797 1261 vel
821 1199 863 1262 de
886 1200 977 1264 modo
997 1222 1064 1283 quo
1084 1203 1268 1268 damnatos
1284 1214 1349 1266 tor-

238 1312 318 1386 quet
334 1303 414 1364 nihil
432 1303 464 1364 in
483 1303 655 1384 Scriptura
671 1303 853 1365 revelatur:
877 1302 972 1385 “Qui
993 1305 1088 1386 ignis,
1104 1305 1214 1386 inquit
1230 1307 1263 1368 Α
1269 1327 1349 1386 ugu-

237 1406 375 1479 stinusz
386 1405 582 1486 cujusmodi,
597 1415 630 1467 et
647 1405 679 1466 in
696 1409 762 1486 qua
778 1406 894 1468 mundi
911 1406 961 1468 vel
978 1427 1085 1469 rerum
1104 1417 1199 1487 parto
1216 1407 1349 1470 futurus

238 1509 289 1583 sit,
305 1507 474 1570 hominem
495 1507 576 1569 scire
595 1506 735 1570 arbitror
755 1509 931 1584 neminem,
947 1510 1008 1571 nisi
1032 1508 1117 1573 sorte
1138 1511 1191 1574 cui
1209 1511 1349 1591 spiritus

241 1611 373 1673 divinus
388 1611 535 1673 ostendit
546 1610 571 1672 ''.

238 1720 288 1800 (a)
317 1719 460 1783 Difficile
487 1731 537 1783 est
563 1721 745 1802 praesertim
770 1722 943 1803 concipere
970 1722 1141 1803 quomodo
1168 1724 1269 1805 ignis,
1294 1725 1348 1806 qui

237 1832 372 1903 paratus
395 1833 445 1885 est
468 1823 601 1887 diabolo
625 1833 658 1886 et
682 1824 808 1904 angelis
831 1823 911 1904 ejus,
928 1823 1114 1906 spirituales
1138 1825 1349 1888 substantias

237 1927 343 2006 possit
366 1927 518 1989 cruciare.
566 1926 600 1989 S.
626 1927 857 2006 Augustinuss
880 1926 962 1989 dicit
989 1947 1044 1990 eas
1071 1928 1203 2002 “rrrr'rr's,
1231 1937 1348 1991 tamen

237 2029 324 2091 ueris
347 2030 454 2092 modis
478 2028 579 2112 affligi
591 2031 615 2094 ”.
661 2031 697 2092 S.
721 2030 860 2092 Thomas
882 2031 915 2110 (l.
931 2031 997 2112 cit.)
1014 2052 1080 2094 rem
1106 2033 1153 2093 sic
1176 2033 1349 2114 explicat:

237 2137 253 2165 ‘⁴
268 2131 344 2195 Non
362 2133 463 2214 igitur
478 2134 524 2195 sic
540 2134 775 2196 aestimandum
800 2141 850 2196 est
873 2135 958 2215 quod
977 2134 1174 2197 substantiae
1193 2136 1348 2217 incorpo-

237 2256 301 2298 reae
318 2235 361 2298 ab
376 2237 454 2316 igne
469 2256 628 2317 corporeo
644 2237 712 2318 pati
730 2237 868 2318 possint,
884 2239 972 2318 quod
997 2259 1109 2300 earum
1136 2248 1259 2301 natura
1279 2261 1347 2302 cor·

237 2349 410 2420 rumpatur
437 2357 496 2420 per
520 2339 646 2420 ignem,
670 2340 721 2401 vel
750 2339 915 2414 alteretur,
925 2390 1001 2404 .....
1027 2342 1226 2404 substantiae
1257 2345 1347 2406 enirn

237 2441 439 2523 incorporeae
462 2463 528 2504 non
552 2441 678 2505 habent
701 2451 854 2504 naturam
879 2443 1093 2524 corporalem,
1110 2455 1147 2507 ut
1171 2447 1307 2526 possint
1329 2468 1347 2507 a

237 2544 334 2606 rebus
365 2546 529 2625 corporeis
560 2546 727 2608 immutari
739 2595 813 2608 .....
861 2545 980 2626 Neque
1009 2547 1110 2610 etiam
1139 2558 1253 2629 potest
1282 2549 1347 2611 dici

236 2647 325 2728 quod
344 2648 513 2728 patiantur
528 2647 571 2710 ab
587 2649 663 2729 igne
684 2669 843 2730 corporeo
864 2645 1077 2711 afflictionem
1095 2651 1225 2712 ratione
1242 2651 1346 2714 alicu·

235 2746 288 2828 jus
304 2748 554 2823 contrarietatis,
570 2749 654 2810 sicut
675 2768 814 2829 corpora
830 2757 905 2830 post
922 2746 1195 2812 resurrectionem
1213 2753 1346 2831 patien-

237 2860 298 2924 tur,
309 2851 385 2932 quia
396 2850 592 2913 substantiae
604 2853 806 2933 in'corporeae
819 2871 943 2940 organa
956 2872 1112 2914 sensuum
1127 2873 1195 2915 non
1208 2855 1346 2924 habent,

237 2973 344 3034 neque
357 2953 514 3034 potentiis
531 2955 696 3017 sensitivis
713 2965 858 3017 utuntur.
898 2955 1072 3018 Patiuntur
1088 2957 1190 3036 igitur
1206 2959 1250 3019 ab
1268 2959 1346 3039 igne

271 3157 278 3187 ¹
294 3159 413 3222 Hurler,
430 3176 455 3212 n.
471 3173 529 3228 797.

271 3248 281 3278 '·'
296 3249 340 3301 De
354 3247 435 3300 civit.
455 3246 518 3309 Dei,
535 3248 551 3300 l.
566 3248 629 3314 XX,
642 3265 665 3301 c.
681 3249 720 3300 16.
735 3277 768 3284 —
785 3247 867 3300 lllum
881 3246 974 3314 ignem
989 3263 1005 3297 a
1019 3246 1144 3300 terrestri
1158 3245 1215 3314 igni
1230 3245 1261 3299 in
1276 3248 1347 3300 mul·

235 3335 271 3389 tis
284 3333 450 3387 dissimilem
464 3349 526 3387 esse
539 3333 685 3388 indubium
696 3344 739 3388 est
753 3353 758 3386 :
776 3334 821 3386 bic
835 3332 909 3387 enim
923 3332 1018 3386 un't'et
1031 3332 1177 3398 comburit,
1188 3333 1234 3387 ille
1248 3345 1347 3388 autem

210 3425 213 3442 ¹
235 3422 288 3475 urit
302 3420 424 3490 quidem,
443 3417 492 3473 sed
506 3437 562 3473 non
576 3420 714 3473 comburit
728 3440 733 3484 ;
753 3421 819 3473 hinc
834 3422 907 3473 Min.
919 3420 1005 3472 Felix
1015 3418 1054 3472 ait
1068 3417 1228 3486 (Odiavius,
1240 3437 1268 3473 n.
1278 3421 1327 3490 35)
1341 3441 1346 3475 ;

238 3509 254 3536 “
267 3507 326 3560 lllic
340 3507 453 3576 sapiens
467 3507 540 3575 ignis
553 3508 680 3560 membra
694 3507 747 3560 urit
755 3517 782 3560 et
797 3506 892 3572 reficit,
906 3505 995 3575 carpit
1008 3516 1035 3560 et
1049 3507 1135 3559 nutrit
1146 3507 1167 3560 '’.
1204 3507 1346 3560 Nonnulli

234 3595 366 3664 putarunt
381 3594 475 3662 ignem
489 3593 647 3661 hujusmodi
662 3609 725 3646 esse
738 3593 822 3646 veluti
837 3594 935 3648 febrim
948 3609 981 3646 ex
995 3591 1082 3661 ipsius
1096 3593 1200 3646 animae
1211 3593 1347 3662 despera-

234 3681 310 3734 tione
324 3679 478 3734 orientem:
498 3679 646 3747 “Spiritus
659 3679 735 3733 enim
750 3681 893 3747 reprobus,
906 3679 1027 3732 divisum
1042 3695 1072 3732 se
1085 3679 1186 3733 videns
1199 3697 1217 3731 a
1230 3697 1347 3733 summo

234 3769 317 3834 bono,
335 3767 416 3836 eique
430 3766 642 3819 immutabiliter
658 3765 836 3833 contrarium,
855 3765 947 3834 ignem
967 3765 1033 3820 inde
1052 3766 1191 3834 concipiet
1212 3766 1346 3834 spiritua-

234 3855 298 3922 lem,
316 3871 364 3907 seu
378 3869 502 3906 vermem
516 3853 563 3923 qui
577 3864 702 3907 mentem
716 3854 856 3922 torquebit
874 3864 901 3906 et
920 3853 1088 3921 depascetur
1106 3853 1253 3906 morsibus
1273 3869 1347 3908 sern-

235 3941 381 4008 piternis”.
397 3939 557 4007 (illuminet,
575 3941 672 3994 Theoi.
688 3941 821 4008 Dogmat.
839 3951 856 3994 t.
874 3941 929 4004 lll,
942 3957 967 4008 p.
984 3941 1101 4008 577·78).
1142 3939 1232 3994 Addit
1248 3953 1346 3995 tamen

235 4026 310 4079 idern
324 4024 432 4091 audior,
447 4038 548 4094 praeter
567 4028 640 4079 hanc
660 4027 788 4081 intimam
808 4044 924 4081 causam
937 4026 1062 4095 corporei
1076 4027 1158 4096 ignis,
1176 4029 1267 4082 aliam
1281 4045 1345 4083 esse

234 4113 262 4160 in
277 4122 410 4180 nerpetuo
423 4113 554 4167 conflictu
569 4115 752 4183 reproborum
765 4132 829 4169 cum
843 4115 998 4178 elementis,
1009 4115 1088 4184 juxta
1102 4115 1170 4168 illud
1187 4133 1193 4168 :
1213 4115 1283 4169 “Et
1297 4133 1345 4184 po·

312 4196 332 4250 it
345 4214 408 4250 curn
423 4197 469 4250 illo
482 4200 557 4252 orbis
571 4211 707 4254 terrarum
721 4212 818 4257 contra
832 4201 990 4256 insensatos
1002 4203 1023 4256 ”.
1045 4200 1125 4271 (Sap.
1140 4201 1175 4270 V,
1194 4203 1251 4268 21).

333 4281 436 4336 *civit
454 4283 643 4351 Dei,1.xx1,
661 4304 683 4341 c.
702 4303 740 4341 10.
