2770 4646
263 135 331 186 240
715 136 854 188 CAPUT
871 137 896 188 1.
925 177 927 182 .

262 315 367 394 suerit,
391 316 567 399 praecipuae
591 317 734 380 rationes
759 317 890 381 fuerunt
914 328 950 381 ut
973 319 1019 380 sic
1044 317 1161 380 melius
1184 316 1344 380 modestia

261 419 494 495 consuleretur,
504 429 537 482 ct
550 419 773 496 incommoda,
785 441 861 502 quae
872 422 905 483 in
918 420 1045 502 frigidis
1058 421 1236 503 praesertim
1248 421 1343 500 regio·

262 523 358 586 nibus
374 544 418 585 ex
436 524 647 586 immersione
663 525 821 599 oriuntur,
838 525 1027 588 vitarentur.

305 622 363 703 (C)
378 622 455 684 Rnt.
471 643 555 684 conv.
604 623 833 688 Conveniebat
849 642 929 685 sane
953 632 990 685 ut
1013 632 1252 686 sacramentum
1268 623 1344 683 adeo

262 723 482 784 necessarium
507 743 547 784 co
572 724 673 786 modo
697 725 925 789 institueretur
949 735 985 788 ut
1008 724 1104 788 facile
1130 725 1174 787 ab
1195 723 1342 794 omnibus,

261 827 361 889 etiam
386 827 531 908 parvulis
554 835 589 888 et
616 829 842 906 morientibus,
867 839 900 892 et
927 830 1050 911 ubique
1077 829 1198 910 suscipi
1225 835 1343 910 posset:

260 930 353 1010 atqui
369 930 396 992 si
413 929 579 991 immersio
596 929 638 992 ad
655 933 863 997 validitatem
888 934 1114 1015 requireretur,
1131 933 1224 996 multi
1246 941 1343 994 essent

262 1033 327 1114 qui,
342 1042 479 1114 propter
502 1053 609 1096 rerum
634 1033 801 1115 adjuncta,
818 1037 909 1113 illud,
929 1038 1054 1118 absque
1078 1041 1200 1118 magna
1222 1033 1343 1098 difficul-

261 1145 339 1212 tate,
356 1135 500 1215 recipere
518 1134 714 1215 nequirent:
737 1157 818 1219 ergo
839 1138 958 1200 merito
975 1135 1120 1218 rejicitur
1135 1136 1281 1199 absoluta
1296 1153 1342 1194 ne-

261 1239 396 1300 cessitas
413 1237 642 1312 immersionis,
659 1249 776 1320 utpote
793 1241 921 1322 spiritui
945 1240 1123 1303 christiano
1140 1239 1297 1302 contraria
1311 1255 1343 1298 ac

261 1341 515 1422 pharisaismum
533 1340 693 1403 redolens.

305 1460 351 1524 19.
386 1457 420 1524 3⁰
432 1443 566 1524 Regulce
571 1445 722 1524 praclicce
733 1445 781 1508 ad
790 1448 908 1509 redium
920 1445 1065 1510 mmerioe
1075 1467 1170 1508 usum
1182 1459 1202 1510 ¹.
1234 1443 1286 1525 (A)
1295 1442 1345 1504 Ad

261 1546 474 1621 validitatem,
498 1545 547 1626 (a)
572 1550 658 1627 aqud
676 1547 785 1628 fluere
812 1549 921 1626 debet,
945 1558 981 1611 ut
1008 1545 1195 1629 subjectum
1219 1549 1260 1608 sit
1279 1564 1343 1606 vere

260 1649 433 1725 ablutum;
458 1649 598 1730 proinde
613 1651 640 1710 si
658 1670 725 1711 una
741 1659 871 1714 tantum
889 1651 939 1714 vel
957 1651 1060 1716 altera
1083 1660 1180 1732 gutta
1200 1649 1342 1712 infantem

261 1752 528 1832 tetigerit,‚quia
555 1760 667 1814 tamen
696 1753 844 1830 fluxerit,
869 1755 1057 1836 Baptismus
1083 1753 1204 1816 dubius
1229 1761 1292 1830 est;
1320 1749 1341 1809 si

262 1877 340 1918 vero
368 1867 461 1920 motu
489 1857 584 1937 digiti
616 1856 795 1921 madesadti
824 1861 973 1922 minister
1000 1878 1121 1940 aquam
1149 1859 1182 1920 in
1211 1852 1342 1936 subjetto

262 1961 443 2024 haerentem
461 1960 636 2036 diffundat,
652 1961 875 2025 communiter
899 1971 1051 2023 censetur
1075 1959 1265 2041 Baptismus
1284 1974 1343 2018 esse

263 2064 391 2126 validus
406 2085 413 2141 ;
436 2065 488 2144 (b)
504 2084 591 2144 aqua
607 2062 707 2125 debet
723 2062 909 2125 immediate
923 2073 1033 2124 cutem
1056 2071 1193 2142 tangere
1209 2082 1217 2138 ;
1240 2061 1306 2122 hinc
1321 2057 1342 2117 si

262 2187 348 2248 aqua
364 2177 472 2228 vestes
489 2176 619 2229 tantum
637 2175 762 2245 tangat,
777 2164 968 2246 Baptismus
981 2164 1146 2227 invalidus
1162 2175 1213 2227 est
1227 2185 1234 2240 ;
1255 2164 1280 2224 si
1295 2161 1342 2224 cri·

261 2290 319 2332 nes
343 2269 460 2344 solum,
476 2268 618 2344 dubius;
642 2269 690 2350 (c)
715 2266 835 2329 infusio
857 2265 925 2331 fieri
941 2267 1042 2330 debet
1058 2287 1157 2348 super
1171 2277 1283 2348 caput,·
1303 2284 1341 2326 se·
1367 2239 1368 2289 l

261 2394 327 2448 cus,
344 2374 535 2455 Baptismus
558 2372 679 2435 dubius
702 2372 772 2447 erit,
790 2371 865 2434 licet
889 2371 1094 2453 probabilius
1111 2372 1240 2435 validus
1262 2372 1307 2443 sit,
1321 2367 1341 2428 si

262 2475 320 2537 fiat
344 2477 375 2536 in
400 2477 464 2538 alis
488 2485 582 2557 parte
605 2472 776 2556 principali
801 2475 955 2555 corporis
971 2485 1008 2537 ut
1024 2471 1168 2555 pectore,
1184 2473 1269 2537 collo
1283 2483 1341 2544 etc.;
1366 2549 1367 2561 χ

261 2577 313 2658 ((1)
330 2577 457 2639 ablutio
472 2576 583 2659 perfici
600 2578 700 2640 debet
723 2577 766 2639 ab
788 2576 905 2640 eadem
923 2580 1062 2658 persona
1077 2597 1154 2658 quae
1170 2577 1268 2639 verba
1282 2593 1340 2656 pro

261 2681 401 2756 nuntiat,
419 2692 455 2744 ut
478 2682 524 2743 sic
548 2681 735 2744 verificetur
759 2680 884 2743 forma:
900 2699 955 2761 ege
971 2689 1000 2742 te
1015 2678 1165 2760 baptism·
1192 2679 1240 2760 (e)
1259 2677 1340 2758 juxta

260 2803 393 2866 paucos,
406 2785 432 2846 si
443 2784 517 2864 quis
530 2783 681 2866 projiciat
694 2781 880 2864 subjedlum
899 2783 930 2845 in
949 2781 1071 2844 flumen
1083 2781 1135 2844 vel
1150 2801 1248 2858 mare,
1259 2777 1339 2842 simul
1365 2815 1366 2830 .

261 2887 401 2949 sormam
413 2887 671 2967 pronuntiando,
683 2887 873 2967 Baptismus
886 2905 953 2946 non
967 2884 1064 2960 valet,
1073 2884 1152 2965 quia
1169 2903 1234 2946 non
1250 2883 1340 2946 solum

261 2989 437 3065 immersi0,
454 2990 511 3050 sed
529 2988 630 3051 etiam
647 2988 781 3050 emersio
795 3009 834 3049 ex
846 2986 932 3067 aqud
949 2987 980 3048 in
998 2986 1061 3048 hoc
1077 3006 1155 3049 casu
1177 2987 1339 3068 requiritur.
1364 3061 1365 3078 χ

306 3087 372 3175 (Β)
384 3090 446 3152 Act
453 3091 631 3167 liceitatem,
642 3091 859 3153 attendantur
871 3090 943 3152 haec
953 3089 1102 3151 Ritrmlis
1113 3090 1214 3153 verba
1227 3091 1268 3169 (n.
1284 3087 1323 3166 10)
1336 3105 1340 3142 τ
1364 3087 1365 3104 ’

261 3200 275 3224 “
290 3194 461 3274 Baptisma
485 3194 560 3256 licet
586 3193 652 3255 fieri
677 3193 783 3274 possit
807 3201 864 3254 aut
887 3212 946 3273 per
965 3191 1164 3255 inlusionem
1182 3196 1341 3274 aquae,aut

259 3375 394 3441 dentium,
405 3374 432 3428 in
447 3390 508 3441 cap.
522 3372 616 3425 ntum
627 3371 693 3426 dist.
706 3387 722 3437 4
736 3372 771 3425 de
785 3371 1035 3440 Consecratione):
1058 3376 1077 3398 ‘⁶
1088 3370 1273 3440 Evangelium
1286 3385 1340 3438 pra·
1363 3325 1364 3375 l

259 3473 381 3530 ceptum,
394 3460 455 3530 ipso
471 3459 593 3514 Domino
608 3461 680 3522 Deo,
696 3468 723 3512 et
743 3459 888 3513 Salvatore
907 3469 1003 3513 nostro
1015 3459 1083 3527 Jesu
1097 3457 1209 3512 Christo
1222 3458 1340 3514 tradente,
1362 3527 1363 3532 Ἰ

259 3565 310 3601 nos
324 3548 465 3612 admonet,
479 3547 507 3599 in
521 3547 634 3599 nomine
647 3545 801 3612 Trinitatis,
815 3545 887 3600 trini
907 3546 1087 3599 immersione
1105 3543 1234 3598 sanetum
1253 3543 1341 3610 baptis·

259 3651 336 3688 mum
349 3635 499 3702 unicuique
511 3633 633 3687 tribuere
642 3633 673 3701 ’';
692 3650 726 3686 ex
745 3649 801 3701 quo
820 3633 943 3701 arguitur
961 3631 1064 3687 trinam
1078 3632 1283 3688 immersionem
1291 3631 1340 3698 jure

261 3721 357 3774 divino
370 3739 432 3775 esse
446 3721 647 3791 praescriptam.
683 3721 739 3774 Sed
750 3721 834 3789 paulo
847 3721 1002 3774 attendenti
1016 3729 1101 3789 patet,
1110 3729 1168 3772 tum
1181 3735 1216 3773 ex
1228 3727 1340 3772 contextu
1361 3765 1362 3770 ,

260 3819 318 3862 tum
332 3825 365 3860 ex
379 3807 518 3861 historicis
532 3806 759 3871 circumstantiis,
773 3807 801 3860 id
821 3806 897 3876 quod
911 3806 948 3860 ibi
962 3805 1150 3874 praescribitur
1162 3821 1226 3859 esse
1235 3807 1339 3873 (ormam

259 3893 400 3961 baptismi,
414 3893 466 3946 “in
481 3895 596 3948 nomine
609 3893 754 3946 Trinitatis
765 3894 786 3958 ’²,
800 3909 855 3946 non
870 3904 962 3946 autem
977 3892 1093 3946 modum
1106 3892 1264 3961 baptizandi
1276 3910 1283 3954 ;
1300 3889 1339 3942 Pe

259 3980 349 4046 lagius
362 3979 437 4031 enim
450 3991 547 4033 contra
561 3980 622 4032 illos
636 3980 776 4033 scribebat
790 3979 846 4048 qui,
860 3981 997 4048 triplicem
1016 3978 1227 4034 immersionem
1239 3977 1339 4031 retinen·

258 4076 310 4128 tes,
324 4066 466 4131 negabant
479 4066 650 4134 baptismum
663 4067 691 4118 in
705 4067 820 4120 nomine
833 4065 979 4120 Trinitatis
992 4066 1194 4120 conserendum
1206 4081 1273 4119 esse.

294 4141 536 4218 ¹S.Atp}10nsus,
556 4153 571 4204 l.
586 4153 610 4204 V
616 4154 636 4217 l,
656 4165 788 4220 ros-1073
808 4155 947 4222 Kom'rrgs,
970 4165 1101 4222 1253·54;
1120 4153 1214 4208 Marc.
1232 4149 1337 4221 1456577·

260 4237 382 4300 Letum,
396 4236 475 4290 (rr-62
488 4253 495 4306 ;
515 4237 629 4304 Sabelli,
643 4237 714 4306 655;
733 4239 1034 4306 tratremmtpatmtm,
1047 4257 1073 4294 n.
1092 4255 1121 4293 12
1135 4255 1178 4310 sq.
