2738 4646
243 153 309 207 298
571 158 627 208 DE
645 156 700 210 SS.
714 159 1017 212 Eucnnms'rrn.

243 331 295 391 sed
311 333 376 391 Deo
390 333 428 392 de
441 335 557 394 illorum
571 336 701 396 victoriis
713 339 821 410 gratias
834 355 935 411 agens,
943 357 1046 398 eorum
1061 341 1217 413 patrocinia
1230 340 1314 412 imple

243 429 286 476 rat
298 439 306 492 ;
326 431 357 478 ut
370 420 425 492 ipsi
439 439 493 493 pro
506 422 593 481 uobis
606 423 789 485 intercedere
808 425 968 498 dignentur
986 427 1016 485 in
1036 429 1128 498 coelis,
1141 445 1253 501 quorum
1265 445 1314 485 rne-

243 506 366 563 moriam
380 508 504 566 facimus
517 509 547 567 in
562 510 655 568 terris.

409 709 418 720 .
495 654 600 716 CAP.
626 656 665 715 4.
691 655 746 716 De
772 657 927 719 Canone
950 659 1098 718 Mlssae.

280 776 398 835 Etcum
413 779 515 837 sancta
528 781 629 840 sancte
641 782 839 840 administrari
853 783 1020 850 conveniat,
1028 782 1131 854 sicque
1140 782 1197 840 hoc
1205 781 1316 839 omniurn

245 864 462 924 sanctissimum
482 868 658 927 sacrificium
670 891 678 942 ;
699 870 832 929 Ecclesia
851 870 1008 929 Catholica
1021 880 1053 927 ut
1065 869 1156 940 digne
1169 879 1317 927 reverenter·

245 970 303 1024 que
315 953 474 1026 offerretur,
488 975 523 1014 ac
536 959 745 1030 perciperetur,
758 975 873 1016 sacrum
888 958 1045 1016 Canonem
1060 955 1161 1013 multis
1173 966 1236 1013 ante
1247 971 1317 1011 saecu-

244 1038 279 1095 lis
292 1039 425 1112 instituit,
439 1043 477 1102 ita
493 1044 532 1102 ab
552 1045 633 1102 omni
651 1060 749 1102 errore
768 1062 883 1117 purum,
900 1053 933 1101 ut
951 1043 1024 1100 nibil
1043 1042 1074 1099 in
1092 1060 1129 1100 eo
1148 1042 1315 1108 contineatur,

245 1126 326 1196 quod
338 1145 397 1185 non
407 1131 534 1190 maxime
544 1131 732 1190 sanctitatem
743 1150 778 1190 ac
788 1133 930 1204 pietatem
939 1130 1101 1202 quamdam
1113 1129 1247 1194 redoleat,
1257 1144 1319 1184 men·

244 1224 349 1286 resque
361 1216 547 1276 offerentium
565 1219 594 1276 in
612 1220 713 1277 ¹Deum
730 1221 840 1291 erigam
861 1220 891 1278 id
909 1219 989 1277 enim
1008 1226 1126 1276 constat
1144 1227 1206 1274 turn
1222 1233 1254 1273 ex
1267 1215 1321 1284 ipsis

247 1301 367 1360 Domini
385 1303 491 1373 verbis,
509 1315 573 1363 tum
593 1323 628 1363 ex
649 1307 864 1378 Apostolorum
885 1305 1103 1374 traditionibus,
1122 1321 1158 1362 ac
1179 1301 1321 1361 sandomn

245 1403 366 1459 quoque
380 1388 559 1446 Pontificum
575 1390 630 1461 piis
645 1390 890 1449 institutionibus.

360 1524 466 1586 CAP.
491 1527 525 1588 5.
550 1525 605 1586 De
628 1527 869 1588 solemnibus
895 1527 1028 1587 Mlssae
1052 1527 1230 1586 saerltlcll

667 1627 923 1687 eaeremonlls.
1004 1681 1006 1686 ,

281 1745 418 1817 Cumque
431 1758 535 1804 natura
548 1745 705 1803 hominum
717 1764 752 1804 ea
766 1747 811 1816 sit,
827 1758 858 1804 nt
872 1763 933 1804 non
947 1745 1034 1803 facile
1046 1755 1136 1817 queat
1149 1745 1213 1804 sine
1224 1741 1324 1803 admiri-

246 1833 319 1890 culis
332 1833 525 1893 exterioribus
538 1834 577 1893 ad
590 1851 688 1894 rerum
702 1833 867 1892 divinarum
883 1832 1110 1892 meditationem
1131 1833 1260 1903 sustolli;
1277 1846 1323 1904 pra

246 1931 346 1992 pterea
359 1920 408 1992 pia
422 1921 519 1980 Mater
533 1921 667 1979 Ecclesia
684 1922 756 1978 ritus
775 1921 922 1992 quosdam
942 1930 975 1977 ut
993 1917 1106 1977 scillcet
1126 1919 1259 1991 quaedam
1275 1916 1324 1974 sub
1355 1951 1356 1954 η

247 2008 336 2066 missa
354 2025 437 2075 voce,
457 2009 515 2066 alia
534 2027 604 2068 vero
623 2009 752 2077 elatiore,
766 2008 795 2065 in
818 2007 911 2066 Missa
926 2007 1198 2080 pronuntiarentur,
1213 2003 1322 2072 instituit.

247 2093 448 2153 Caeremonias
462 2093 532 2152 item
546 2093 693 2164 adhibuit,
703 2107 734 2154 ut
748 2097 886 2168 mysticas
899 2094 1138 2161 benedictiones,
1150 2093 1266 2164 lumina,
1280 2092 1324 2160 thr·

247 2180 394 2251 miarnata,
407 2192 511 2251 vestes,
525 2171 642 2252 aliaque
656 2182 686 2240 id
699 2201 794 2253 genus
805 2183 906 2252 multa,
918 2201 955 2240 ex
965 2181 1140 2258 Apostolica
1152 2181 1296 2254 disciplini
1305 2191 1325 2234 et

247 2268 415 2338 traditione,
428 2286 489 2340 quo
502 2278 531 2326 et
545 2269 683 2340 majestas
702 2271 774 2329 tanti
795 2270 929 2328 sacrificii
943 2269 1213 2340 commendaretur,
1227 2281 1254 2328 et
1266 2283 1325 2324 men·

248 2367 292 2411 tes
310 2355 441 2413 fidelium
461 2373 513 2427 per
532 2355 596 2414 baec
613 2355 739 2413 visibilia
759 2356 907 2428 religionis
926 2367 955 2414 et
972 2357 1091 2430 pietatis
1105 2357 1190 2428 signa
1202 2357 1239 2415 ad
1251 2369 1325 2414 rerun

248 2441 465 2508 altissimarum,
478 2459 545 2514 quae
559 2443 588 2499 in
603 2442 661 2500 boc
674 2444 818 2502 sacrificio
832 2445 930 2514 latent,
946 2443 1231 2516 contemplationem
1244 2443 1325 2501 excita·

249 2541 356 2587 rentur.

345 2665 449 2727 CAP.
474 2666 509 2726 6.
535 2665 589 2724 De
614 2658 749 2736 Missa,
775 2666 812 2722 ln
836 2676 913 2738 qua
936 2663 1045 2722 solus
1069 2663 1255 2722 sacerdos

661 2762 939 2820 communicat.

284 2869 408 2946 Optaret
422 2872 545 2943 quidem
559 2869 746 2928 sacrosandla
761 2867 907 2939 Synodus,
922 2878 952 2925 ut
971 2868 1000 2924 in
1017 2867 1141 2939 singulis
1162 2867 1258 2924 Missis
1275 2865 1328 2921 tide

249 2961 290 3017 les
309 2970 445 3030 astantes,
469 2977 529 3016 non
550 2959 645 3016 solum
665 2956 808 3028 spirituali
828 2955 944 3024 aflectu,
967 2954 1020 3012 sed
1039 2955 1241 3012 sacramentali
1260 2953 1326 3010 eriam

252 3047 443 3104 Eucharistiae
466 3047 657 3118 perceptione
677 3043 940 3108 communicarent,
960 3059 1022 3113 quo
1042 3041 1081 3098 ad
1100 3059 1152 3099 eos
1175 3035 1327 3098 sanctissimi

250 3133 337 3204 liujus
356 3135 489 3190 sacrificii
509 3133 621 3191 fructus
640 3131 759 3189 uberior
777 3129 963 3203 proveniret:
986 3145 1042 3184 nec
1065 3137 1175 3198 tamen,
1198 3129 1221 3184 si
1239 3126 1266 3182 id
1283 3139 1328 3180 non

250 3237 367 3292 semper
381 3221 438 3290 liat,
456 3231 610 3292 propterea
627 3219 733 3274 Missas
748 3217 820 3284 illas,
835 3217 863 3271 in
883 3214 994 3286 quibus
1006 3213 1087 3272 solus
1100 3214 1244 3272 Sacerdos
1256 3227 1328 3268 sarra·

250 3309 416 3366 mentaliter
429 3308 641 3374 connnunicat,
655 3317 687 3363 ut
701 3307 828 3377 privatas
847 3315 876 3362 et
895 3303 1011 3359 illicitas
1024 3302 1154 3371 damnat,
1168 3302 1221 3360 sed
1234 3299 1325 3373 probat

250 3411 338 3467 atque
351 3397 428 3454 adeo
441 3397 643 3459 commendat,
655 3393 803 3464 siquidem
819 3393 874 3448 illae
888 3408 1010 3463 quoque
1025 3389 1127 3447 Missae
1140 3409 1207 3448 vere
1219 3403 1328 3447 commu·

251 3503 302 3542 nes
316 3485 428 3543 censeri
443 3485 574 3545 debent:
594 3483 700 3554 partim
714 3483 797 3554 quod
818 3482 846 3536 in
866 3481 908 3536 eis
928 3479 1057 3551 populus
1071 3479 1256 3550 spiritualiter
1267 3491 1328 3533 com·

250 3574 402 3638 rnunicet;
422 3575 526 3644 partim
541 3591 618 3635 rero.
636 3572 718 3644 quod
736 3591 752 3629 a
772 3570 892 3642 publico
907 3568 1049 3626 Ecclesiae
1068 3570 1203 3625 ministro
1220 3585 1273 3624 non
1288 3579 1328 3635 pro

250 3677 280 3715 se
295 3672 419 3722 tantum.
435 3661 487 3718 sed
502 3679 555 3732 pro
569 3661 709 3717 omnibus
723 3659 870 3725 tidelrbus,
884 3656 933 3727 qui
951 3656 990 3713 ad
1008 3655 1127 3727 Corpus
1140 3655 1245 3714 Christi
1261 3651 1328 3726 perti·

252 3759 329 3809 nent.
343 3747 536 3805 celebrentur.

338 3891 443 3951 CAP.
467 3893 502 3950 7.
529 3895 582 3950 De
604 3883 720 3964 aqua,
745 3891 784 3948 in
807 3889 927 3946 calice
949 3884 1157 3958 offerendo,
1181 3887 1265 3944 vino

697 3977 908 4044 miscenda.

317 4109 393 4165 'met
409 4109 518 4168 deinde
535 4113 637 4168 sanila
655 4113 801 4183 Synodns
819 4117 1001 4182 praeceptum
1019 4125 1085 4166 esse
1102 4107 1142 4166 ab
1157 4105 1278 4164 Ecclesit
1289 4102 1323 4159 Sa·

345 4195 429 4254 “ibus
443 4209 473 4252 ut
486 4215 594 4267 aquam
609 4199 678 4254 rino
692 4199 721 4254 in
735 4197 826 4254 calice
840 4195 993 4252 offerendo
1006 4195 1165 4252 miscerent
1173 4215 1181 4266 ;
1194 4205 1251 4252 turn
1263 4185 1322 4263 quud

365 4299 403 4334 mr
425 4281 586 4338 iloniinnm
607 4285 645 4340 ira
663 4285 766 4340 t'ecrsse
785 4283 930 4350 credatur,
948 4293 1011 4338 tum
1031 4281 1121 4340 etiam
1141 4281 1210 4352 quia
1227 4299 1242 4338 e
1257 4279 1322 4336 latere
