2758 4652
239 167 306 226 Ι588
519 171 575 220 DE
594 169 813 220 EXTREMA'
827 168 1054 220 UNCTIONE.

238 357 291 437 (b)
319 347 462 418 Possunt
486 354 565 436 ungi
587 353 643 435 qui
667 371 797 414 veneno
818 360 896 412 sunt
919 345 1042 424 inlecti,
1062 349 1236 423 vulnerati,
1256 350 1320 412 iten

239 459 355 540 aegroti
370 455 537 522 difficilem
554 456 772 537 chirurgicam
789 455 1015 537 operationem
1038 453 1196 529 subituri;
1220 454 1283 514 imo
1297 465 1323 515 et

238 581 334 624 senes
355 560 524 642 decrepiti,
542 557 673 623 etiamsi
694 557 785 622 nulla
806 557 940 640 speciali
964 556 1158 620 infirmitate
1179 557 1324 630 laborent,

239 685 316 727 nam
329 661 482 726 seneetus
496 672 547 726 est
563 663 698 725 morbus
714 672 748 725 et
763 661 898 743 quidem
916 679 1050 742 prorsus
1067 659 1268 722 insanabilis.

238 766 287 848 (c)
304 771 319 797 “
333 765 533 830 Gravissime
549 772 689 845 peccant
700 762 891 826 sacerdotes
906 763 962 843 qui
979 761 1060 824 illud
1074 770 1211 842 tempus
1223 763 1325 842 aegroti

240 869 386 950 ungendi
396 868 571 931 observare
587 867 705 942 solent,
716 887 792 931 cum
806 865 876 948 jam
893 865 984 929 omni
1000 884 1060 946 spe
1076 863 1195 927 salutis
1207 865 1327 937 omissa,

238 973 307 1035 vita
323 983 355 1036 et
372 971 522 1035 sensibus
539 990 649 1033 carere
666 971 804 1051 incipiat
816 970 839 1031 '’.
887 971 940 1033 lta
955 970 1049 1032 Rom.
1068 969 1192 1034 catech.
1240 969 1327 1031 Ratio

239 1085 289 1139 est
305 1075 383 1157 quia
406 1084 487 1138 tunc
503 1082 648 1156 aegrotus
665 1073 812 1154 privatur
829 1072 969 1134 uberiori
992 1070 1100 1136 fructu
1117 1071 1218 1152 hujus
1235 1091 1327 1134 sacra-

239 1180 352 1254 menti,
369 1178 521 1259 illiusque
538 1177 653 1259 gratiis
669 1197 752 1259 quas
768 1176 966 1240 obtinuisset
982 1176 1025 1238 ad
1042 1174 1178 1238 ultimas
1201 1173 1328 1237 difficul-

239 1292 324 1347 tates
340 1281 545 1363 superandas
560 1289 594 1342 et
610 1279 721 1342 forsan
739 1277 899 1342 beneficio
910 1279 1063 1341 sanitatis
1078 1279 1270 1359 corporalis,
1282 1289 1329 1340 aut

239 1387 339 1450 etiam
357 1395 490 1448 aetemae
507 1384 631 1448 salutis.
676 1382 862 1464 (Baltimor.
882 1382 928 1458 ll,
944 1402 974 1444 n.
992 1383 1068 1462 306·
1073 1383 1157 1464 307).

239 1492 291 1572 (d)
309 1489 431 1571 Inungi
455 1490 571 1571 nequit
587 1489 643 1569 qui
658 1487 728 1568 jam
741 1495 833 1550 certo
849 1495 1000 1550 mortuus
1016 1497 1083 1562 est;
1117 1485 1188 1562 sed,
1200 1485 1330 1549 testibus

239 1593 406 1657 hodiernis
423 1592 545 1673 peritis,
561 1593 635 1673 quis
651 1591 859 1672 supervivere
870 1597 990 1671 potest,
1004 1591 1104 1652 etiam
1118 1590 1256 1670 quando
1267 1588 1330 1650 ulti·

241 1720 331 1762 mum
356 1699 453 1762 edere
476 1697 653 1779 suspirium
669 1697 759 1759 visus
783 1707 841 1768 est,
857 1713 960 1776 quum
976 1695 1045 1756 vita
1064 1693 1196 1756 nonnisi
1221 1693 1329 1774 grada-

240 1804 340 1867 tima
364 1821 500 1883 corpore
522 1802 694 1878 recedat13
726 1798 812 1873 hinc,
829 1799 860 1858 in
883 1798 989 1878 praxi,
1005 1797 1137 1877 quoties
1160 1799 1330 1878 prudenter

240 1907 454 1970 existimatur
487 1906 631 1986 aliquem
665 1901 880 1986 probabiliter
914 1901 1022 1964 adhuc
1045 1901 1165 1976 vivere,
1187 1899 1331 1980 quamvis

240 2009 387 2074 exterius
403 2009 472 2072 vita
488 2029 597 2071 carere
614 2007 774 2080 videatur,
790 2005 852 2066 sub
868 2003 1059 2088 conditione
1077 2003 1156 2083 ungi
1174 2012 1294 2084 potest.

281 2125 330 2188 31.
371 2111 662 2174 20Adliceitarem.
701 2109 751 2190 (a)
765 2107 974 2188 Regulariter
983 2103 1090 2168 status
1101 2108 1220 2188 gratiae
1234 2105 1330 2187 requi·

240 2217 329 2290 ritur,
352 2235 390 2276 ac
406 2214 545 2296 proinde
562 2234 622 2294 pro
642 2212 698 2275 illo
714 2211 771 2291 qui
788 2219 936 2272 versatur
953 2209 985 2271 in
1003 2218 1091 2272 statu
1109 2210 1241 2289 peccati
1255 2228 1331 2271 mor·

240 2319 315 2382 talis
327 2317 378 2381 vel
390 2319 546 2381 contritio
559 2314 713 2399 perfedta,
726 2314 777 2377 vel
794 2313 921 2376 attritio
933 2333 1008 2375 cum
1025 2333 1106 2376 sacr.
1119 2314 1330 2376 Poenitentiae.

243 2422 341 2485 Ratio
357 2431 407 2484 est
427 2422 504 2503 quia
521 2421 585 2484 Ex.
599 2417 725 2484 Unctio
746 2427 796 2480 est
813 2427 1056 2479 sacramentum
1080 2417 1242 2492 vivorum,
1258 2419 1330 2479 dire·

241 2523 293 2588 cte
316 2525 457 2605 gratiam
483 2545 608 2606 augens
632 2522 906 2588 sanctificantem.
963 2526 1063 2590 Unde
1086 2527 1144 2606 qui
1168 2527 1277 2589 sciens
1305 2537 1330 2586 et

239 2626 354 2714 uolens
379 2625 457 2689 illud
480 2637 722 2690 sacramentum
748 2630 906 2710 reciperet
923 2629 954 2689 in
973 2626 1113 2702 mortali,
1130 2629 1329 2710 sacrilegium

240 2729 471 2811 gravissimum
485 2731 720 2807 committeret;
744 2731 770 2793 si
787 2733 861 2812 quis
878 2742 989 2794 autem
1005 2741 1093 2794 esset
1110 2731 1142 2793 in
1161 2732 1251 2795 bonel
1268 2731 1330 2802 fide,

237 2831 472 2914 justificaretur
487 2835 588 2896 etiam
600 2853 679 2904 cunr
698 2819 877 2911 attritione,
889 2855 932 2896 ex
950 2853 1049 2916 supra
1064 2825 1172 2896 dictis.

282 2937 333 3016 (b)
352 2935 492 3017 Insuper
508 2936 681 3016 requiritur
697 2936 758 2998 sub
782 2937 845 2999 levi
867 2946 902 2998 ut
918 2937 1075 2998 viaticum
1099 2947 1179 2999 ante
1200 2935 1329 3002 Unello-

239 3058 315 3100 nem
333 3038 518 3119 recipiatur,
534 3039 560 3099 si
578 3038 646 3100 fieri
665 3049 784 3119 potest.
831 3037 978 3120 Quando
994 3045 1140 3120 aegrotus
1165 3037 1329 3104 actualiter

240 3160 299 3203 usu
317 3140 455 3202 rationis
477 3141 611 3221 gaudet,
628 3161 693 3202 non
719 3150 830 3222 potest
854 3142 942 3205 licite
965 3142 1044 3222 ungi
1061 3141 1133 3204 sine
1150 3140 1241 3204 illius
1264 3161 1329 3203 con·

238 3263 352 3318 sensu;
376 3243 433 3306 sed
458 3245 593 3323 quando
616 3253 667 3306 est
690 3245 842 3306 sensibus
866 3245 1054 3321 destitutus,
1071 3254 1185 3326 potest
1201 3247 1281 3326 ungi
1303 3245 1327 3306 in

238 3348 394 3410 omnibus
406 3347 540 3410 casibus
557 3347 588 3409 in
607 3348 726 3428 quibus
743 3349 869 3411 absolvi
887 3358 1015 3431 potest,
1039 3349 1105 3410 imo
1119 3349 1226 3411 tutius
1241 3359 1288 3411 est
1303 3351 1328 3408 in

238 3451 300 3514 hoc
329 3471 406 3514 casu
437 3448 641 3516 Unctionem
665 3452 745 3514 dare
768 3472 869 3532 quam
902 3451 1157 3526 absolutionem,
1186 3455 1265 3533 quia
1294 3450 1327 3512 ad

238 3556 323 3617 hanc
340 3554 460 3618 sufficit
477 3554 604 3617 attritio
620 3558 758 3632 interna,
774 3555 853 3619 dum
879 3556 921 3618 ad
940 3556 1179 3618 Poenitentiam
1205 3556 1328 3637 requiri·

239 3668 292 3721 tur
303 3659 400 3722 valde
412 3657 626 3740 probabiliter
637 3661 765 3721 attritio
777 3660 880 3740 signis
893 3658 1104 3721 sensibilibus
1116 3659 1327 3722 manifestata

281 3762 329 3843 (c)
356 3762 413 3824 Ad
437 3761 603 3824 uberiores
633 3760 756 3825 fructus
780 3763 866 3826 illius
891 3764 1088 3826 sacramenti
1105 3763 1329 3826 desiderantur

238 3865 348 3927 vivida
373 3865 462 3940 fides,
487 3885 562 3946 spes
586 3864 690 3940 firma,
706 3875 740 3927 et
763 3864 909 3947 perfetta
933 3886 1007 3928 cum
1030 3866 1144 3927 divina
1167 3867 1328 3930 voluntate

239 3967 461 4028 conformitas.

246 4104 397 4111 -.--—

274 4185 283 4217 ¹
294 4176 338 4228 De
346 4191 402 4245 quo
410 4175 475 4228 vide
485 4177 623 4242 Ferrand,
634 4179 672 4231 Le
682 4189 806 4234 moment
815 4179 851 4234 de
860 4181 887 4233 la
898 4191 980 4247 mort,
990 4177 1119 4248 Congres
1128 4181 1249 4236 scientis.
1260 4180 1326 4244 1891.

241 4257 372 4313 Sciences
385 4258 518 4312 mathem.
532 4269 559 4313 et
572 4271 640 4328 nat,
653 4280 679 4331 p.
698 4277 753 4332 197.
