2808 4664
217 201 281 252 726
490 203 545 251 DE
564 201 645 252 DEO
665 194 1034 251 namuussua'roaa.

217 402 317 463 quam
338 382 381 445 de
405 382 480 445 Deo
499 382 661 445 habemus
682 401 741 463 per
754 380 882 464 fidemr
907 379 1043 442 tandem
1064 396 1104 438 ex
1124 371 1250 436 visione
1269 370 1317 432 di-

218 485 302 549 rclld
317 487 452 567 quando
468 487 620 549 videlicet
640 482 746 569 pictor
768 486 837 566 ipse
859 484 989 546 videtur
1008 478 1211 551 immediate,
1227 474 1318 538 audi·

218 599 279 666 tur,
292 599 369 652 etc...
387 590 432 652 ita
449 599 486 652 ut
501 589 587 653 illius
604 590 781 671 qualitates
801 585 924 650 directe
944 584 1068 668 percipi
1085 582 1237 666 possint;
1259 577 1316 640 tali

218 693 399 775 cognitioni
423 695 601 776 respondet
623 694 706 756 visio
729 690 888 766 beatifica,
909 710 984 754 cum
1009 688 1065 750 illa
1086 696 1199 749 tamen
1224 680 1316 746 dille-

218 797 323 861 rentia
338 797 427 879 quod
445 797 477 859 in
493 797 579 860 coelo
595 797 790 872 videbimus,
799 795 896 858 oculo
912 791 1109 865 intelleetlls,
1121 807 1188 852 non
1205 795 1315 850 autem

217 899 314 963 oculu
329 920 496 982 corpore0,
506 921 572 962 non
589 899 695 963 solum
715 900 778 962 Dei
793 899 979 981 qualitates,
990 897 1047 960 sed
1061 893 1232 977 propriam
1248 889 1317 970 ejus

218 1004 406 1076 essentiam,
423 1003 532 1066 Deum
550 1005 657 1085 ipsum
674 1023 777 1068 unum
794 1013 827 1068 et
843 1003 974 1066 trinum.

261 1139 309 1207 55.
358 1125 427 1216 (Β)
455 1131 549 1194 Visio
574 1130 725 1194 beatifica
751 1131 782 1193 in
808 1128 975 1194 intelletlu
1001 1136 1115 1190 uostro
1140 1121 1315 1206 specialem

218 1231 369 1296 habitum
385 1233 499 1314 exigit,
515 1235 571 1315 qui
589 1244 723 1297 vocatur
738 1234 845 1296 lurnen
857 1235 973 1314 glorio
985 1242 1019 1294 et
1033 1229 1193 1292 definitur
1207 1251 1214 1289 :
1229 1225 1316 1288 leobi-

219 1344 271 1396 tus
280 1337 546 1416 supernaturales,
556 1337 748 1400 intellel‘lum
761 1338 1022 1420 beotiporficicus,
1034 1355 1170 1414 eumque
1177 1330 1319 1413 proxime

217 1436 355 1499 labilem
377 1437 511 1500 reddens
529 1438 577 1499 ad
593 1439 699 1501 Deum
719 1441 872 1504 intnirive
890 1441 1073 1504 videndum.
1122 1437 1268 1509 Etenim,
1283 1445 1318 1495 ut

219 1539 265 1601 ait
280 1537 317 1602 S.
335 1538 474 1601 Thomas
485 1552 519 1601 :1
536 1540 642 1603 “nihil
660 1552 769 1623 potest
785 1546 827 1608 ad
844 1546 993 1608 altiorem
1010 1543 1239 1624 operationem
1255 1537 1319 1601 ele-

219 1642 297 1716 vari,
312 1642 373 1704 nisi
397 1663 456 1725 per
479 1643 541 1705 hoc
565 1647 654 1725 quod
677 1646 749 1726 ejus
772 1648 874 1711 virtus
898 1646 1097 1711 fortificetur.
1146 1643 1319 1722 Contingit

219 1755 330 1808 autem
356 1747 533 1829 dupliciter
559 1748 698 1830 alicujus
722 1752 877 1814 virtutem
904 1751 1095 1814 fortificari:
1123 1767 1192 1811 uno
1219 1747 1320 1808 modo

219 1871 277 1934 per
299 1851 481 1933 simplicem
507 1853 727 1917 intensionem
753 1855 855 1936 ipsius
876 1857 1031 1919 virtutis...
1048 1855 1114 1917 alio
1137 1851 1241 1915 modo
1264 1871 1321 1932 per

220 1975 314 2018 novae
327 1956 441 2018 lormae
457 1959 729 2039 appositionem...
741 1970 774 2023 et
788 1959 849 2021 hoc
865 1960 1001 2040 quidem
1015 1957 1146 2020 virtutis
1161 1974 1320 2036 augmen-

220 2069 290 2122 tum
307 2060 482 2141 requiritur
503 2061 543 2123 ad
567 2062 702 2126 alterius
721 2064 842 2144 speciei
865 2063 1091 2144 operationem
1117 2077 1320 2139 consequen·

221 2163 309 2226 darn.
354 2163 470 2226 Virtus
486 2174 598 2226 autem
616 2163 802 2228 intelledtus
823 2167 923 2229 creati
943 2165 1100 2237 naturalis
1118 2183 1184 2224 non
1202 2159 1321 2223 sufficit

219 2267 261 2329 ad
287 2268 433 2330 divinam
462 2268 683 2331 substantiam
709 2270 941 2331 videndam...
968 2277 1099 2349 oportet
1124 2287 1205 2348 ergo
1231 2265 1320 2345 quod

219 2380 379 2452 augeatur
395 2373 423 2433 ei
440 2371 543 2434 virtus
559 2375 601 2435 ad
620 2373 681 2435 hoc
694 2374 783 2454 quod
798 2373 839 2434 ad
854 2370 954 2434 talem
969 2370 1129 2433 visionem
1143 2369 1320 2451 perveniat.

221 2473 296 2534 Non
317 2473 437 2537 sufficit
458 2484 569 2538 autem
590 2486 807 2556 augmentum
833 2494 892 2557 per
917 2475 1137 2537 intensionem
1162 2470 1321 2535 naturalis

219 2576 358 2652 virtutis,
374 2577 452 2657 quia
468 2578 543 2640 talis
560 2579 642 2641 visio
659 2599 725 2641 nou
741 2589 792 2641 est
807 2577 956 2659 ejusdem
976 2577 1114 2640 rationis
1130 2595 1207 2638 cum
1223 2574 1321 2636 visio

220 2699 261 2740 ne
289 2680 430 2741 naturali
457 2678 643 2744 intellectus
671 2681 822 2745 creati...
848 2691 979 2762 oportet
1004 2690 1114 2744 autem
1144 2679 1235 2760 quod
1264 2677 1321 2739 liat

221 2794 472 2865 augmentum
486 2805 544 2867 per
559 2785 697 2867 alicujus
715 2807 809 2848 uovae
825 2785 1051 2867 dispositionis
1068 2783 1284 2867 adeptionem
1297 2783 1320 2844 '’.

223 2887 309 2949 Hinc
335 2886 508 2950 Viennense
528 2896 686 2969 tanquam
709 2890 898 2953 haereticam
915 2888 1103 2971 reprobavit
1121 2889 1321 2970 propositio-

219 3010 294 3052 nem
310 2991 557 3072 Beguardorum
570 2997 585 3023 “
596 2993 685 3074 quod
703 2995 813 3056 anima
831 3015 895 3056 uon
914 2995 1039 3075 indiget
1056 2993 1181 3055 lumine
1197 2991 1322 3074 gloriae,

220 3096 324 3177 ipsam
341 3095 500 3172 elevante,
512 3097 553 3159 ad
573 3098 681 3162 Deum
699 3099 878 3162 videndum
896 3109 928 3164 et
944 3119 984 3161 eo
1000 3099 1097 3162 beate
1115 3097 1291 3161 fruendum
1306 3095 1322 3118 ”

218 3199 399 3282 (Denaing,
415 3222 444 3262 n.
461 3201 547 3282 403).

263 3301 392 3365 Lumen
405 3303 518 3384 gloriae
533 3305 594 3367 tria
608 3315 743 3386 praestat
757 3331 763 3368 :
785 3306 835 3386 (a)
849 3316 993 3369 mentem
1004 3305 1107 3370 eloam!
1121 3305 1164 3368 ad
1182 3305 1320 3367 modum

219 3406 440 3487 cognoscendi
465 3427 597 3488 prorsus
620 3409 779 3480 divinum,
799 3411 844 3471 ita
870 3418 905 3473 ut
929 3429 1129 3491 cognoscere
1154 3410 1322 3492 possimus

221 3509 329 3572 Deum
364 3506 488 3572 direfte
525 3519 562 3572 et'
596 3511 787 3574 immediate
824 3513 908 3575 sicut
946 3514 1089 3594 seipsum
1127 3514 1323 3594 cognoscit;

219 3613 269 3694 (b)
294 3615 414 3676 meutis
438 3615 656 3696 capacitatem
679 3617 839 3697 eapandit,
862 3626 898 3679 ut
921 3617 963 3679 sit
982 3638 1089 3698 capax
1110 3617 1266 3680 immensi
1289 3627 1323 3678 ct

220 3717 375 3779 illimitati
393 3719 479 3794 boui,
495 3719 579 3782 sicut
601 3720 627 3780 si
650 3729 721 3782 uter
740 3740 848 3801 capax
870 3721 967 3782 unius
988 3720 1158 3802 amphorae
1175 3720 1222 3782 ita
1239 3721 1322 3782 inte-

220 3820 285 3881 rius
303 3820 496 3884 dilataretur
517 3831 552 3884 ut
574 3823 744 3887 Oceanum
767 3821 942 3903 compleeli
960 3832 1092 3904 posset;
1116 3823 1165 3903 (c)
1182 3825 1319 3886 taudem

221 3921 423 3986 intelledlum
436 3923 631 3987 deterrrrinot
641 3935 673 3988 et
676 3926 780 4006 Jirvat
791 3927 832 3987 ad
846 3925 1041 3988 eliciendum
1058 3921 1170 3988 aetum
1184 3925 1322 3988 visionis

222 4022 390 4099 beatifica,
402 4025 485 4088 sicut
502 4027 559 4088 lux
577 4028 690 4090 oculos
703 4029 797 4110 juvat
814 4030 855 4091 ad
873 4029 1032 4108 videndas
1049 4049 1099 4092 res
1115 4029 1291 4092 sensibiles
1301 4041 1321 4092 ².

220 4155 253 4163 ...-

258 4221 265 4244 ¹
281 4217 310 4270 C.
326 4220 408 4272 Gent.
425 4220 443 4274 l.
461 4223 517 4288 ΙΙΙ,
531 4241 553 4277 c.
570 4237 609 4292 53.

257 4303 334 4356 scir.
350 4301 469 4372 Lessius,
486 4309 529 4361 De
544 4309 659 4364 Summo
674 4315 761 4379 Bono,
775 4314 792 4367 l.
812 4316 848 4368 ΙΙ.
863 4331 887 4370 c.
904 4315 929 4381 8,
943 4332 969 4370 n.
988 4327 1027 4384 52.
