2770 4652
237 162 305 212 458
674 160 821 212 'CAPUT
838 160 897 209 111.

238 355 314 424 post
336 341 512 424 praefixum
530 352 661 423 tempus
678 351 764 405 esset
788 343 934 405 mortale.
980 341 1045 424 (B)
1059 343 1098 405 In
1117 341 1316 404 celebratione

240 447 353 509 Missae
370 447 507 510 vitanda
523 455 574 508 est
590 444 767 522 festinatio,
785 467 860 528 quae
883 446 1078 508 scandalum
1100 443 1220 520 causat,
1234 445 1317 526 proli-

239 551 329 613 xitas
346 569 488 630 quoque,
504 569 579 629 quae
597 547 764 611 fastidium
782 551 876 630 parit.
922 554 938 581 ‘¹
954 549 1071 631 Itaque
1095 569 1136 610 ne
1157 549 1227 630 quis
1249 547 1320 609 inlra

239 653 329 714 horae
342 653 496 714 trientem
513 652 651 714 Missam
665 652 835 715 absolvere
849 652 979 728 audeat,
993 671 1053 714 nec
1066 650 1153 714 ultra
1165 652 1320 724 dimidiam

241 757 355 819 horam
373 757 535 839 producat
546 757 569 819 ”.
617 755 665 834 (C.
679 757 765 819 Bolt.
781 757 825 832 ll,
839 777 867 819 n.
883 756 967 838 363).

286 875 352 952 189.
403 872 521 950 Quoad
540 875 744 937 binatiouem.
802 873 1004 960 Generatim,
1027 881 1171 954 excepto
1194 871 1244 933 die
1268 869 1323 930 Na-

242 975 380 1038 tiuitatis
416 974 564 1050 Domini,
598 975 698 1038 semel
738 985 867 1037 tantum
908 976 939 1036 in
974 975 1028 1038 die
1062 974 1226 1038 celebrare
1252 974 1323 1034 licet

244 1079 415 1155 Attamen,
431 1078 548 1141 diebus
572 1079 748 1142 dominicis
771 1088 828 1140 aut
852 1076 977 1141 festivis
1001 1080 1044 1141 de
1067 1086 1242 1158 praecepto
1260 1075 1325 1136 licet

243 1181 377 1244 binare:
401 1181 452 1262 (a)
465 1182 600 1261 quando
617 1181 788 1262 presbyter
803 1184 887 1244 duas
903 1182 1004 1244 habet
1020 1182 1192 1263 paroecias,
1205 1200 1261 1242 nec
1277 1197 1325 1259 po-

243 1285 339 1366 pulus
353 1285 447 1347 facile
464 1295 575 1367 potest
593 1287 624 1347 in
638 1287 754 1347 eidem
770 1284 919 1346 Ecclesia
932 1285 1120 1362 convenire;
1144 1284 1194 1364 (b)
1207 1282 1327 1364 quando

244 1383 310 1451 una
326 1398 377 1451 est
394 1389 554 1463 Ecclesia,
572 1410 632 1451 nec
656 1408 772 1451 omnes
797 1387 987 1470 parochiani
1013 1399 1153 1468 possunt
1178 1386 1270 1449 simul
1293 1385 1327 1445 ad

246 1512 345 1553 unam
364 1492 503 1555 Missam
521 1493 719 1572 convenire;
746 1494 813 1554 imo
837 1493 868 1554 in
894 1492 955 1554 hac
980 1495 1123 1574 regione,
1139 1493 1170 1554 vi
1193 1489 1329 1573 specialis

246 1597 378 1672 indulti,
402 1599 532 1678 quoties
561 1596 715 1660 fidelibus
742 1598 837 1659 valde
864 1597 942 1659 utile
968 1605 1018 1657 cst
1046 1603 1083 1658 ut
1109 1596 1261 1657 sacerdos
1288 1593 1329 1653 bis

248 1701 387 1762 Missam
405 1701 523 1762 eodem
547 1700 632 1762 sesto
648 1702 702 1763 die
718 1702 869 1764 celebret.
918 1701 979 1762 Illa
1003 1711 1115 1762 tamen
1138 1699 1270 1762 binandi
1293 1696 1329 1758 l·

247 1801 353 1865 cultas
374 1804 604 1883 dependenter
624 1803 667 1865 ab
689 1805 867 1869 Ordinario
888 1804 1033 1866 exerceri
1056 1803 1165 1879 debet,
1183 1802 1224 1864 ad
1245 1819 1329 1882 quern

247 1905 390 1986 pertinet
406 1907 447 1967 de
464 1910 541 1967 vera
559 1904 703 1969 utilitate
723 1906 882 1987 judicare,
898 1917 931 1969 et
954 1908 1061 1969 solum
1078 1905 1214 1988 quando
1234 1902 1329 1967 deficit

248 2009 330 2071 alter
343 2007 505 2084 sacerdos,
517 2011 573 2090 qui
587 2011 768 2072 secundam
782 2011 921 2074 Missam
935 2011 1044 2072 dicere
1056 2011 1168 2093 possit.
1203 2009 1331 2091 Quando

248 2112 321 2194 quis
334 2111 417 2174 duas
432 2112 553 2174 Missas
565 2112 718 2188 celebrat,
729 2133 795 2175 non
810 2122 921 2194 potest
933 2115 1000 2177 duo
1012 2113 1179 2196 stipendia
1191 2113 1332 2194 accipere,

250 2216 311 2276 nisi
324 2215 468 2297 speciale
480 2215 602 2277 habeat
615 2216 789 2279 indultum.
840 2218 875 2278 ln
890 2217 944 2280 die
957 2227 1068 2279 autem
1081 2217 1270 2279 Natiuitatis
1282 2215 1332 2276 tria

252 2319 419 2400 stipendia
440 2320 589 2401 accipere
614 2319 698 2394 licet,
715 2321 792 2400 quin
817 2321 862 2382 ita
887 2321 949 2384 sert
972 2323 1187 2385 consuetudo
1232 2318 1289 2401 (cf.
1304 2315 1331 2379 C.

254 2424 338 2485 Bolt.
355 2423 418 2498 111,
432 2444 461 2484 n.
480 2439 537 2501 103
555 2433 588 2486 et
604 2443 660 2503 sq,
675 2422 763 2504 App.
780 2425 822 2486 de
838 2424 1018 2501 binatione,
1031 2447 1060 2506 p.
1075 2425 1159 2506 243).

297 2555 364 2620 19⁰·
415 2536 531 2613 Quoad
545 2539 653 2600 locum.
699 2539 779 2620 Jure
802 2540 970 2602 communi
995 2561 1061 2603 non
1085 2540 1163 2603 licet
1185 2539 1332 2602 celebrare

252 2643 315 2704 nisi
333 2643 364 2703 in
383 2641 521 2704 ecclesia
538 2649 730 2706 consecrata
746 2645 797 2706 vel
815 2645 932 2708 saltem
949 2641 1132 2708 benedicta.
1181 2644 1333 2707 Attamen.

254 2749 285 2808 in
304 2744 457 2808 Statibus
475 2745 670 2822 Foederatis,
686 2748 717 2809 vi
736 2748 860 2810 Indulti
880 2748 1007 2828 Apost,
1024 2747 1182 2829 Episcopi
1204 2762 1333 2808 commu-

254 2851 363 2913 nicare
383 2849 492 2912 solent
509 2849 700 2912 facultatem
718 2850 905 2912 celebrandi
924 2856 938 2880 ¹⁴
950 2850 1012 2912 sub
1023 2850 1080 2912 dio
1092 2859 1125 2912 et
1138 2848 1200 2912 sub
1213 2858 1298 2921 terra,
1309 2845 1333 2905 in

255 2956 328 3017 loco
352 2966 462 3017 tamen
487 2955 624 3028 decenti,
640 2953 667 3015 si
691 2954 785 3015 aliter
806 2954 962 3016 celebrari
987 2975 1053 3016 non
1078 2953 1184 3034 possit
1195 2953 1231 3029 ”;
1261 2947 1334 3030 quod

256 3071 367 3120 tamen
393 3059 531 3140 intelligi
548 3057 741 3119 debetcum
759 3055 1018 3120 restrictionibus
1040 3056 1202 3138 appositis
1219 3076 1237 3117 a
1252 3053 1335 3116 Conc.

259 3161 343 3224 Bolt.
361 3161 406 3234 Il,
429 3162 498 3239 362.
523 3160 578 3221 ubi
602 3160 747 3222 dicitur:
775 3161 884 3223 “nulli
908 3160 1070 3222 sacerdoti
1095 3158 1192 3220 licere
1216 3157 1334 3220 Missam

258 3266 423 3328 celebrare
440 3266 472 3326 in
491 3265 618 3326 aedibus
635 3263 843 3344 privatisnisi
862 3262 894 3323 in
912 3260 1120 3336 stationibus,
1133 3270 1167 3321 et
1184 3261 1214 3322 in
1229 3257 1335 3320 aedibus

258 3390 340 3451 quas
358 3369 554 3434 Ordinarius
571 3368 801 3448 designaverit,
815 3375 872 3429 aut
888 3367 968 3428 dum
986 3363 1061 3428 actu
1078 3363 1245 3426 missionis
1259 3377 1335 3422 exer·

258 3475 343 3536 citiis
360 3472 472 3555 procul
491 3473 534 3533 ab
550 3472 687 3532 ecclesia
703 3473 762 3534 dat
778 3489 912 3549 operam
925 3470 948 3532 ‘’.

303 3603 343 3666 N.
362 3603 396 3664 B.
444 3602 562 3665 Cetera
578 3621 652 3682 quae
677 3600 861 3662 reseruntur
877 3599 919 3660 ad
941 3596 1104 3670 ecclesias
1121 3594 1247 3668 calices,
1262 3607 1335 3652 sacra

260 3706 463 3781 linteamina,
476 3715 533 3767 aut
547 3703 762 3766 caeremonias
775 3704 850 3765 vide
864 3703 895 3763 in
911 3701 1028 3781 Comp.
1041 3701 1152 3763 Sacrae
1166 3697 1311 3777 Liturgia
1319 3702 1334 3750 ¹.
1372 3713 1373 3794 p

1372 3827 1373 3860 l

296 3938 304 3968 ¹
320 3939 392 3992 Haec
411 3949 506 3992 tamen
526 3938 597 3992 inter
616 3938 671 3991 alia
690 3947 841 3990 notentur:
864 3935 880 3960 “
890 3933 1066 3999 Sacerdotes,
1086 3931 1219 4000 quamdiu
1240 3931 1334 3983 Missam

262 4025 367 4090 legunt,
377 4024 421 4076 vel
435 4034 548 4088 canunt,
558 4039 703 4092 nunquam
716 4025 753 4077 ab
766 4023 845 4077 altari
860 4021 1044 4088 descendant,
1055 4020 1108 4073 nisi
1122 4020 1235 4089 quando
1247 4018 1271 4071 id
1284 4029 1334 4084 pra·

311 4111 330 4160 't
345 4109 475 4174 Robrica,
489 4119 537 4163 aut
555 4111 593 4162 ad
612 4111 775 4165 concionem
795 4109 952 4164 astantibus
971 4109 1140 4163 habendam.
1181 4106 1254 4161 Hinc
1269 4103 1334 4158 nullo

340 4211 348 4224 ²
369 4193 397 4246 id
416 4194 508 4247 iacere
528 4195 601 4262 licet,
623 4196 660 4248 ad
682 4211 780 4264 preces
799 4196 884 4250 etiam
903 4195 940 4249 ab
960 4193 1111 4249 Ordinario
1130 4195 1296 4265 qudcumque
1310 4187 1335 4238 de

367 4277 543 4348 praescriptas
563 4297 611 4332 seu
631 4281 716 4334 latino
730 4299 779 4337 seu
793 4284 942 4337 vemacnlo
956 4299 1085 4336 sermone
1099 4281 1262 4336 recitandas.
1296 4275 1336 4330 llae
