2770 4652
424 195 756 248 paor-montena.
1073 197 1143 247 ⁴77

76 375 212 440 Omnes
238 376 385 458 theologi
411 378 599 440 concedunt
623 375 855 458 poenitentiam
879 394 952 436 esse
973 375 1143 452 virtutem,

33 480 91 541 scd
110 479 251 560 quidam
268 483 432 561 negarunt
455 499 528 542 eam
552 499 625 541 esse
639 478 806 560 specialem
821 479 987 541 virtutem.
1035 479 1143 554 Pauci,

32 591 68 643 ut
84 582 119 643 Α
125 581 360 646 ltisiodorensis
374 593 408 646 et
424 583 459 645 F.
478 581 669 662 Mayronus,
685 581 870 645 docuerunt
893 590 1030 663 peccata
1052 583 1142 644 dete-

32 685 115 746 stari
135 704 204 747 non
221 705 280 766 per
295 685 471 768 specialem
488 686 654 760 virtutem,
664 685 722 747 sed
736 705 795 767 per
805 685 962 748 virtutem
975 685 1026 748 cui
1039 705 1145 767 oppo-

36 797 178 864 nuntur,
205 809 235 851 v.
261 809 291 870 g.
320 789 612 870 intemperantiam
643 789 800 851 detestari
828 797 963 871 propter
987 788 1143 852 virtutem

33 891 284 972 temperantia.
330 891 409 963 Alii,
436 902 472 955 ut
504 890 697 967 Durandus,
721 891 880 955 dixerunt
910 892 1143 973 poenitentiam

30 993 116 1054 nilril
144 992 233 1056 aliud
257 1014 329 1056 esse
353 995 415 1056 nisi
440 995 622 1071 caritatem,
637 1005 802 1077 quatenus
825 995 868 1056 de
891 1004 1029 1075 peccato
1051 994 1142 1058 dolet

30 1105 137 1176 prout
153 1105 204 1160 est
219 1095 347 1160 offensa
363 1098 434 1160 Dei.
482 1097 638 1180 Quidam,
654 1107 731 1180 post
749 1097 950 1180 cajetanum,
965 1107 1143 1160 tenuerunt

29 1200 272 1279 poenitentiam
289 1220 360 1262 esse
376 1201 590 1282 complexum
608 1202 704 1264 trium
722 1201 891 1277 virtutum,
903 1202 1056 1274 caritatis,
1067 1221 1142 1283 quae

29 1304 106 1364 odit
121 1313 307 1384 peccatum,
318 1304 485 1385 religionis
501 1324 576 1384 quae
592 1314 730 1386 peccata
746 1301 937 1367 confitendo
955 1305 1019 1366 Dei
1034 1305 1141 1366 domi·

30 1406 130 1468 nium
163 1408 321 1487 agnoscit,
348 1407 487 1488 justitiae
517 1408 728 1470 vindieativae
763 1427 838 1489 quae
878 1402 1140 1469 satisfactionem

30 1517 184 1588 praestat.
214 1547 257 1556 —-
294 1511 524 1575 Communiter
560 1521 672 1575 tamen
712 1513 835 1575 docent
872 1510 1035 1593 theologi,
1065 1521 1142 1592 post

33 1609 70 1672 S.
90 1611 124 1672 T
120 1610 260 1688 hornam,
272 1615 503 1694 poenitentiam
521 1635 592 1678 esse
608 1615 787 1697 specialem
802 1615 968 1678 virtutem.
1006 1614 1140 1676 Etenim

32 1713 79 1775 ibi
97 1723 152 1776 est
167 1715 319 1796 specialis
334 1718 439 1779 virtus
463 1716 519 1779 ubi
543 1718 686 1780 occurrit
707 1714 802 1779 adtus
816 1715 992 1779 laudabilis
1008 1724 1142 1798 propter

32 1818 182 1896 speciale
213 1821 374 1882 motivum
406 1841 462 1883 seu
492 1818 663 1901 objectum
695 1820 833 1882 formale
862 1820 1012 1894 elicitus;
1050 1819 1142 1900 atqui

33 1917 133 1982 astus
150 1922 334 2002 poenitendi
359 1934 409 1986 est
433 1935 521 1987 certe
539 1921 633 1986 attus
649 1923 833 1997 laudabilis,
848 1941 951 2004 quum
968 1923 1083 1985 tendat
1099 1922 1141 1985 ad

33 2023 301 2088 destrudtionem
325 2029 452 2108 peccati
477 2028 644 2110 praeteriti,
660 2038 760 2108 atque
775 2027 903 2089 elicitur
919 2035 1053 2108 propter
1068 2046 1143 2107 spe-

34 2128 121 2190 ciale
136 2129 309 2206 motivum,
322 2133 399 2212 quia
412 2131 564 2194 videlicet
577 2141 752 2212 peccatum
768 2139 819 2193 est
835 2128 961 2191 offensa
978 2129 1042 2191 Dei
1057 2150 1063 2192 :
1080 2128 1142 2191 hoc

35 2231 128 2292 enim
146 2231 309 2295 motivum
325 2233 367 2296 ad
383 2235 496 2296 omnia
513 2242 649 2315 peccata
672 2253 745 2294 sese
763 2233 927 2308 extendit,
944 2249 982 2295 ac
998 2231 1142 2296 differta

37 2335 168 2396 motivo
183 2335 321 2398 aliarum
335 2338 506 2411 virtutum,
522 2336 727 2417 proindeque
743 2345 794 2399 est
810 2336 972 2399 motivum
989 2334 1142 2417 speciale.

38 2436 134 2518 Ergo
149 2439 348 2517 poenitentia
363 2449 414 2502 est
429 2439 532 2501 virtus
549 2439 709 2520 specialis.

82 2539 171 2602 Haec
193 2549 305 2603 autem
328 2541 432 2605 virtus
455 2542 497 2604 ad
511 2542 683 2622 sitstitr'am
706 2541 972 2603 commutntr'vam
996 2539 1143 2614 retertur,

37 2660 105 2705 non
123 2643 259 2724 quidem
276 2653 436 2725 tanquam
454 2664 529 2726 pars
546 2641 736 2724 subjectiva,
753 2645 811 2707 sed
835 2653 871 2705 ut
887 2654 973 2724 pars
980 2642 1140 2724 potenten-

37 2746 79 2807 lis
93 2759 125 2818 ¹,·
149 2766 295 2827 peream
311 2748 474 2828 siquidem
495 2757 650 2829 peccator
666 2747 778 2827 aliquo
795 2747 896 2810 modo
911 2755 1043 2827 reparat
1059 2745 1142 2825 inju-

37 2849 166 2911 stitiam
190 2869 267 2931 erga
288 2851 396 2913 Deum
420 2850 642 2924 commissam,
659 2870 725 2912 non
749 2849 882 2931 quidem
901 2849 943 2910 ad
961 2845 1141 2928 perledtam

38 2951 279 3035 aequalitatem,
291 2954 348 3015 sed
366 2952 492 3016 meliori
509 2954 596 3034 quod
612 2952 681 3015 lieri
697 2962 809 3035 potest
825 2954 933 3014 modo.
980 2950 1080 3032 Quod
1097 2951 1143 3013 sic

74 3195 82 3218 ¹
99 3183 198 3236 Partes
210 3181 365 3250 subjetlivoe
378 3180 495 3250 alicujus
508 3179 618 3234 virtutis
635 3191 698 3234 sunt
716 3179 800 3232 veluti
821 3177 929 3248 species
946 3178 974 3230 in
992 3194 1062 3248 quas
1076 3171 1155 3231 divi?

38 3271 125 3336 ditur,
139 3287 189 3324 seu
203 3279 296 3338 partes
309 3286 373 3340 quae
386 3269 467 3339 plene
479 3267 648 3337 participant
662 3265 800 3320 rationem
820 3266 892 3320 illius
908 3265 1032 3330 virtutis;
1051 3275 1145 3334 partes

33 3357 213 3426 potentiales,
229 3373 270 3411 eae
284 3367 347 3411 sunt
361 3373 424 3426 quae
437 3355 602 3409 ordinantur
614 3355 651 3408 ad
665 3354 774 3424 aliquos
793 3353 976 3408 secundarios
989 3351 1078 3420 attur,
1093 3369 1145 3406 nec

38 3445 147 3497 habent
161 3453 251 3497 totam
263 3444 418 3511 potentiam
431 3442 513 3511 hujus
526 3441 644 3507 virtutis,
658 3441 709 3494 sed
722 3440 811 3493 solum
826 3439 932 3509 aliquid
950 3439 987 3492 de
1005 3439 1065 3507 ejus
1085 3453 1145 3505 per-

37 3530 173 3585 ieelione.
214 3529 291 3583 Licet
304 3539 398 3583 autem
412 3527 578 3597 poenitentia
591 3527 627 3581 sit
640 3527 749 3596 species
762 3527 892 3595 quaedam
902 3522 1026 3593 justitiae,
1041 3522 1146 3592 aliquid

38 3617 192 3690 participat
205 3617 323 3671 aliarum
336 3615 476 3680 virtutum,
490 3625 520 3668 ut
535 3615 647 3684 egregie
663 3615 821 3668 declaratur
840 3632 857 3668 a
875 3614 905 3666 S.
926 3613 953 3664 T
949 3611 1032 3664 homil
1046 3612 1084 3679 (q.
1100 3610 1143 3678 85,

39 3725 65 3760 a.
83 3719 108 3772 3,
123 3703 161 3758 ad
179 3703 207 3770 4)
222 3722 227 3757 ;
249 3703 418 3756 Poenitentia
430 3712 473 3756 est
487 3718 551 3754 cunt
557 3701 617 3767 fide
630 3699 769 3770 passionis
784 3698 897 3763 Christi,
911 3713 1056 3767 perquam
1067 3697 1146 3764 justi·

40 3795 159 3848 ficamur
172 3807 189 3842 a
202 3791 334 3858 peccatis,
348 3799 375 3844 et
389 3806 452 3842 curn
466 3791 513 3857 spe
525 3788 623 3852 veniae,
636 3797 663 3841 et
683 3803 746 3840 cum
765 3785 829 3839 odio
843 3783 982 3846 vitiorum,
997 3782 1072 3851 quod
1086 3798 1146 3851 per-

39 3881 111 3934 tinet
124 3877 163 3930 ad
175 3877 328 3929 caritatem.
371 3876 402 3928 ln
416 3885 551 3944 quantum
565 3888 631 3924 vero
644 3881 686 3924 est
700 3869 788 3922 virtus
801 3867 924 3930 moralis,
937 3865 1085 3934 participat
1099 3865 1147 3920 ali·

41 3965 110 4036 quid
120 3961 288 4032 prudencia,
305 3978 369 4032 quae
388 3971 431 4015 est
450 3952 588 4014 diredliva
605 3955 731 4010 omniurn
749 3955 901 4018 virtutum;
921 3952 970 4008 sed
984 3970 1018 4006 ex
1031 3952 1092 4022 ipsa
1105 3970 1147 4006 ra·

41 4053 119 4108 tione
130 4046 255 4118 justitia,
269 4065 325 4100 non
339 4048 430 4101 solum
443 4047 526 4100 habet
540 4047 569 4099 id
582 4044 657 4114 qnod
668 4041 784 4112 justitiae
797 4051 849 4106 est,
866 4041 916 4095 sed
933 4041 1018 4096 etiam
1034 4056 1068 4094 ea
1085 4057 1148 4109 quae

42 4149 108 4194 sunt
127 4135 317 4204 rempcranntz
334 4144 362 4187 et
379 4133 566 4198 firrtitudinis,
583 4132 610 4184 in
630 4140 765 4199 quantum
785 4127 892 4182 scilicet
911 4127 1033 4181 abstinet
1052 4127 1088 4179 ab
1107 4127 1148 4180 eis

42 4243 106 4298 quae
119 4219 335 4277 delectationem
349 4231 475 4282 causant,
491 4219 568 4289 quod
586 4221 624 4272 ad
643 4216 859 4286 temperantiam
878 4214 1006 4284 pertinet,
1020 4224 1048 4267 et
1064 4213 1148 4266 susti-

43 4324 90 4368 net
105 4311 184 4375 dura,
197 4308 273 4378 quod
287 4307 406 4377 pertinet
419 4306 456 4358 ad
470 4305 669 4358 tortitudinem.
