2770 4646
303 185 358 234 DE
377 183 765 236 SACRAMENTORUM
783 184 930 236 CAUSA.
1106 177 1165 229 197

76 363 206 429 formam
235 359 487 432 determinandi.
534 368 584 450 (d)
617 368 769 431 Tandem
801 367 920 447 potest,
946 363 1071 444 absque
1101 361 1164 426 ritu

74 471 307 546 sacramentali,
329 471 512 552 producere
532 471 673 554 gratiam
693 469 908 532 sacramentis
929 467 1109 549 propriam,
1128 475 1165 529 ut

72 581 195 634 constat
209 574 373 655 exemplis
390 574 563 656 paralytici
579 586 613 638 et
631 569 854 656 Mag'dalenae,
868 591 1009 654 quorum
1027 579 1164 651 peccata

71 673 137 736 sinc
150 673 216 737 ullo
231 687 442 740 sacramento
457 677 582 740 remisit
594 689 613 739 ¹.
818 677 820 682 ’

222 826 293 886 111.
316 827 453 888 Utrum
477 829 515 886 ln
538 841 677 900 genere
699 829 760 888 vel
784 829 823 886 ln
847 819 1007 898 specle?

109 959 153 1024 82.
203 969 236 1019 10
247 955 365 1019 status
378 957 569 1038 quoestionis.
614 957 673 1040 (A)
687 958 821 1040 Duplici
838 958 939 1022 modo
954 964 1161 1020 sacramenta

68 1078 88 1120 a
107 1059 233 1124 Christo
257 1061 385 1123 institui
407 1071 605 1142 potuerunt:
632 1061 683 1144 (a)
707 1061 741 1122 in
759 1082 883 1143 genere,
906 1058 1160 1124 determinando

67 1161 194 1241 quidem
217 1163 359 1243 gratiam
383 1164 549 1245 propriam
575 1164 671 1244 hujus
698 1163 905 1238 sacramenti,
925 1171 959 1224 ct
981 1160 1160 1224 statuendo

66 1263 157 1326 simul
173 1263 400 1330 adhibendum
417 1285 489 1328 esse
504 1267 636 1348 signum
652 1267 694 1328 ad
710 1265 852 1348 gratiam
870 1265 958 1328 illam
972 1259 1159 1346 significan-

64 1365 138 1427 dam
153 1367 386 1443 idoneum‚scd
402 1367 561 1432 Ecclesiae
578 1367 794 1450 relinquendo
810 1366 914 1447 hujus
924 1365 1009 1448 signi
1025 1361 1157 1428 electio-

65 1487 157 1546 nem,
178 1468 230 1552 (b)
252 1469 288 1531 in
309 1470 415 1550 specie,
431 1470 586 1551 eligendo
602 1490 667 1534 non
685 1471 791 1550 solum
808 1471 960 1552 gratiam,
976 1468 1034 1532 sed
1055 1466 1156 1529 etiam

63 1573 189 1652 signum
205 1572 442 1648 adhibendum,
454 1575 569 1637 addita
586 1573 658 1656 lege
673 1594 714 1636 eo
729 1593 860 1655 semper
871 1572 987 1636 utendi
1001 1593 1008 1648 ;
1027 1571 1073 1634 sic
1086 1591 1114 1632 v.
1126 1590 1156 1650 g.

62 1674 96 1734 in
111 1694 224 1754 genere
243 1683 374 1738 tantum
397 1675 540 1739 instituit
563 1685 807 1738 sacramentum
831 1673 976 1749 Ordinis,
994 1673 1031 1748 si,
1049 1674 1156 1736 deter-

63 1777 183 1839 minata
204 1777 312 1858 gratia
333 1779 465 1859 propria
486 1777 584 1858 hujus
607 1780 819 1852 sacramenti,
840 1775 1015 1859 Apostolis
1035 1795 1156 1872 pracce-

62 1880 142 1959 perit
157 1879 313 1944 adhibere
330 1880 502 1960 quodlibet
523 1880 655 1962 signum
672 1901 716 1944 ex
733 1901 767 1943 se
784 1882 940 1944 idoneum
956 1880 998 1942 ad
1015 1876 1155 1942 austori-

62 1984 135 2045 tatis
155 1982 366 2045 collationem
386 1981 661 2064 significandam
684 2005 703 2046 e
725 1994 842 2048 contra
861 1983 948 2046 idem
971 1999 1155 2044 sacramen-

61 2094 127 2147 tum
144 2087 176 2148 in
193 2086 303 2168 specie
319 2086 471 2162 instituit,
482 2086 508 2148 si
521 2087 715 2168 praeceperit
732 2106 891 2149 manuum
908 2084 1154 2165 impositionem

61 2197 213 2272 tanquam
231 2190 405 2252 materiam
421 2209 553 2270 semper
567 2191 723 2254 adhiberi.

102 2289 166 2378 (B)
187 2293 251 2356 His
267 2292 393 2374 positis,
409 2302 534 2356 certum
551 2293 682 2356 videtur
701 2293 871 2358 Christum
888 2289 1070 2354 instituisse
1087 2308 1152 2350 non

59 2396 160 2458 solum
178 2397 209 2458 in
230 2415 360 2477 genere,
375 2396 433 2458 sed
453 2397 553 2459 ctiam
570 2397 608 2459 in
633 2397 743 2478 specie
765 2396 938 2459 materiam
960 2403 995 2458 et
1013 2391 1153 2456 formam

60 2497 216 2580 baptismi
233 2509 267 2562 et
285 2498 516 2575 Eucharistiae;
538 2498 600 2561 hoc
616 2500 704 2563 enim
721 2499 921 2563 sufficienter
935 2505 1067 2560 constat
1082 2505 1153 2558 tum

59 2620 98 2662 cx
122 2601 303 2682 Scriptura,
325 2610 396 2664 tum
420 2621 464 2664 ex
492 2602 670 2665 traditione
693 2603 842 2665 omnium
868 2600 1100 2674 Ecclesiarum,
1117 2605 1153 2660 ut

58 2703 137 2766 inira
158 2703 353 2784 probabitur
372 2705 508 2785 quando
525 2706 567 2768 de
589 2705 640 2767 his
659 2706 874 2769 sacramentis
893 2703 1152 2786 disputabimus;

58 2806 111 2868 sed
131 2807 389 2870 controvertitur
411 2817 521 2870 utrum
544 2807 631 2872 idem
653 2808 831 2872 dicendum
853 2809 895 2870 sit
911 2809 953 2870 de
969 2805 1085 2868 ceteris
1102 2824 1152 2882 sa-

58 2910 240 2983 cramentis,
261 2917 294 2972 et
316 2910 498 2990 praesertim
518 2910 561 2972 de
584 2910 853 2985 Confirmatione,
871 2911 967 2972 Extr.
985 2905 1153 2972 Undiione

57 3020 86 3074 et
101 3009 237 3076 Ordine.

94 3120 144 3196 83.
190 3127 226 3176 20
240 3113 345 3176 Prior
358 3116 525 3178 sententia.
569 3117 676 3197 Juxta
698 3116 901 3192 Suareziurrr‚
919 3117 954 3180 S.
971 3115 1151 3197 Ligarium,

56 3217 232 3298 aliosque2,
262 3218 410 3282 omnium
442 3230 724 3285 sacramentorum
756 3222 894 3284 materia
924 3231 957 3284 ct
985 3220 1090 3283 sorma
1118 3220 1149 3280 in

57 3321 158 3399 specie
174 3320 407 3384 determinatae
423 3331 500 3384 sunt
516 3343 535 3384 a
552 3321 705 3403 Christo;
727 3344 803 3386 nam
825 3323 876 3405 (a)
898 3324 928 3386 T
926 3324 988 3386 rid.
1004 3322 1150 3385 declarat

57 3420 236 3486 Ecclesiam
268 3425 313 3485 nil
345 3445 442 3505 posse
472 3426 558 3488 circa
592 3439 874 3491 sacramentorum
908 3427 1150 3500 substantiam

56 3527 139 3606 atqui
156 3526 184 3587 si
202 3524 353 3588 Ecclesia
368 3547 389 3588 a
405 3526 538 3590 Christo
553 3531 729 3611 recepisset
746 3539 945 3611 potestatem
963 3527 1102 3610 elegendi
1116 3530 1150 3590 in

55 3630 143 3706 specie
159 3628 334 3691 materiam
351 3638 385 3692 et
402 3628 541 3692 sormam
558 3642 848 3708 sacramentorum,
865 3633 998 3694 casdem
1022 3641 1150 3694 mutare

56 3741 167 3806 posset.
216 3716 267 3812 (b)
288 3730 324 3795 Si
348 3730 498 3794 Christus
522 3734 707 3816 reliquisset
724 3735 883 3798 Ecclesiae
899 3742 1099 3815 potestatem
1117 3733 1148 3795 in

55 3836 155 3911 specie
180 3833 426 3897 determinandi
449 3839 620 3900 materiam
640 3849 673 3901 et
694 3839 835 3902 sormam
857 3847 1150 3911 sacramentorum,

55 3933 175 4017 aliquot
192 3936 333 4016 vestigia
349 3936 447 4017 hujus
467 3941 642 4019 potestatis
660 3942 691 4002 in
710 3941 827 4021 Script.
844 3951 902 4004 aut
918 3942 1043 4004 Tradit.
1061 3943 1149 4003 inve÷

85 4122 191 4174 ‘Mala
210 4121 262 4184 IX,
276 4137 291 4176 ι
304 4137 311 4188 ;
330 4121 397 4175 Luc.
413 4123 481 4188 Vll,
494 4123 538 4187 48.

84 4201 223 4273 ²Suarea,
232 4206 305 4276 disp.
319 4207 357 4274 ll,
371 4206 438 4262 sest
448 4225 480 4279 33
494 4210 525 4264 S.
536 4209 708 4278 alphonsus,
719 4229 744 4266 n.
758 4227 802 4278 ¹23
816 4213 849 4266 de
861 4215 1044 4283 augustinis,
1054 4214 1092 4266 th.
1107 4228 1149 4282 133

61 4289 127 4360 Τφι,
142 4311 170 4348 n.
186 4305 220 4360 23
234 4311 275 4365 sq,
