2752 4648
253 173 315 223 ⁴18
697 170 838 221 CAPUT
856 171 897 219 11.

256 289 394 300 —--——
423 291 515 297 -----
542 291 727 297 -----.
782 289 947 297 -.-.-..-

255 356 380 419 nullum
396 356 553 420 timeatur
567 356 771 430 scandalum,
782 355 834 418 vel
849 355 877 418 si
893 365 1009 418 notum
1026 353 1069 418 sit
1085 351 1259 435 parochum
1274 371 1327 413 non

254 479 326 520 esse
346 458 522 538 jejunum:
549 478 616 540 quo
638 477 716 520 casu
742 457 936 521 scandalum
962 479 1006 520 ex
1033 457 1105 538 ipsa
1131 454 1329 518 celebratione

254 563 400 624 oriretur.

254 663 302 744 (c)
318 663 500 726 Necessitas
514 663 646 726 nitendi
660 663 904 726 irreverentiam
920 681 998 743 erga
1015 662 1076 726 SS.
1090 661 1329 729 Sacramentum,

255 788 282 828 v.
294 787 325 848 g.
337 767 363 829 si
380 767 561 848 periculum
578 767 621 830 sit
637 787 679 828 ne
694 787 787 829 sacra
802 767 912 829 hostia
928 776 1050 847 pereat,
1062 765 1113 828 vel
1131 763 1217 828 male
1231 759 1329 826 trane-

254 880 307 932 tur
322 869 365 932 ab
381 869 564 949 baeretieis;
587 872 666 932 item
683 869 709 931 si
725 871 879 932 sacerdos
895 878 970 950 post
986 867 1192 933 ablutionem
1205 865 1330 929 inveniat

254 969 431 1051 particulas
461 989 570 1032 sacras
599 971 717 1035 elidem
750 971 854 1034 Missa
883 982 1113 1047 consecratas;
1144 971 1174 1033 vi
1200 968 1330 1050 ejusdem

254 1073 415 1155 principii,
430 1073 457 1134 si
473 1072 582 1136 hostia
605 1075 718 1156 palato
740 1075 918 1150 adhaereat,
933 1084 1009 1156 post
1029 1074 1252 1156 sumptionem
1269 1069 1331 1132 cali·

253 1177 309 1250 cis,
325 1186 435 1257 potest
451 1197 572 1258 aquam
589 1197 719 1242 sumere
734 1188 771 1240 ut
786 1177 930 1242 hostiam
946 1177 1119 1258 deglutiat.

253 1277 306 1360 (d)
332 1278 518 1342 Periculum
537 1281 726 1360 proximum
753 1281 867 1345 retortis
896 1281 1075 1362 prudenter
1101 1280 1333 1346 existimatum

254 1392 333 1445 tunc
355 1381 442 1445 enim
464 1383 655 1446 communio
674 1384 878 1447 ministratur
898 1403 956 1464 per
975 1383 1112 1446 modurn
1135 1383 1259 1456 viatici;
1280 1397 1332 1441 non

254 1487 429 1569 requiritur
458 1496 495 1548 ut
525 1487 707 1568 periculum
738 1487 781 1550 sit
810 1495 947 1562 certum,
975 1486 1033 1548 sed
1065 1505 1141 1548 vere
1171 1480 1333 1566 probabile.

255 1592 406 1654 Durante
421 1588 540 1652 eodem
556 1591 701 1672 periculo
717 1590 842 1664 mortis,
857 1587 998 1664 infirme,
1014 1607 1077 1650 non
1093 1587 1217 1668 jejuno,
1231 1587 1333 1649 iterum

253 1693 324 1756 dari
341 1701 451 1774 potest
466 1694 658 1756 communio
674 1692 869 1774 frequenter,
881 1693 949 1755 imo
963 1691 1122 1772 quotidie.
1134 1692 1161 1752 si
1176 1699 1290 1772 agatur
1302 1689 1335 1750 de

253 1817 293 1859 eo
305 1797 360 1878 qui
374 1795 522 1877 quotidie
534 1796 779 1858 communicare
790 1806 1006 1859 consueverat
1019 1815 1026 1870 ;
1045 1793 1071 1854 si
1088 1804 1201 1856 autem
1217 1789 1335 1854 morbus

254 1920 319 1962 non
335 1899 379 1963 sit
395 1897 603 1980 periculosus,
614 1899 744 1962 etiamsi
760 1898 944 1972 diuturnus,
957 1915 1023 1958 non
1036 1895 1121 1968 licet,
1131 1895 1202 1957 sine
1217 1890 1334 1976 speciali

254 2002 385 2066 licentill
402 2003 434 2068 S.
453 2001 631 2076 Pontificis‚
645 2002 725 2064 dare
739 2001 1009 2064 communionem
1026 1997 1158 2074 infirmo
1182 2017 1245 2060 non
1265 1994 1336 2076 jeju·

253 2127 306 2182 no,
326 2107 426 2169 etiam
447 2115 595 2186 tempore
616 2105 809 2180 Pascbali¹;
839 2105 896 2167 sed
918 2103 950 2165 in
971 2100 1028 2164 tali
1051 2121 1128 2164 casu
1149 2111 1259 2182 posset
1276 2092 1335 2159 dari

253 2209 444 2272 communio
470 2208 582 2270 statim
612 2217 687 2289 post
715 2209 860 2271 mediam
888 2203 1029 2269 nostem.
1083 2205 1230 2285 Insuper,
1251 2201 1336 2280 juxta
1374 2209 1375 2216 ’

252 2307 439 2370 Leltmkulrl
448 2307 494 2386 (n.
515 2306 588 2387 161)
610 2307 781 2387 probabile
796 2319 846 2371 est
863 2307 959 2370 licere
975 2308 1139 2370 sacerdoti
1157 2327 1223 2370 non
1235 2303 1337 2386 jejuno

255 2411 394 2474 Missam
410 2409 584 2484 celebrare,
595 2410 662 2471 imo
678 2409 801 2486 binare,
813 2411 855 2473 ad
873 2410 1129 2474 ministrandum
1145 2409 1295 2473 viaticum
1309 2405 1334 2466 in

252 2534 330 2576 casu
358 2522 519 2576 extremae
545 2513 763 2588 necessitatis,
790 2513 817 2575 si
842 2513 969 2595 species
995 2522 1196 2576 consecratas
1222 2511 1334 2574 desint:
1373 2499 1374 2525 ¹

253 2615 308 2678 lex
324 2615 412 2678 enim
429 2615 541 2676 divina
556 2615 712 2680 viaticum
728 2616 908 2697 recipiendi
928 2615 990 2696 legi
1010 2615 1239 2678 ecclesiasticae
1258 2621 1334 2674 ante·

252 2718 330 2800 poni
345 2716 455 2780 debet.
1372 2707 1373 2730 ¹

295 2831 362 2911 146.
411 2845 445 2895 20
461 2831 614 2896 Decentia
630 2835 776 2915 corporis.

300 2950 330 2999 1⁰
346 2937 424 3017 Jure
440 2936 581 2998 naturali
602 2937 777 3018 requiritur
795 2936 837 2999 ad
858 2936 890 3001 S.
908 2938 1178 3001 communionem
1195 2958 1233 3001 ea
1247 2945 1334 3015 cerpo-
1371 2935 1372 2969 l

252 3041 299 3103 ris
314 3051 344 3102 et
359 3041 497 3103 vestirem
512 3040 694 3120 conposito
716 3061 791 3121 quae
813 3040 976 3104 internam
998 3041 1119 3103 animae
1140 3040 1333 3104 devotionem

251 3142 410 3206 exhibeat
423 3166 431 3222 ;
452 3143 535 3204 ratio
551 3151 601 3204 est
617 3143 695 3222 qnia
712 3142 771 3207 SS.
784 3142 1001 3206 Sacramento
1013 3163 1079 3205 non
1094 3143 1202 3206 solum
1215 3143 1335 3206 interna,
1370 3175 1371 3193 r

252 3248 309 3308 sed
325 3247 426 3308 etiam
442 3256 582 3310 externa
597 3246 738 3309 debetur
753 3247 929 3310 veneratio.
977 3245 1067 3308 Hinc
1082 3246 1133 3327 (a)
1151 3245 1296 3310 mulieres
1309 3241 1334 3300 in

252 3349 405 3413 modesto
416 3358 534 3410 ornatu
548 3348 589 3409 ad
603 3369 730 3412 sacram
745 3369 894 3412 mensam
907 3351 1063 3413 accedere
1078 3349 1220 3424 debent;
1234 3349 1260 3410 si
1271 3365 1334 3427 que
1369 3351 1370 3415 l

250 3450 378 3514 nudato
399 3448 531 3533 petione
553 3450 748 3514 accederent
767 3451 800 3514 in
826 3452 1016 3534 regionibus
1035 3451 1090 3515 ubi
1107 3452 1207 3515 hoca
1223 3445 1334 3514 mortali

250 3555 400 3618 excusari
429 3553 552 3633 nequit,
575 3553 654 3636 ipsis
678 3555 859 3636 prudenter
881 3556 1081 3638 deneganda
1104 3565 1192 3618 esset
1216 3553 1246 3619 S.
1261 3568 1334 3614 com·
1368 3543 1369 3637 l

251 3657 374 3720 munio.
427 3654 479 3738 (b)
502 3655 667 3718 Convenit
687 3667 722 3720 ut
743 3657 864 3721 milites
881 3659 1179 3732 communicantes,
1194 3652 1334 3738 depositis

296 3789 307 3793 -
311 3788 345 3794 -
353 3788 423 3794 -..
610 3789 824 3796 ——-——
830 3791 922 3798 -.-—-
927 3792 945 3798 -.
950 3793 963 3798 -
1168 3787 1299 3799 -—·-·-‘

287 3845 432 3911 ¹Quidam
453 3843 582 3898 entiores
605 3857 705 3914 putant
725 3847 753 3901 id
775 3847 832 3902 tieri
857 3865 939 3917 posse
962 3860 1087 3919 tempore
1111 3850 1244 3918 paschali,
1264 3847 1334 3900 etiarn

250 3930 357 3998 absque
371 3930 486 3996 indulto,
498 3931 521 3983 si
532 3930 585 3984 hoc
599 3931 680 3986 facile
694 3933 813 3989 obtineri
827 3947 956 4004 nequeat,
966 3937 1031 4006 quia
1044 3945 1218 4005 praeceptum
1230 3936 1335 3989 decom·

249 4015 382 4070 munione
402 4018 505 4082 annua,
524 4029 620 4086 utpote
641 4020 888 4076 determinativum
905 4021 976 4092 juris
998 4021 1095 4089 divini,
1113 4033 1255 4092 praecepto
1274 4031 1334 4072 mere

249 4100 441 4154 ecclesiastico
460 4104 638 4170 praestantius
651 4117 702 4160 est.
741 4107 797 4160 Cir.
816 4109 966 4175 Gespam',
982 4125 1008 4162 n.
1028 4122 1103 4177 1129.
1147 4110 1286 4164 lndultum
1299 4119 1334 4156 au·

250 4187 469 4326 temgsatgiacile
488 4190 670 4256 conceditur;
688 4193 737 4248 eir.
759 4194 857 4248 Aruer.
879 4195 984 4249 Eccles.
1008 4195 1130 4263 Revr'ene,
1150 4207 1256 4266 august.
1276 4189 1335 4256 ¹893·

252 4289 276 4326 n.
294 4288 304 4326 1
330 4286 368 4325 1·1
391 4283 415 4339 5.
