2738 4646
192 159 249 208 De
266 156 777 218 MYSTER10‚PnAEsuu'rtAE
796 163 961 214 nehus.
1060 164 1127 216 :323

43 347 94 388 non
106 343 198 392 cessat
208 335 309 393 vocari
321 349 437 395 coecus¹
450 357 458 408 ;
476 338 518 397 sic
528 338 620 400 etiam
634 339 725 397 hodie
739 339 768 396 in
782 341 864 398 sacra
878 340 995 411 liturgia
1008 341 1124 412 species

42 429 216 478 consecratas
234 420 362 482 dicimus
381 425 514 496 “panem
533 425 670 484 sanctum
688 426 756 484 vitae
778 435 908 497 aeternae,
931 443 1040 498 panem
1066 444 1125 484 coe-

42 504 227 567 lestem''etc.
891 523 894 530 ·

69 613 106 666 24
142 597 194 666 (D)
208 597 253 654 Ex
271 607 412 656 contextu
431 599 520 658 verba
539 600 652 668 Christi
668 601 855 673 metaphorice
872 601 1024 660 audienda
1045 611 1127 666 sunt;

41 698 102 739 nam
115 684 300 742 Eucharistia
312 696 357 743 est
370 699 584 746 sacramentum
595 708 603 759 ;
622 689 704 760 atqui
718 697 936 748 sacramentum
949 699 994 748 est
1007 689 1128 762 signum

40 767 148 828 alterius
161 772 201 830 rei
206 791 215 842 ;
234 789 305 843 ergo
318 771 407 832 verba
418 773 526 833 Christi
541 773 580 833 de
592 775 678 846 siguo
689 775 821 848 corporis
834 774 879 833 sui
892 776 988 848 accipi
1001 775 1123 835 debent.

70 854 150 928 Resp.
166 880 177 912 .·
203 857 337 930 Disting.
353 859 422 916 min.
434 881 448 926 ,·
475 860 699 920 Sacramentum
714 873 757 920 est
774 863 1024 934 signum-gratia,
1039 880 1128 929 coac„-

41 951 79 998 est
87 943 202 1014 signum
212 945 338 1016 corpan's
346 947 533 1017 etsangaiais
542 947 750 1020 Christinega.
788 948 1028 1021 IgiturApostoli
1043 949 1128 1007 intel-

40 1027 120 1098 ligere
133 1041 294 1102 potuerunt
308 1031 524 1090 Eucharistiam
539 1051 604 1092 esse
617 1034 734 1106 signum
752 1035 853 1106 gratiae
870 1053 937 1106 quae
957 1035 986 1093 in
1006 1035 1064 1092 hoc
1083 1053 1125 1091 sa-

40 1127 184 1176 cramento
196 1119 378 1190 producitur,
394 1137 455 1178 non
468 1131 568 1180 autem
585 1122 702 1193 signum
718 1123 781 1192 ejus
794 1121 945 1194 corporis;
963 1123 1046 1193 quod
1063 1123 1126 1193 qui-

41 1201 101 1259 dem
119 1214 236 1262 constat
255 1223 290 1263 ex
308 1206 401 1264 modo
414 1224 475 1278 quo
488 1207 577 1266 verba
592 1207 725 1280 Magistri
745 1208 882 1278 referunt,
899 1226 992 1280 quum
1012 1225 1126 1280 expres·

41 1287 130 1347 siones
142 1291 182 1348 ab
195 1291 267 1364 ipsis
279 1291 421 1352 adhibitae
439 1311 559 1353 sensum
579 1295 816 1367 metaphoricum
829 1295 996 1364 excludant,
1013 1312 1048 1352 ex
1064 1295 1126 1365 jam

41 1374 128 1434 dlelis.

70 1481 107 1536 ις
148 1467 199 1536 (Ε)
218 1465 354 1525 Christus
373 1467 591 1526 Eucharistiam
611 1468 737 1526 instituit
756 1469 786 1525 in
805 1469 849 1526 sui
870 1468 1126 1546 commemoratio-

42 1568 120 1608 nem:
140 1555 157 1586 “
166 1553 238 1612 Hoc
251 1554 338 1613 iacite
350 1555 380 1612 in
394 1573 492 1614 meam
505 1557 821 1614 commemorationem
831 1557 883 1628 ”²3
901 1557 982 1629 atqui
997 1573 1127 1613 comme·

42 1639 157 1696 nioratio
177 1658 238 1697 non
258 1639 290 1698 fit
309 1643 470 1713 praesentis,
486 1643 540 1700 sed
558 1642 690 1700 absentis
698 1638 751 1709 ”⁸3
771 1661 841 1714 ergo
855 1643 990 1702 Christus
1009 1653 1127 1700 nonest

42 1740 161 1795 praesens
173 1727 204 1784 in
220 1728 414 1787 Eucharistiai.

71 1813 151 1888 Resp.
168 1837 179 1871 :
198 1815 328 1886 Disting.
344 1816 422 1885 min,
436 1834 497 1875 non
511 1817 543 1874 fit
560 1817 806 1875 commemoratio
819 1818 859 1875 rei
875 1818 1026 1890 praesentis
1039 1818 1128 1876 simul

42 1909 67 1956 et
78 1900 207 1969 visibilis,
222 1921 308 1972 conc.,·
325 1905 365 1962 rei
380 1905 542 1976 praesentis,
557 1904 685 1963 sednon
700 1904 831 1973 visibilis,
845 1923 934 1976 nego,
952 1923 1019 1962 nam
1034 1923 1127 1977 quum

42 1985 187 2048 invisibilis
199 1991 246 2061 sit,
257 1990 287 2049 in
301 1991 484 2051 oblivionem
497 1992 604 2050 cadere
617 2003 727 2065 posset,
738 2001 767 2049 et
780 2009 811 2049 re
823 1990 1008 2063 aliquatenus
1021 1991 1127 2049 visibili

42 2075 256 2134 commemorari
276 2075 375 2136 debet.
414 2075 553 2149 Jamvero
566 2076 702 2136 Christus
721 2085 766 2134 est
786 2075 908 2146 quidem
928 2075 1044 2133 realiter
1057 2093 1128 2147 prae-

43 2175 102 2216 sens
119 2161 148 2218 in
169 2162 364 2228 Eucharistii,
379 2162 432 2221 sed
452 2163 645 2229 invisibiliter,
665 2163 722 2220 sub
740 2161 897 2234 speciebus
917 2162 1002 2234 panis
1020 2173 1050 2220 et
1068 2163 1128 2225 vini

43 2244 134 2318 latens,
151 2249 338 2321 proindeque
357 2259 454 2321 potest
473 2261 502 2308 et
521 2250 612 2308 debet
631 2248 867 2318 commemorari,
884 2257 972 2320 prout
984 2247 1077 2305 fusius
1089 2249 1128 2306 ab

43 2333 180 2403 Apostolo
190 2335 371 2397 declaratur⁴
383 2357 388 2392 :
409 2336 506 2394 “Hoc
517 2337 603 2394 tacite
613 2336 863 2407 quotiescumque
874 2333 982 2392 bibetis
991 2333 1022 2390 in
1031 2351 1128 2396 meam

43 2421 357 2480 commemorationem.
397 2421 655 2493 Quotiescumque
676 2421 755 2479 enim
779 2419 999 2500 manducabitis
1020 2437 1128 2498 panem

43 2503 113 2562 hunc
130 2516 160 2564 et
177 2507 301 2565 calicem
320 2507 436 2576 bibetis,
453 2517 578 2566 mortem
595 2507 717 2565 Domini
730 2506 953 2577 annuntiabitis,
970 2507 1069 2565 donec
1082 2525 1128 2564 ve-

43 2592 127 2674 nlat'f.
168 2594 207 2652 Et
227 2613 298 2654 sane
317 2594 475 2668 perieciius
489 2594 660 2654 memoriale
674 2595 819 2668 passionis
834 2595 955 2652 Domini
970 2594 1130 2666 excogitari

44 2682 137 2753 nequit
155 2700 245 2755 quam
266 2701 348 2740 sacra
361 2683 554 2752 Eucharistia,
570 2699 659 2740 sensu
678 2683 827 2740 catholico
847 2681 1005 2753 intelleila,
1023 2683 1052 2739 in
1070 2683 1129 2754 quit

43 2766 168 2830 Christus
182 2770 298 2828 realiter
312 2787 439 2843 praesens
453 2770 509 2828 sub
522 2770 679 2842 speciebus
693 2771 777 2842 panis
791 2780 820 2828 et
833 2769 892 2826 vini
906 2770 945 2828 de
959 2786 1037 2827 novo
1047 2770 1127 2827 Patri

44 2857 162 2928 seipsum
177 2858 271 2916 offert.
957 2905 959 2912 ,
1126 2927 1130 2932 ¹

72 2950 107 3002 ab
145 2945 196 3015 (F)
208 2943 372 3018 Zau'nglias
383 2943 471 3002 aliam
484 2943 697 3012 difficultatem,
714 2944 822 3014 angelo
836 2941 968 3012 quodam
982 2940 1130 2999 noilurno

44 3041 219 3100 suggerente,
232 3041 426 3103 proposuerat
439 3048 529 3104 quam
543 3028 773 3101 insuperabilem
789 3027 919 3100 putabat,
931 3027 985 3086 sed
998 3045 1065 3099 quae
1078 3027 1128 3086 ho-

44 3113 85 3172 die
96 3134 112 3174 a
124 3116 221 3176 anais
236 3117 472 3176 Protestantibus
491 3127 522 3194 ut
541 3116 660 3174 imbelle
674 3115 765 3173 telum
779 3115 950 3185 agnoscitur
962 3133 969 3184 ;
988 3114 1131 3184 arguebat

45 3218 78 3258 sc.
92 3221 125 3262 ex
140 3203 239 3262 Exod.
255 3205 329 3275 XII,
348 3222 387 3276 11,
402 3205 452 3262 ubi
473 3205 512 3263 de
531 3221 610 3276 agno
629 3202 761 3274 paschali
781 3202 911 3262 dicitur:
935 3202 1011 3259 “Sic
1030 3212 1129 3260 autem

45 3292 196 3350 comedetis
215 3291 297 3348 illum
316 3313 322 3349 :
345 3309 430 3349 renes
449 3303 560 3349 vestros
579 3289 740 3360 accingetis
799 3289 932 3360 esteaim
946 3289 1037 3360 phase
1056 3290 1086 3360 (i.
1102 3308 1128 3349 e.

46 3378 186 3448 transitus)
201 3377 325 3436 Domini
335 3377 369 3448 ”3
392 3395 496 3435 sensus
513 3377 592 3436 enim
612 3375 700 3446 hujus
720 3387 815 3434 textus
829 3385 882 3446 est,
897 3374 1003 3444 aiebat,
1019 3392 1130 3445 agnum

46 3465 203 3532 paschalem
217 3483 299 3534 esse,
308 3465 326 3520 i.
339 3482 364 3522 e.
377 3465 541 3536 significare
553 3464 707 3520 transitum
723 3463 845 3520 Domini
858 3483 865 3532 ;
884 3480 954 3533 ergo
967 3479 984 3518 a
998 3462 1058 3533 pari
1073 3462 1131 3518 hoc

46 3559 82 3605 est
93 3567 198 3624 corpus
212 3568 314 3608 meum
328 3551 406 3610 idem
420 3561 464 3608 est
477 3569 512 3608 ac
525 3551 582 3607 hoc
596 3548 742 3620 significat
756 3565 864 3621 corpus
878 3565 987 3606 meum.

74 3638 153 3710 Resp.
170 3661 181 3696 .·
204 3639 348 3696 Contexta
360 3639 490 3710 inspetto,
507 3637 685 3696 vocabulum
698 3644 741 3694 cst
751 3637 791 3694 ibi
812 3654 872 3694 non
892 3635 972 3694 idem
992 3645 1077 3692 sonat
1096 3653 1131 3692 ac

46 3721 184 3796 satrapiae,
197 3725 250 3784 sed
264 3743 348 3782 suam
363 3725 512 3797 propriam
523 3723 771 3796 significationem
786 3723 892 3781 retinet
906 3744 912 3780 :
932 3721 1069 3778 videlicet
1083 3721 1132 3780 hic

47 3806 210 3869 describitur
222 3811 295 3869 ritus
308 3812 462 3883 paschalis
479 3821 507 3870 et
525 3820 629 3883 postea
646 3809 844 3881 subjungitur,
858 3809 940 3879 juxta
959 3806 1131 3866 hebraicum

48 3901 147 3954 textum
160 3919 167 3954 2
180 3898 274 3970 phase
285 3905 327 3953 est
337 3898 473 3968 Donn'no,
487 3915 540 3954 seu
554 3897 618 3954 haec
632 3897 703 3967 dies,
716 3914 808 3961 sacra,
821 3894 915 3950 dicata
929 3904 972 3951 est
987 3894 1130 3961 Domino,

47 3981 112 4042 sicut
124 3998 153 4044 et
165 4004 220 4044 nos
233 3985 362 4043 dicimus
375 4007 381 4042 :
393 3985 457 4042 haec
470 3994 514 4043 est
529 3983 650 4052 Pascha,
661 4001 713 4042 seu
726 3983 790 4040 dies
806 3981 927 4039 Paschae
943 3983 1008 4040 Deo
1022 3982 1128 4041 dicata.

77 4167 83 4189 ¹
89 4171 151 4239 Jaa.
168 4171 219 4235 tx,
238 4183 276 4239 17.
292 4167 428 4224 -¹erc.
445 4169 543 4236 XXII,
559 4186 599 4236 19.

76 4251 86 4286 ³
99 4258 139 4312 lta
150 4255 355 4328 Scaff-Hcraog
366 4257 481 4326 Encycl.
498 4273 523 4326 p.
541 4271 616 4325 13⁴7·
631 4287 663 4295 -
676 4253 686 4284 ⁴
698 4257 719 4310 I
730 4256 790 4310 Cor.
806 4256 857 4322 Xl,
872 4257 913 4312 26.
