2770 4646
223 171 278 220 DE
296 171 686 222 SACRAMENTORUM
706 171 975 221 EFFECTIBUS.
1087 171 1146 220 177

63 349 175 412 dixerit
189 372 266 415 sacr.
285 353 325 415 N.
344 352 443 434 Legis
460 372 525 415 non
542 353 711 415 continere
734 353 886 434 gratiam,
902 372 1002 433 quam
1020 350 1143 434 signifi-

62 463 139 526 cant,
153 455 364 536 aut'gratiam
390 457 495 537 ipsam
519 476 585 518 non
611 456 811 538 ponentibus
834 458 963 520 obicem
984 474 1050 517 non
1067 475 1143 517 con-

61 553 143 631 lerre,
158 559 249 638 quasi
271 559 366 640 signa
388 567 518 623 tantum
543 569 684 620 externa
706 560 772 621 sint
793 569 939 641 acceptae
962 579 1020 640 per
1043 555 1143 620 fidem

59 659 165 736 gratiae
181 661 229 722 vel
245 660 393 742 justitiae,
410 670 443 723 et
465 671 554 724 notae
577 663 731 744 quaedam
754 662 951 726 Christiana:
971 660 1143 743 professio·

61 761 111 834 nis,
126 764 244 843 quibus
265 765 354 846 apud
379 765 529 827 homines
552 767 782 830 discernuntur
805 767 918 831 fideles
941 767 984 829 ab
1005 765 1143 828 infideli·

59 864 120 936 bus,
137 866 176 928 A.
195 867 245 931 S.”
291 869 357 932 “Si
378 867 451 949 quis
467 869 598 945 dixerit,
614 892 673 952 per
688 871 759 953 ipsa
776 871 816 934 N.
835 871 871 933 L.
888 891 966 932 sacr.
983 889 1027 931 ex
1044 887 1143 951 opere

58 979 185 1046 operato
202 991 269 1033 non
284 969 424 1033 conferri
440 971 591 1053 gratiam,
607 971 664 1034 sed
684 971 787 1033 solam
810 969 908 1032 fidem
932 970 1053 1032 divinae
1069 987 1143 1050 pro·

57 1071 211 1134 missionis
228 1075 270 1138 arl
290 1073 430 1154 gratiam
447 1074 713 1155 consequendam
730 1071 887 1148 sufficere,
901 1073 939 1136 Α,
954 1072 1004 1136 5.”
1043 1071 1143 1136 Obex

55 1175 172 1256 dequo
188 1179 308 1266 agitur,
324 1187 375 1240 est
396 1178 517 1240 animae
540 1176 715 1258 dispositio
738 1176 853 1256 gratiae
878 1173 1032 1238 infusioni
1049 1195 1141 1255 repu-

55 1297 153 1356 gnans
169 1281 220 1350 vel
238 1280 398 1354 absolute,
415 1279 465 1342 vel
482 1280 664 1341 secundum
682 1287 877 1359 praesentem
893 1278 1142 1359 Dei'providen-

55 1381 139 1460 tiam,
152 1371 190 1445 ut
213 1379 363 1445 defectus
385 1375 471 1457 fidei,
487 1383 566 1463 spei,
583 1381 760 1442 attritionis
777 1381 810 1442 in
826 1381 1040 1443 sacramentis
1057 1401 1141 1442 mor-

55 1491 188 1559 tuorum,
218 1495 253 1547 et
283 1485 486 1548 conscientia
517 1484 645 1566 peccati
676 1482 823 1546 mortalis
858 1484 891 1545 in
929 1485 1143 1545 sacramentis

54 1587 206 1651 vivorum.
281 1601 283 1606 ’

92 1691 138 1768 46.
186 1687 252 1776 (Α)
271 1691 365 1754 Prob.
384 1691 563 1772 Scriptura.
608 1690 709 1752 “Nisi
733 1691 807 1771 quis
830 1700 963 1753 renatus
988 1690 1083 1753 suerit
1106 1712 1145 1752 ex

55 1799 134 1872 aqua
155 1804 188 1858 et
211 1793 336 1877 Spiritu
362 1795 393 1859 S.
411 1814 476 1856 non
501 1803 612 1875 potest
634 1794 768 1856 introire
791 1795 823 1856 in
849 1814 985 1874 regnum
1007 1795 1069 1857 Dei
1080 1794 1096 1820 ”
1111 1809 1142 1872 ι;

55 1901 70 1925 “
83 1895 256 1962 Admoneo
272 1908 305 1962 te
321 1909 358 1960 ut
374 1898 546 1960 resuscites
562 1897 704 1979 gratiam
723 1897 796 1971 Dei,
812 1918 886 1979 qua:
911 1908 961 1960 est
983 1898 1013 1958 in
1026 1881 1067 1960 'te
1080 1909 1145 1978 per

54 2000 294 2080 impositionem
317 2021 475 2064 manuum
499 2021 646 2063 mearum
658 2002 673 2026 ”
686 2013 722 2079 2;
746 2000 889 2064 “Salvos
914 2020 973 2062 nos
998 2001 1073 2064 lecit
1082 2014 1145 2081 per

55 2101 212 2167 lavacrum
242 2105 499 2185 regenerationis
511 2105 526 2131 '⁹
539 2103 558 2166 ⁸.
606 2104 660 2166 Ex
690 2104 810 2185 quibus
841 2104 989 2166 textibus
1016 2104 1142 2186 duplex

53 2199 279 2288 argumentum
308 2209 490 2283 deducitur,
517 2226 619 2270 unum
646 2208 807 2288 generale,
834 2208 973 2270 alterum
1001 2209 1143 2289 speciale

53 2330 110 2389 pro
125 2312 316 2392 Baptismo:
340 2311 390 2392 (a)
407 2312 451 2374 ibi
469 2311 556 2373 enim
574 2311 760 2373 declaratur
776 2296 916 2393 gratiam
934 2311 1072 2374 conferri
1082 2324 1146 2393 per

51 2424 253 2478 sacramenta
283 2425 317 2477 et
347 2435 386 2477 ex
414 2415 649 2490 sacramentis;
680 2414 771 2496 atqui
800 2414 969 2502 particulae
1000 2421 1142 2497 “peret

50 2515 120 2590 εΗ,
135 2537 207 2580 cum
226 2527 388 2580 contextu
405 2527 556 2599 sumptae,
573 2515 761 2597 significant
784 2519 926 2598 gratiam
944 2516 1142 2581 instrumen-

51 2619 163 2695 taliter,
178 2641 236 2682 seu
260 2641 303 2682 ex
325 2641 425 2703 opere
448 2629 594 2701 operatu,
614 2641 633 2682 a
654 2621 868 2682 sacramentis
892 2622 1040 2698 causari,
1064 2641 1141 2684 nam

51 2742 89 2782 ex
111 2743 145 2786 se
167 2725 230 2784 tria
246 2723 433 2804 significare
450 2733 598 2804 possunt,
614 2743 748 2786 causam
767 2724 990 2805 principalem,
1007 2745 1140 2787 causam

51 2825 340 2900 instrumentalem,
356 2826 407 2888 vel
431 2845 565 2888 causam
589 2827 841 2906 dispositivam;
865 2827 955 2907 atqui
979 2827 1031 2888 hic
1055 2837 1142 2891 certe

50 2919 187 2991 causam
199 2929 414 3011 principalem
436 2930 561 3011 gratiae,
577 2949 652 3009 quae
674 2929 762 2991 solus
786 2929 877 2992 Deus
900 2938 959 3020 est,¹
975 2948 1040 2991 non
1057 2929 1140 2992 desi-

50 3042 156 3109 gnant,
180 3051 241 3094 nec
265 3031 387 3113 pariter
411 3051 544 3094 causam
574 3021 814 3113 dispositiram,
837 3051 939 3111 quum
964 3051 1024 3093 nec
1047 3051 1142 3114 aqua,

50 3152 104 3196 nec
120 3153 278 3197 manuum
297 3134 467 3215 impositio
483 3133 718 3214 dispositiones
730 3153 802 3196 esse
816 3133 960 3214 possint;
976 3154 1055 3216 ergo
1067 3157 1141 3197 cau-

50 3254 113 3298 sam
132 3235 419 3298 instrumentalem
438 3236 660 3301 manilestant.
812 3241 813 3246 ’

89 3338 252 3429 Oin'cr'rrnr
266 3338 403 3418 quidem
421 3339 647 3401 Protestantes
672 3340 704 3400 in
729 3339 841 3400 multis
864 3339 1043 3420 Scripturae
1063 3335 1143 3402 locis

47 3438 323 3518 justificationem,
340 3463 397 3504 seu
413 3444 528 3523 gratiae
546 3443 768 3516 collationem,
785 3443 861 3504 fidei
878 3443 976 3505 tribui
992 3467 999 3505 :
1015 3450 1030 3474 ‘⁴
1044 3443 1142 3505 Arbi-

50 3553 167 3608 tramur
180 3543 354 3625 justificari
372 3546 541 3608 hominem
559 3545 618 3628 per
634 3545 733 3608 fidem
748 3547 795 3607 '’4.
844 3545 928 3606 Haec
951 3555 1062 3607 autern
1085 3565 1142 3626 po-

49 3648 104 3710 tius
126 3658 275 3713 nostram
298 3648 418 3710 thesim
444 3647 665 3724 confirmant;
689 3669 776 3722 nam,
799 3649 825 3710 si
852 3651 1077 3711 Protestantes
1099 3670 1142 3710 ex

49 3751 186 3830 praefatis
214 3760 247 3812 et
274 3750 437 3814 similibus
461 3751 569 3813 verbis
594 3752 765 3814 deducunt
789 3750 888 3812 fidem
913 3770 984 3812 esse
1007 3771 1142 3814 causam

50 3852 328 3917 instrumentalem
351 3852 606 3933 justificationis,
627 3874 738 3916 nonne
761 3855 830 3935 pari
851 3853 923 3935 jure
946 3854 1142 3918 concludere

49 3977 217 4034 possumus
234 3978 278 4020 ex
295 3943 403 4020 verbis
419 3979 518 4040 supra
534 3958 663 4021 allatis:
686 3965 771 4038 “per
787 3957 953 4021 lavacrum
971 3979 1142 4040 regenera-

50 4059 139 4124 tionis
151 4062 178 4133 ”,
194 4061 262 4124 scil.
280 4061 499 4144 Baptismum,
515 4083 572 4144 per
589 4082 746 4124 manuum
772 4061 1017 4146 impositionem
1040 4062 1142 4142 (Con-

79 4266 85 4296 ¹
92 4267 156 4334 soa,
176 4267 233 4331 ΙΙΙ,
249 4279 271 4334 5.
285 4297 318 4306 -
332 4269 342 4292 ¹
354 4268 392 4322 II
404 4267 476 4323 Tim.
493 4271 515 4333 l,
530 4270 554 4321 6.
572 4274 628 4308 —2
644 4270 698 4324 Yu'l.
719 4271 773 4336 ΙΙΙ,
785 4282 809 4338 5.
825 4301 859 4308 -
872 4269 881 4298 ⁴
895 4227 975 4322 Rom.
994 4270 1049 4334 ΙΙΙ,
1062 4270 1105 4322 28.

129 4389 256 4433 Sruorsrs
268 4387 313 4434 Ill.
327 4413 355 4421 -
369 4402 396 4433 12
