2770 4646
122 174 176 222 DE
193 175 391 225 MATERIA
411 176 461 224 ET
479 174 629 224 FORMA
648 167 1050 224 SACRAMENTORUM.
1087 166 1146 216 173

94 354 158 442 (C)
178 359 215 421 ln
232 358 438 434 penitentie,
455 378 547 422 mora
566 355 726 438 temporis
750 353 880 433 longior
900 349 1063 413 validitati
1080 367 1146 408 non

51 461 168 536 obstat,
183 483 209 523 v.
227 482 266 542 g,
285 461 370 524 inter
393 461 635 524 consessionem
661 469 694 522 et
715 457 960 522 absolutionem
980 473 1047 518 una
1067 452 1148 514 hora

52 565 249 628 intercedere
266 575 397 647 potest;
420 585 497 628 nam
517 564 718 628 Paenitentia
739 571 890 624 naturam
904 558 1020 644 judicii
1038 555 1146 637 sequi-

50 680 106 731 tur.
156 670 316 733 Attamen
333 669 497 733 consessio
512 668 757 731 absolutionem
775 663 962 747 praecedere
978 660 1087 724 debet.

91 769 160 857 (D)
177 772 219 835 ln
235 773 460 848 Matrimonia,
476 772 597 835 sufficit
620 781 657 834 ut
681 771 777 833 unius
800 784 980 830 consensus
1003 771 1147 845 ponatur

49 877 123 938 dum
152 877 286 939 alterius
309 897 489 938 consensus
513 884 708 958 perseverat,
725 894 801 936 nam
822 868 1070 934 matrimonium
1094 875 1145 928 est

50 977 243 1050 contraEtuS,
259 989 293 1042 et
309 976 498 1042 contractus
515 979 645 1062 regulas
661 979 815 1058 sequitur.

86 1131 134 1195 39.
183 1128 218 1194 3⁰
233 1114 369 1196 Regula?
382 1115 428 1176 ad
439 1114 618 1178 liceitatem.

87 1217 136 1297 (a)
163 1216 220 1280 Ad
248 1217 425 1280 liceitatem
450 1218 525 1280 talis
548 1219 627 1280 unio
650 1217 823 1280 materiam
844 1215 929 1277 inter
949 1223 982 1278 et
1003 1212 1143 1274 sormam

47 1322 205 1382 servanda
220 1328 279 1394 est,
296 1321 402 1401 qualis
418 1321 461 1383 ab
477 1320 627 1383 Ecclesia
642 1320 881 1403 praescribitur,
900 1319 981 1381 ritus
996 1317 1084 1378 enim
1101 1315 1144 1377 ab

49 1418 192 1480 Ecclesia
216 1419 399 1500 praescripti
423 1420 485 1481 hac
508 1420 550 1482 de
574 1440 608 1481 re
631 1420 692 1482 sub
716 1423 816 1500 poena
840 1417 967 1500 peccati
991 1413 1143 1477 servandi

47 1532 126 1584 sunt.
173 1519 222 1602 (b)
241 1521 361 1603 Quoad
379 1523 506 1603 peccati
522 1523 858 1604 gravitatem,eadem
871 1519 1032 1610 principia
1048 1516 1142 1599 sequi

47 1635 172 1702 oportet
188 1645 227 1685 ac
244 1644 305 1705 pro
321 1625 505 1687 mutatione
522 1625 669 1687 materiae
685 1634 718 1687 et
735 1623 858 1686 formae.

142 1809 228 1886 Art.
259 1806 332 1886 IV.
362 1808 424 1885 De
452 1829 792 1888 sacramentorum
821 1809 1040 1886 iteratione.

84 1999 131 2062 4⁰·
184 1992 216 2041 1⁰
229 1979 444 2057 Quandonam
461 1981 578 2043 iterari
581 1981 711 2062 possint
721 1983 741 2044 ?
784 1980 844 2065 (A)
857 1984 1073 2048 Sacramenta
1086 1982 1141 2044 ite·

48 2086 115 2145 rari
128 2105 190 2146 non
200 2093 337 2164 possunt
351 2083 422 2146 sine
437 2085 528 2164 gravi
545 2095 691 2166 peccat0,
701 2084 836 2166 quando
848 2089 890 2150 de
902 2106 1015 2148 eorum
1030 2085 1141 2146 valore

47 2190 185 2267 prudens
202 2187 340 2250 dubium
359 2206 424 2249 non
441 2187 552 2264 adest,
571 2189 715 2268 prudens
731 2199 843 2252 autem
860 2189 998 2252 dubium
1015 2187 1141 2261 existit,

47 2293 185 2368 quand0,
199 2299 275 2370 post
295 2290 434 2371 diligens
456 2310 595 2367 examen,
616 2302 649 2352 et
676 2291 809 2354 testium
839 2293 1141 2374 interrogationem,

48 2405 236 2472 perseverat.
291 2393 390 2454 Ratio
421 2392 518 2473 hujus
548 2395 669 2475 regulae
700 2406 751 2458 est
780 2397 858 2478 quia
893 2403 1138 2458 sacramentum

48 2498 164 2570 iterare,
181 2498 252 2558 sine
271 2496 338 2559 ulla
357 2497 492 2571 ratione,
508 2507 565 2560 aut
584 2497 628 2560 ob
652 2499 749 2561 inane
768 2500 917 2576 dubium,
932 2500 1041 2582 gravis
1062 2518 1140 2578 erga

48 2609 284 2662 sacramentum
316 2609 365 2662 est
397 2600 615 2674 irreverentia.
669 2601 758 2664 Hinc
789 2603 814 2663 si
847 2605 929 2684 quis,
954 2604 1024 2664 sine
1050 2600 1137 2663 suffi-

48 2703 138 2765 cienti
156 2703 294 2776 ratione,
310 2702 630 2792 integramtformam
652 2714 789 2785 repetat,
806 2716 862 2767 aut
882 2725 985 2767 unum
1004 2705 1139 2766 verbum

47 2817 92 2868 ter
111 2817 302 2888 quaterque,
315 2817 379 2886 prr
399 2827 432 2868 se
454 2807 597 2888 graviter
616 2819 755 2889 peccat;
777 2821 841 2889 per
863 2809 1006 2870 accidens
1026 2817 1137 2868 tamen

48 2921 242 2973 excusantur
257 2909 450 2990 scrupulosi,
462 2910 505 2971 ob
521 2910 786 2992 perplexitatem.
828 2912 1011 2973 Venialiter
1025 2921 1137 2972 autem

49 3023 153 3089 peceat
175 3015 230 3094 qui
252 2999 355 3074 unum
373 3012 506 3074 verbum
528 3014 560 3074 in
582 3012 697 3075 formae
714 3015 901 3094 prolatione
922 3014 992 3075 sine
1013 3014 1138 3075 ratione

49 3118 166 3195 repetit.
344 3189 345 3192 Ἴ

84 3233 128 3296 41.
184 3217 242 3296 (B)
265 3217 389 3280 lterari
401 3227 541 3296 possunt
554 3218 619 3280 ,sub
641 3219 825 3294 conditione,
844 3221 973 3299 quoties
993 3219 1137 3300 prudens

49 3321 131 3383 adest
142 3322 280 3384 dubium
292 3323 333 3384 de
344 3340 457 3382 eorum
471 3321 589 3386 valore.
626 3321 714 3384 Nam
726 3333 804 3384 tunc
815 3324 952 3386 dubium
964 3333 1014 3384 est
1028 3333 1136 3383 utrum

49 3420 223 3500 subjeetum
242 3419 384 3484 sruttum
402 3424 599 3484 sacramenti
617 3428 799 3504 perceperit
814 3448 820 3497 ;
840 3428 931 3506 atqui
948 3428 1047 3486 timor
1063 3446 1136 3505 pru-

49 3521 120 3583 dens
136 3525 219 3586 tanti
237 3524 441 3586 incommodi
458 3535 507 3587 est
524 3526 609 3587 ratio
622 3525 786 3588 sufficiens
801 3531 938 3592 iterandi
952 3546 1137 3590 sacramen·

49 3631 110 3686 turn
140 3626 202 3688 sub
233 3627 440 3701 conditione,
467 3628 497 3687 vi
529 3629 733 3690 axiomatis:
766 3641 973 3692 sacramenta
1005 3641 1138 3710 propter

50 3723 196 3790 homines.

83 3845 127 3908 4²·
180 3831 238 3912 (C)
255 3831 472 3893 Sacramenta
493 3832 610 3894 iterari
628 3834 739 3896 (labent
758 3836 820 3895 sub
842 3836 1040 3910 conditione,
1056 3857 1136 3916 quo·

50 3929 110 4004 ties,
120 3936 228 4012 posito
244 3935 400 4014 prudenti
416 3935 519 3996 dubio
535 3938 577 3997 de
594 3957 707 3999 eorum
725 3939 949 4013 validitatem
967 3941 1136 4020 postulant

49 4034 317 4116 rnrrlas,Jirstirr'a,
333 4036 384 4098 vcl
403 4037 515 4118 religio
527 4061 541 4109 ,·
560 4040 649 4119 quod
667 4041 802 4120 quidem
820 4045 1001 4121 praesertim
1020 4045 1137 4116 evcnit,

51 4140 171 4210 quando
187 4141 296 4221 agitur
313 4141 356 4202 de
372 4152 580 4203 sacramento
597 4145 791 4218 necessari0,
804 4167 831 4206 v.
844 4167 882 4226 g,
895 4148 936 4206 dc
955 4147 1137 4226 BaptistnO,

50 4249 99 4298 aut
120 4241 159 4302 de
184 4243 332 4319 Ordine,
361 4244 447 4305 idern
474 4244 537 4305 dici
566 4256 677 4325 potest
704 4249 745 4309 cle
771 4247 1041 4324 Confirmatione,
1063 4269 1138 4327 quae
