2794 4662
250 191 317 242 6⁷⁴
617 187 676 237 DE
695 186 992 237 Marnluonlo.

251 392 329 434 nam
346 370 401 433 ubi
418 380 558 446 amatur,
575 391 641 434 non
659 371 834 446 laboratur,
851 381 908 433 aut
929 371 956 432 si
980 369 1161 444 laboratur,
1178 369 1251 448 ipse
1269 366 1354 428 labor

251 484 389 538 amatur.
437 471 541 555 Atqui
564 473 621 535 illa
642 474 761 536 intima
780 474 967 536 animorum
990 469 1187 552 conjundtio
1202 471 1263 532 vix
1286 491 1355 532 curn

251 577 383 642 divortii
398 576 555 640 facultate
568 577 747 640 subsistere
760 586 871 658 potest
884 600 892 656 ;
914 596 1011 638 verus
1027 575 1116 638 enim
1134 595 1232 637 amor
1245 593 1356 655 perpe-

252 692 330 745 tuus
344 701 416 744 esse
431 680 512 758 vult,
527 691 561 744 et
581 681 695 744 statim
712 701 750 742 ac
766 681 910 742 amicum
933 677 1100 742 infidelem
1118 678 1189 740 iore
1205 677 1358 758 probabi-

253 785 326 848 liter
352 785 568 866 suspicamur,
587 783 656 864 jam
684 803 852 846 cessamus
875 803 952 846 eurn
980 781 1192 865 singulariter
1215 781 1358 862 diligere,
1389 813 1390 818 κ

254 887 336 972 Quis
360 889 460 970 igitur
484 889 599 951 intime
621 887 756 968 conjugi
780 887 973 962 adhaerebit,
989 887 1045 968 qui
1062 896 1138 968 post
1155 885 1291 967 aliquos
1307 905 1358 946 an·

254 1015 323 1069 noe,
333 1003 366 1056 et
380 994 487 1056 forsan
503 1003 578 1074 post
594 991 722 1073 aliquos
739 1009 879 1064 menses,
891 990 934 1052 ab
948 1009 990 1052 eo
1006 990 1149 1071 separari
1165 987 1358 1069 exspectat?

256 1098 376 1160 Nonne
402 1095 594 1177 hujusmodi
621 1094 825 1175 suspiciones
853 1092 940 1155 hanc
966 1089 1147 1174 perieetam
1175 1092 1357 1154 amicitiam

254 1202 425 1262 destruent
445 1199 497 1261 vcl
521 1198 760 1261 retardabunt?
808 1195 928 1258 Merito
951 1196 1052 1276 igitur
1072 1215 1148 1258 curn
1176 1195 1214 1258 S.
1242 1195 1358 1256 Temni

255 1303 287 1383 (l.
304 1304 346 1382 c.)
362 1303 426 1364 dici
444 1310 576 1384 potest:
599 1307 614 1333 “
631 1301 789 1363 Amicitia
805 1310 931 1380 quanto
948 1299 1054 1382 major
1069 1309 1129 1374 est,
1146 1310 1248 1362 tanto
1263 1301 1358 1362 debet

255 1427 327 1468 esse
343 1405 467 1468 firmior
482 1415 515 1467 et
531 1405 722 1468 diuturnior.
771 1405 861 1466 Inter
877 1405 982 1466 virum
1007 1412 1118 1466 autem
1135 1413 1170 1464 et
1187 1403 1357 1465 mulierem

257 1507 404 1569 maxima
422 1506 568 1568 amicitia
591 1525 663 1568 esse
683 1508 834 1584 videtur3
856 1509 1047 1570 adunantur
1062 1508 1151 1569 enim
1171 1526 1241 1568 non
1259 1507 1358 1569 solum

257 1607 288 1666 in
306 1601 381 1668 ac'tu
398 1605 538 1666 carnalis
554 1606 691 1686 copula,
708 1626 782 1686 quae
805 1609 905 1669 etiam
931 1608 1017 1670 inter
1038 1608 1161 1670 bestias
1179 1609 1358 1689 quamdam

258 1727 392 1770 suavem
421 1708 614 1770 societatem
643 1707 730 1784 facit,
756 1711 812 1771 sed
839 1710 940 1773 etiam
969 1712 1011 1773 ad
1036 1711 1139 1774 totius
1167 1711 1360 1774 domestica

257 1808 517 1870 conversationis
540 1809 765 1886 consortium;
794 1811 892 1885 unde,
915 1811 947 1872 in
971 1811 1104 1892 signum
1128 1811 1241 1892 hujus,
1265 1813 1360 1873 homo

259 1921 395 1992 propter
412 1930 560 1986 uxorem,
572 1912 671 1973 etiarn
687 1921 813 1992 patrem
832 1923 866 1974 et
883 1923 1022 1976 matrem
1035 1914 1185 1988 dimittit,
1199 1925 1236 1976 ut
1247 1916 1361 1977 dicitur

259 2014 353 2095 (Gen.
369 2015 414 2090 ll,
431 2015 494 2094 24).
540 2014 748 2078 Conveniens
765 2017 864 2098 igitur
879 2027 930 2079 est
945 2019 1035 2098 quod
1053 2017 1309 2080 matrimonium
1324 2019 1360 2078 sit
1389 2035 1390 2078 3

260 2119 398 2180 omnino
415 2117 640 2180 indissolubile
652 2119 666 2144 ”
679 2130 698 2180 1.

233 2239 237 2244 ’
262 2221 308 2300 (c)
327 2219 425 2282 Lenes
439 2219 616 2283 discordias
631 2221 778 2300 adauget,
796 2230 930 2302 propter
946 2241 1039 2303 spem
1062 2221 1236 2285 felicitatis
1253 2225 1286 2285 in
1304 2225 1360 2286 alio

260 2323 427 2387 connubio
444 2324 660 2386 inveniendae.
706 2325 878 2405 Siquidem
897 2325 1065 2388 societatis
1081 2325 1283 2389 domesticae
1300 2347 1358 2388 ma·

262 2429 353 2489 xime
369 2428 505 2489 interest
521 2437 557 2489 ut
574 2427 733 2507 conjuges
757 2428 861 2490 multa
882 2429 945 2490 sibi
969 2429 1171 2504 condonent,
1187 2429 1274 2491 alter
1289 2430 1359 2491 alte-

262 2531 327 2591 rius
344 2527 492 2592 defectus
509 2530 674 2610 patienter
691 2529 805 2605 lerant,
822 2532 890 2593 imo
907 2531 1030 2593 mutuis
1046 2531 1218 2612 obsequiis
1236 2553 1272 2594 se
1289 2533 1358 2595 insi-

262 2655 333 2696 cem
352 2634 565 2715 praeveniant.
613 2635 721 2706 Porr0,
737 2634 763 2694 si
787 2635 1034 2697 matrimonium
1060 2636 1103 2696 sit
1125 2636 1359 2702 indissolubile.

263 2739 382 2799 timent
399 2737 558 2817 conjuges
576 2757 616 2798 ne
632 2757 689 2817 per
705 2737 886 2798 discordias
908 2737 1140 2817 gravissimum
1158 2747 1194 2800 et
1212 2739 1359 2802 intolera-

264 2839 329 2902 bile
345 2838 403 2900 fiat
416 2838 533 2919 jugum
558 2840 646 2918 quod
671 2849 827 2901 excutere
851 2860 916 2901 non
941 2840 1062 2916 valent,
1078 2841 1187 2922 magis
1205 2844 1360 2923 patienter
1387 2905 1388 2916 ,

268 2959 446 2966 .-..-..---
496 2959 995 2966 -.-.-.-.-—0——-——.--.-
1031 2961 1089 2965 -—.
1182 2961 1313 2968 h.-

299 3007 306 3036 ¹
319 3012 379 3063 Nec
393 3009 501 3062 dicatur
514 3027 569 3064 non
584 3009 667 3064 licere
680 3009 787 3062 homini
802 3011 873 3063 votis
886 3011 1027 3079 perpetuis
1041 3028 1071 3065 se
1084 3011 1277 3082 obstringere,
1286 3033 1358 3085 quun
1387 3013 1388 3071 l

266 3099 300 3152 sit
314 3099 413 3152 natura
427 3099 590 3152 inconstans
608 3109 636 3152 et
655 3098 797 3152 mutabilis
805 3115 813 3166 ;
832 3115 908 3160 narn,
924 3108 953 3152 ut
972 3097 1048 3153 redte
1066 3097 1105 3152 ait
1119 3099 1202 3152 Paul
1211 3100 1309 3170 June!
1318 3105 1358 3154 lla

266 3187 394 3249 Famille,
408 3203 432 3254 p.
448 3187 519 3253 300),
539 3186 554 3211 “
566 3185 595 3238 Si
615 3184 697 3238 officii
717 3185 829 3238 vinculo
848 3202 927 3238 arnor
945 3185 1144 3254 adstringatur,
1163 3186 1205 3240 ita
1225 3201 1257 3242 ut
1277 3207 1359 3259 perpe·
1386 3193 1387 3196 ’

267 3285 343 3327 tuam
358 3273 442 3326 iidem
455 3271 617 3341 promittere
630 3282 766 3338 teneatur,
778 3273 882 3326 autoris
892 3283 1000 3326 naturae
1009 3273 1115 3326 familia
1128 3289 1187 3326 non
1197 3275 1358 3330 adversatur.

267 3358 353 3410 immo
369 3356 502 3423 indulget.
540 3355 619 3409 Adeo
638 3355 742 3408 amoris
759 3367 858 3408 natura
876 3357 1090 3425 perpetuitatem
1110 3359 1249 3426 postulat,
1261 3371 1291 3414 ut
1304 3361 1357 3413 nihl

267 3457 366 3494 amans
376 3439 491 3492 auderet
500 3456 658 3508 exposcere,
671 3437 737 3508 quin
747 3439 961 3508 perpetuitatem
973 3441 1155 3508 promitteret.
1184 3442 1357 3512 jurejurando

268 3528 351 3580 fidem
365 3527 391 3578 in
405 3537 540 3580 aeternum
554 3523 672 3592 firmare,
687 3525 873 3594 eamdemque
887 3537 946 3578 tum
959 3544 1070 3596 quoque
1082 3544 1145 3580 curn
1159 3525 1226 3583 {isse
1241 3529 1355 3600 loquitur.

268 3613 408 3680 simulare,
420 3613 499 3682 primi
514 3622 578 3664 sunt
592 3611 695 3664 amoris
709 3610 851 3681 atlus,qui
866 3611 888 3665 si
902 3613 1043 3676 deficiant,
1055 3629 1172 3682 operam
1187 3617 1356 3684 perderet.-

270 3700 370 3753 Cordis
380 3699 442 3769 jura
455 3709 483 3754 et
496 3710 625 3751 votorum
636 3699 851 3768 perpetuitatem
870 3699 1013 3767 objiciunt.
1053 3699 1168 3754 Amoris
1179 3702 1246 3770 jura
1259 3705 1294 3758 ad
1307 3722 1356 3757 con·

266 3789 364 3856 jugum
390 3786 520 3840 unionem
546 3783 785 3852 adstringendam,
811 3785 925 3854 minime
949 3784 986 3839 ad
1010 3786 1225 3842 dissolvendam
1256 3790 1357 3846 libenter

270 3874 455 3940 agnoscimus.
495 3871 628 3927 Libertati
650 3872 811 3926 fidelitatem
830 3889 1024 3941 opponamus;
1051 3885 1136 3943 atque
1156 3875 1198 3929 ita
1217 3880 1356 3946 praeclario-

272 3977 328 4014 rem
347 3959 520 4026 dignitatem,
537 3960 769 4029 fulgidioremque
787 3960 905 4027 gloriam
924 3975 972 4013 cor
990 3959 1042 4013 sibi
1063 3960 1231 4026 vindicavit,
1247 3981 1325 4035 quarn
1341 3983 1355 4016 s.
1384 3965 1385 3968 ’

272 4047 314 4098 sas
328 4057 409 4112 esset,
423 4047 501 4100 alteri
522 4059 602 4115 prout
621 4047 731 4101 libuerit
750 4047 899 4114 adhaerere,
913 4059 941 4101 et
959 4049 1062 4101 amoris
1081 4045 1229 4118 objet'tum
1243 4055 1357 4106 continue
1384 4027 1385 4114 i

274 4145 463 4199 permutare...
504 4135 604 4187 Fateor
617 4150 682 4187 vero
700 4135 809 4187 nonnisi
829 4136 866 4188 ob
884 4135 979 4202 gravia
996 4145 1171 4203 argumenta,
1186 4137 1355 4194 indissolubili
1384 4151 1385 4229 l

275 4218 386 4270 vinculo
405 4237 453 4271 ror
466 4236 527 4273 esse
540 4221 727 4274 vinciendum.
770 4223 840 4275 Haec
859 4222 915 4274 duo
934 4220 1114 4276 irrefutabilia
1134 4224 1205 4278 mibi
1226 4227 1356 4281 videntur:

290 4303 368 4358 *xoris
380 4305 500 4373 dignitas
514 4307 685 4379 liliorumque
698 4309 801 4362 bonurn
811 4309 832 4362 ”.
