2752 4648
262 183 331 231 404
714 140 858 231 CAPUT!
871 180 913 230 11.

262 361 397 424 bibere¹
412 383 419 438 ;
439 361 589 441 jamvero
605 359 658 422 hic
675 380 741 423 non
759 361 868 442 agitur
883 361 926 423 de
939 359 1029 422 modo
1041 359 1233 441 accipiendi,
1245 359 1294 420 sed
1304 359 1336 419 de

263 485 297 528 re
312 464 390 545 ipsrl.
438 465 501 527 Illa
518 465 748 545 interpretatio
764 464 979 527 confirmatur
994 483 1038 526 ex
1061 481 1102 525 eo
1125 463 1213 543 quod
1236 461 1335 543 pluries

263 569 294 630 in
312 569 429 631 eodem
445 569 554 650 capite
571 568 722 632 Christus
748 569 892 649 loquitur
913 568 956 631 de
980 567 1234 630 manducatione
1254 565 1335 627 solius

262 672 357 752 panis
382 671 599 735 Eucharistici
624 683 784 754 tanquam
813 674 855 736 ad
883 674 1026 737 salutern
1050 671 1255 735 sufficiente:
1284 669 1333 732 “Si

262 775 335 855 quis
353 776 602 838 manducaverit
617 797 655 840 ex
670 777 829 858 hocpanc,
846 777 934 840 vivet
950 777 982 839 in
1000 786 1162 839 aeternum
1174 775 1188 800 ’¹
1199 787 1232 851 2;
1252 783 1280 835 et
1298 773 1334 834 in-

262 897 360 959 super
371 899 416 940 ex
433 899 472 940 eo
488 880 577 960 quod
593 881 628 943 S.
641 879 747 943 Lucas
761 879 1004 943 Eucharistiam
1022 878 1210 942 describens
1225 887 1335 959 prouta

262 980 375 1060 primis
400 979 552 1044 fidelibus
577 982 804 1064 recipiebatur,
819 982 921 1044 solam
943 983 1074 1063 speciem
1093 981 1193 1062 panis
1214 998 1334 1043 commc-

262 1095 369 1147 morat
387 1109 394 1147 ε
418 1084 548 1149 “Erant
565 1096 676 1148 autem
695 1095 944 1168 perseverantes
960 1086 992 1146 in
1010 1083 1161 1147 doetrina
1179 1081 1334 1166 Apostolo

261 1208 333 1250 rum
358 1197 391 1250 et
414 1189 716 1251 communicatione
730 1189 910 1269 sraeliom's
925 1190 1026 1268 panis
1041 1197 1075 1250 et
1096 1187 1291 1250 orationibus
1299 1186 1311 1208 ’'
1319 1196 1334 1245 ³.

261 1291 312 1371 (b)
330 1290 426 1353 Alter
442 1301 556 1360 textus
578 1292 722 1354 allatus:
746 1297 761 1322 ‘⁶
774 1291 883 1354 Bibite
906 1311 950 1353 ex
974 1311 1014 1355 eo
1036 1291 1188 1366 omnes'',
1204 1291 1244 1352 ad
1266 1287 1335 1349 solos

263 1393 446 1474 Apostolos
462 1395 615 1475 dirigitur
631 1415 669 1456 ac
690 1395 830 1475 proinde
853 1394 942 1456 solos
967 1394 1049 1475 ligat
1070 1395 1257 1456 sacerdotes
1271 1391 1336 1454 cele-

262 1499 419 1575 brantes;
442 1518 520 1559 nam
537 1508 654 1579 postea
670 1499 790 1560 dicitur
808 1522 814 1560 :
839 1497 944 1560 “Hoc
965 1497 1063 1561 facite
1085 1498 1117 1559 in
1141 1517 1248 1560 meam
1265 1513 1336 1558 com·

264 1601 538 1662 memorationem
549 1600 564 1624 ''
575 1613 610 1677 4;
633 1601 723 1681 quod
740 1601 828 1662 solos
845 1599 980 1681 respicit
995 1599 1184 1663 sacerdotes
1198 1623 1205 1676 ;
1227 1619 1302 1680 ergo.

306 1701 373 1767 126.
423 1699 488 1788 (B)
508 1703 580 1766 Nec
597 1704 755 1784 probatur
777 1702 808 1764 Τ
805 1703 919 1776 radr't.,·
944 1704 1096 1784 quamvis
1111 1704 1200 1766 enim
1222 1721 1336 1784 genera·

263 1807 323 1869 tim
340 1807 531 1869 communio
548 1809 610 1869 sub
625 1812 764 1887 utraque
780 1807 890 1888 specie
913 1826 971 1888 per
986 1807 1139 1869 undecim
1157 1807 1273 1870 saecula
1286 1805 1336 1866 dis-

262 1921 401 1991 pensata
429 1909 534 1984 suerit,
557 1919 695 1973 exstant
723 1907 810 1973 ladla
834 1909 993 1972 nonnulla
1017 1931 1060 1972 ex
1084 1909 1204 1991 quibus
1226 1917 1337 1971 constat

261 2014 436 2094 aliquando
451 2013 720 2076 communionem
745 2015 808 2076 sub
829 2012 924 2075 um'cd
944 2013 1040 2094 spect'e
1058 2015 1172 2076 datam
1198 2013 1338 2086 fuissene

262 2119 400 2200 proinde
431 2117 516 2180 hanc
548 2117 680 2198 praxim
712 2137 778 2179 non
811 2137 883 2178 esse
910 2115 975 2197 juri
1007 2117 1120 2179 divino
1143 2117 1338 2198 oppositam:

263 2221 311 2302 (a)
327 2241 416 2302 saepe
439 2221 528 2282 enim
553 2221 746 2282 communio
769 2220 903 2300 aegrotis
927 2219 1070 2282 dabatur
1085 2219 1148 2282 sub
1163 2219 1233 2281 sold
1247 2217 1339 2299 specie

262 2324 403 2406 panis5;
427 2324 478 2405 (b)
494 2343 512 2386 e
529 2333 644 2386 contra
662 2321 842 2385 infantibus
859 2322 929 2384 sola
941 2323 1067 2402 species
1080 2322 1147 2384 vini
1164 2323 1339 2403 plerumque

261 2427 491 2510 praebebatur3
538 2424 592 2513 (c)
626 2437 777 2508 tempore
810 2427 1083 2507 persecutionum,
1115 2425 1228 2488 fideles
1263 2421 1338 2487 domi

261 2529 478 2612 asportabant
508 2529 540 2593 S.
569 2529 814 2592 Eucharistiam
843 2529 906 2590 sub
932 2529 1029 2591 unica
1056 2529 1166 2609 specie
1194 2528 1291 2611 panis,
1311 2531 1339 2585 ut

261 2633 387 2713 seipsos
404 2633 698 2705 communicarent,
715 2632 793 2692 item
817 2630 887 2692 haec
904 2630 975 2692 sola
991 2630 1117 2712 species
1133 2651 1222 2713 saepe
1238 2637 1338 2707 marty-

261 2734 350 2797 ribus
363 2734 506 2797 dabatur
519 2758 526 2814 ;
550 2734 602 2813 (d)
619 2735 755 2797 tandem
769 2733 823 2796 die
836 2733 1032 2797 Parasceves
1045 2734 1078 2796 in
1092 2737 1231 2815 utraque
1244 2731 1338 2796 Eccle-

260 2839 318 2914 sia,
331 2837 448 2901 Graeea
464 2847 497 2899 et
516 2837 644 2912 Latina,
661 2857 680 2898 a
698 2835 812 2918 primis
828 2836 1033 2916 temporibus
1051 2856 1155 2918 usque
1171 2838 1213 2898 ad
1229 2834 1337 2898 hodier-

261 2961 340 3004 num
363 2941 451 3002 diem
474 2939 640 3001 celebrata
663 2938 723 3000 suit
740 2937 845 2999 Missa
860 2958 935 3018 quae
951 2946 1087 3000 vocatur
1103 2939 1280 3001 Proesnntlr'
1299 2956 1338 2996 cu-

261 3053 375 3118 lorum,
392 3045 424 3103 in
441 3045 506 3122 quit
524 3041 716 3103 commuuio
733 3041 893 3122 accipitur
909 3044 971 3104 sub
994 3043 1092 3104 unica
1114 3043 1224 3124 specie
1245 3040 1338 3124 panis;

261 3147 336 3221 im0,
350 3146 438 3226 apud
453 3144 597 3219 Graecos
609 3153 759 3227 tempore
774 3144 1048 3227 Quadragesimae
1065 3166 1131 3208 non
1149 3154 1338 3208 consecratur
1369 3225 1370 3228 Ἴ

261 3251 322 3315 nisi
339 3250 470 3312 duobus
486 3250 602 3313 diebus
624 3252 655 3312 in
678 3249 898 3324 hebdomada,
914 3250 1097 3328 ceterisque
1113 3248 1297 3311 communio
1310 3243 1337 3304 lit

259 3356 322 3418 sub
338 3354 434 3418 uniet
452 3354 547 3434 panis
564 3355 673 3435 specie
685 3353 707 3416 ⁶.

294 3593 300 3624 ¹
316 3589 336 3640 J
346 3588 406 3642 Cor.
423 3588 476 3650 Xl,
492 3602 533 3655 27.
549 3615 582 3624 -
596 3591 605 3614 ²
613 3587 678 3654 Joa.
696 3587 747 3652 Vl,
763 3599 804 3653 52.

293 3676 376 3733 3Αἱί.
394 3676 434 3738 ll,
449 3689 491 3745 4²·
507 3703 535 3710 —
552 3673 643 3726 ⁴Luc.
661 3673 757 3739 XXII,
778 3688 817 3738 19.

293 3760 464 3826 ³Eusebe'us,
483 3761 520 3816 H.
538 3761 572 3814 E.
589 3759 635 3814 lib.
653 3761 705 3826 Vl,
722 3776 744 3812 c.
759 3779 802 3829 44.

292 3847 358 3900 ⁶Ci.
377 3848 493 3914 Corbler,
507 3863 551 3915 op.
566 3845 613 3900 cit.
630 3846 646 3899 l.
665 3847 743 3900 XlV.
757 3877 791 3884 -
806 3845 911 3900 Autlor
929 3845 1005 3901 reite
1024 3847 1221 3902 animadvertit
1238 3845 1271 3913 (p.
1285 3835 1334 3903 629)
1369 3877 1370 3898 r

258 3932 334 4001 apud
345 3935 483 4001 quosdam
495 3933 625 3988 audiores
638 3934 793 3988 catholicos
804 3936 973 3989 assertiones
984 3935 1068 3988 nimis
1078 3935 1225 4004 generales
1234 3925 1332 3999 reperiri

258 4019 372 4080 quando
386 4039 411 4074 v.
428 4039 455 4088 g.
472 4022 569 4075 dicunt
589 4026 698 4090 semper
715 4022 837 4075 infantes
857 4033 884 4075 et
903 4032 1024 4091 aegrotos
1044 4022 1097 4076 sub
1116 4023 1177 4076 sola
1195 4017 1279 4090 specie
1290 4009 1331 4064 vini

338 4106 586 4171 icommunicatos,
595 4125 742 4176 nunquam
757 4106 880 4176 speciem
891 4107 1037 4177 sanguinis
1047 4107 1135 4162 fuisse
1148 4113 1332 4178 praeservatam:
1369 4093 1370 4159 ζ

362 4207 380 4242 τ
393 4195 501 4258 semper
512 4193 540 4245 in
550 4195 725 4263 plerumque,
743 4212 889 4263 nunquam
909 4195 936 4247 in
950 4211 1025 4262 raro,
1041 4203 1070 4248 et
1089 4204 1154 4248 tunc
1174 4194 1254 4248 verba
1269 4183 1330 4242 {arlia

382 4275 476 4328 ebunt
