2776 4644
251 167 271 217 6
680 164 736 213 DE
753 163 923 212 GRATIA.

1127 275 1364 286 -.—.....-—-

250 345 345 402 crucis
355 344 440 402 nobis
449 343 690 415 justificationem
701 346 816 413 meruit,
828 357 857 401 et
869 363 922 415 pro
933 343 1020 400 nohis
1032 343 1098 399 Deo
1108 341 1186 398 Patri
1195 339 1364 398 satisfecit:

251 435 479 490 instrumentalis
491 434 571 500 item,
584 445 801 490 sacramentum
817 432 1061 503 Baptismi,quod
1075 442 1119 488 est
1133 439 1361 487 sacramentum

252 519 321 576 fidei
335 520 398 576 sine
411 521 470 590 qua
484 521 556 576 nulli
570 537 702 590 unquam
716 519 840 590 contigit
853 519 1037 589 justificati03
1055 517 1179 574 demum
1194 516 1282 572 unica
1290 515 1362 586 for-

251 606 337 662 malis
355 623 443 662 causa
461 616 505 663 est
519 606 631 676 justitia
649 607 715 672 Dei,
731 624 789 662 non
807 607 865 676 qua
884 605 947 676 ipse
964 607 1061 674 justus
1078 615 1131 671 est,
1146 604 1200 660 sed
1218 603 1279 673 qua
1299 619 1361 656 nos

249 693 344 763 justos
363 693 440 761 iacit,
457 695 516 764 qua
535 693 672 750 videlicet
690 693 729 750 ab
748 710 783 749 eo
803 693 904 750 donati
925 710 1102 749 renovamur
1120 692 1223 762 spiritu
1243 690 1361 746 mentis

251 791 372 846 uostrae;
391 791 420 838 et
434 798 494 837 non
508 779 600 837 modo
614 791 793 851 reputamur,
807 780 860 837 sed
878 798 944 837 vere
962 781 1030 849 iusti
1052 780 1241 836 nominamur
1260 787 1290 834 et
1308 795 1359 832 su·

251 886 326 936 mus,
346 868 487 938 justitiam
511 868 543 922 in
564 867 642 923 nobis
661 868 829 938 recipientes,
854 869 1059 937 unusquisque
1079 885 1163 922 suam
1184 865 1359 923 secundum

251 970 427 1022 mensuram,
447 971 537 1024 quam
555 953 680 1024 Spiritus
700 953 826 1009 Sanctus
842 954 965 1023 partitur
982 953 1105 1024 singulis
1119 959 1212 1022 prout
1228 951 1303 1016 vult,
1328 961 1359 1007 et

251 1039 415 1096 secundum
424 1043 578 1110 propriam
591 1041 724 1110 cujusque
736 1039 946 1108 dispositionem
959 1049 988 1096 et
1002 1039 1253 1110 cooperationem.

287 1125 466 1198 Quanquam
481 1128 560 1183 enim
575 1144 664 1182 nemo
678 1126 771 1196 possit
784 1143 848 1182 esse
859 1127 965 1196 justus,
978 1127 1032 1182 nisi
1052 1127 1099 1182 cui
1120 1125 1222 1182 merita
1240 1123 1358 1195 passio-

251 1212 296 1268 nis
317 1213 437 1269 Domini
458 1213 548 1268 nostri
562 1213 633 1284 Jesu
651 1211 759 1269 Christi
778 1213 1054 1270 communicantur:
1076 1213 1105 1270 id
1126 1225 1225 1270 tamen
1245 1213 1276 1267 in
1297 1211 1358 1267 hac

251 1299 333 1371 impii
345 1300 554 1371 iustificatione
568 1300 608 1368 lit,
623 1299 696 1355 dum
716 1301 851 1369 ejusdem
869 1299 1062 1356 sanctissimae
1082 1299 1227 1370 passionis
1245 1299 1358 1354 metito

251 1387 456 1458 perspiritum
477 1386 618 1442 Sanctum
635 1387 744 1443 caritas
763 1388 817 1446 Dei
835 1387 1011 1445 diffunditur
1028 1388 1058 1443 in
1074 1386 1215 1443 cordibus
1235 1403 1355 1450 eorum,

251 1472 302 1542 qui
318 1472 523 1542 justificantur,
544 1482 634 1542 atque
653 1473 724 1544 ipsis
742 1474 874 1540 inliceret,
902 1473 983 1530 unde
999 1473 1028 1528 in
1047 1473 1109 1544 ipsit
1128 1472 1355 1543 justificatione,

251 1575 320 1614 cum
334 1559 506 1616 remissione
520 1569 720 1629 peccatorum,
733 1559 796 1617 haec
815 1561 915 1616 omnia
928 1559 1015 1615 simul
1029 1559 1125 1615 inlusa
1137 1559 1244 1630 accipit
1259 1559 1357 1614 homo

252 1661 304 1716 per
316 1644 418 1716 Jesum
433 1644 593 1715 Christum,
610 1647 657 1702 cui
678 1645 821 1716 inseritur,
831 1645 931 1717 fidon,
947 1655 1032 1716 sperit,
1045 1655 1074 1702 et
1092 1646 1241 1700 caritatem
1253 1667 1264 1700 .·
1283 1662 1357 1700 nam

252 1731 334 1800 tides,
348 1732 402 1788 nisi
416 1732 533 1790 adeam
547 1750 614 1804 spes
626 1732 749 1790 accedat
763 1744 792 1791 et
806 1733 919 1802 caritas
934 1750 1032 1804 neque
1051 1733 1115 1788 unit
1134 1731 1266 1804 perfecte
1283 1749 1355 1788 cum

252 1819 381 1890 Christo,
397 1837 495 1890 neque
508 1821 640 1891 corporis
653 1821 717 1890 ejus
730 1821 828 1878 vivum
849 1820 1016 1878 membrum
1036 1819 1124 1878 efficit
1138 1841 1144 1876 :
1164 1821 1224 1890 qua
1238 1820 1357 1876 ratione

252 1902 402 1959 verissime
426 1902 542 1970 dicitur,
573 1902 705 1959 “Fidem
732 1903 795 1960 sine
821 1903 961 1975 operibus
988 1913 1134 1959 mortuam
1166 1913 1194 1959 et
1225 1903 1355 1959 otiosam

252 2005 316 2045 esse
325 1989 357 2019 ”¹
369 2008 378 2060 5
404 1998 441 2058 et,
467 1988 532 2044 “In
552 1987 672 2046 Christo
691 1989 762 2062 Jesu
782 2007 880 2061 neque
898 1989 1153 2046 circumcisionem
1173 1988 1287 2059 aliquid
1308 2007 1356 2045 ra·

253 2075 321 2142 lere,
335 2091 433 2146 neque
447 2074 634 2146 praeputium,
647 2075 699 2132 sed
715 2075 815 2146 fidem,
832 2094 899 2147 quae
913 2094 965 2147 per
977 2077 1129 2132 caritatem
1142 2085 1282 2146 operatur
1293 2075 1309 2099 ’'
1318 2073 1336 2132 ³.

288 2161 378 2218 Hanc
392 2161 482 2219 fidem
495 2172 564 2218 ante
580 2161 724 2233 baptismi
742 2173 960 2220 sacramentum
979 2180 1015 2220 ex
1033 2162 1246 2233 Apostolorum
1265 2161 1355 2218 tradi-

252 2249 333 2307 tione
351 2248 568 2307 Catechumeni
588 2248 626 2306 ab
647 2249 780 2306 Ecclesia
800 2261 914 2322 petunt,
930 2267 999 2307 cum
1018 2259 1124 2320 petunt
1143 2249 1243 2316 fidem,
1263 2249 1354 2306 vitam

252 2347 392 2393 :eternam
407 2344 612 2405 praestantem:
632 2353 721 2406 quam
736 2337 799 2394 sine
813 2355 865 2408 spe
879 2351 907 2394 et
920 2337 1041 2394 caritate
1054 2335 1128 2393 fides
1142 2346 1279 2407 praestare
1293 2355 1353 2394 non

252 2431 359 2495 potest.
400 2421 491 2479 Unde
504 2431 533 2478 et
547 2422 644 2477 statim
659 2423 781 2479 verbum
796 2423 904 2482 Christi
925 2423 1050 2480 audiunt
1065 2444 1071 2480 ε
1091 2423 1148 2479 “Si
1163 2422 1206 2479 vis
1219 2422 1249 2478 in
1263 2423 1353 2480 vitam

253 2508 375 2579 ingredi,
392 2525 474 2564 serva
488 2508 627 2565 mandata
636 2508 650 2536 ''
658 2509 676 2564 ³.

289 2597 395 2666 ltaque
412 2612 510 2651 veram
524 2605 553 2652 et
566 2595 755 2653 christianam
772 2599 915 2668 justitiam
931 2597 1122 2668 accipientes,
1138 2613 1202 2652 eam
1223 2615 1277 2654 ceu
1298 2600 1353 2669 pri·

253 2701 333 2740 mam
352 2682 468 2751 stolam,
489 2699 542 2752 pro
559 2681 608 2738 itta
627 2701 716 2754 quam
735 2686 832 2742 Adam
852 2685 905 2742 sui
924 2683 1128 2742 inobedientiis
1145 2683 1201 2740 sibi
1221 2695 1249 2742 et
1266 2686 1353 2743 nobis
1384 2723 1385 2736 ι

254 2769 392 2842 perdidit,
409 2786 461 2840 per
474 2768 625 2827 Christum
640 2771 742 2844 Jesum
761 2772 817 2829 illis
830 2773 981 2841 donatam,
997 2770 1156 2828 candidam
1170 2781 1199 2828 et
1212 2770 1353 2830 immacu·
1384 2829 1385 2848 ,

253 2858 342 2914 latam
360 2855 503 2927 jubentur
522 2857 620 2912 statim
639 2860 729 2915 renati
745 2877 928 2926 conseruare,
941 2869 973 2915 ut
986 2876 1051 2915 eam
1066 2859 1212 2928 perierant
1225 2871 1291 2916 ante
1306 2863 1351 2916 tri·
1384 2853 1385 2902 i

255 2942 344 3000 bunal
360 2941 483 2998 Domini
498 2943 588 2999 nostri
600 2943 617 3016 J
623 2961 674 3000 esu
688 2944 808 3014 Christi,
822 2956 850 3003 et
864 2945 993 3002 habeant
1007 2945 1097 3001 vitam
1111 2955 1258 3000 aeternam.
1384 2923 1385 2976 i

270 3061 376 3123 CAP.
401 3061 436 3119 8.
461 3060 661 3132 Quomodo
684 3063 927 3134 intelligatur
949 3063 1115 3134 impium
1138 3075 1209 3133 per
1231 3062 1339 3120 tidem
1384 3135 1385 3144 ἵ

592 3159 631 3210 et
651 3155 773 3223 gratis
791 3154 1014 3226 justificari.

289 3260 367 3319 Cum
390 3278 460 3317 vero
482 3261 643 3332 Apostolus
665 3259 746 3326 dicit,
774 3259 952 3332 “justificari
974 3259 1127 3318 hominem
1144 3269 1200 3332 per
1213 3261 1299 3332 fidem
1321 3276 1348 3321 et

250 3349 347 3420 gratis
355 3348 371 3373 '’
381 3351 399 3418 ⁴,
415 3365 449 3405 ea
466 3347 555 3406 verba
576 3349 604 3405 in
622 3365 658 3405 eo
676 3365 763 3404 sensu
784 3347 977 3420 intelligenda
995 3359 1072 3416 sunt,
1086 3367 1175 3421 quem
1194 3361 1348 3422 perpetuus

254 3434 397 3493 Ecclesiae
414 3435 578 3492 Catholicae
596 3451 761 3492 cousensus
779 3435 884 3502 tenuit,
902 3445 931 3492 et
951 3435 1101 3506 expressit,
1116 3445 1158 3505 ut,
1174 3436 1288 3506 scilicet,
1296 3447 1342 3508 per

251 3522 337 3590 fidem
351 3520 420 3578 ideo
431 3519 582 3591 justificari
598 3520 739 3588 dicamur,
749 3521 818 3592 quia
825 3520 900 3590 fides
912 3528 954 3577 est
964 3521 1100 3577 humana
1112 3521 1217 3578 salutis
1229 3521 1348 3583 initium.

249 3609 474 3680 fundamentum
488 3617 517 3664 et
530 3608 620 3663 radix
631 3607 964 3679 orunr'sjustificutionis‚·
976 3607 1040 3665 sine
1050 3608 1109 3678 qua
1118 3607 1297 3680 impossibile
1305 3623 1347 3667 est
1384 3625 1385 3628 ’

254 3695 371 3766 placere
386 3695 460 3762 De0,
473 3704 502 3751 et
515 3693 552 3751 ad
568 3693 693 3751 liliorum
705 3695 770 3764 ejus
780 3693 959 3750 consortium
971 3694 1123 3766 pervenire
1132 3716 1139 3761 ;
1148 3695 1246 3764 gratt's
1255 3707 1345 3752 autem

252 3780 403 3850 justificari
419 3780 488 3838 ideo
501 3780 645 3846 dicamur,
656 3781 726 3852 quia
740 3779 812 3836 nihil
826 3798 938 3842 eorum,
949 3798 1017 3852 quae
1028 3781 1267 3851 iustificationem
1280 3799 1345 3854 prae-

254 3866 375 3935 cedunt‚
389 3866 448 3924 sive
465 3867 549 3937 fides,
565 3866 625 3924 sive
641 3884 740 3938 opera,
757 3866 851 3937 ipsam
867 3867 1085 3937 justificationis
1103 3867 1227 3938 gratiam
1241 3885 1345 3940 prome·
1384 3935 1385 3940 ἵ

254 3963 333 4011 retur
340 3973 348 4026 ;
367 3954 419 4010 “si
433 3953 514 4010 enim
527 3954 619 4024 gratia
632 3963 685 4022 est,
697 3954 756 4024 jam
772 3971 832 4010 non
846 3971 882 4012 ex
895 3953 1055 4026 operibus:
1074 3955 1216 4026 alioquin,
1230 3965 1260 4012 ut
1272 3955 1345 4014 idem
1384 3991 1385 4016 3

254 4039 417 4112 Apostolus
431 4040 535 4111 inquit,
551 4041 644 4112 gratia
656 4041 716 4111 jam
730 4058 791 4099 nou
805 4051 849 4098 est
861 4041 953 4112 gratia
963 4040 979 4066 ’'
989 4055 1007 4097 ⁴.
1384 4119 1385 4154 1

289 4179 360 4246 ¹sac.
380 4179 418 4242 u,
432 4193 473 4232 za
531 4178 650 4258 mures.
663 4180 732 4245 v,s.
744 4209 777 4217 -
790 4178 801 4208 ³
813 4181 918 4233 ιιιιιιι.
935 4181 1016 4246 xix,
1033 4195 1072 4250 η.
1084 4210 1118 4220 -
1130 4180 1140 4208 ¹
1153 4182 1244 4248 amn,
1259 4182 1306 4247 ru,
1318 4197 1342 4245 r.
1384 4159 1385 4170 '

302 4262 415 4329 'Rorrr.,
431 4262 484 4324 Xl,
499 4258 524 4315 ό.
