2770 4646
272 179 328 227 DE
346 178 738 230 SACRAMENTORUM
757 178 907 229 CAUSA.
1071 179 1139 228 209

45 356 173 418 interius
194 357 306 420 dicat:
329 362 345 389 ‘¹
358 357 437 420 nolo
458 359 600 438 gratiam
628 357 775 420 conferre
788 358 813 432 '’,
837 358 998 439 impedire
1022 357 1138 438 nequit

45 460 214 538 quominus
238 461 345 540 gratia
369 461 412 523 de
436 457 525 522 ladio
549 458 758 538 conseratur;
784 480 873 542 ergo.
918 458 970 541 (b)
998 459 1139 541 Insuper

47 561 198 636 Christus,
213 573 422 625 sacramenta
445 563 660 639 instituendo,
677 562 824 625 fidelium
849 562 1083 643 tranquillitati
1105 573 1137 625 et

45 665 112 742 paci
128 666 300 728 consulere
316 667 441 741 voluit;
464 667 556 746 atqui
579 667 605 727 si
625 666 718 728 valor
733 665 926 729 eorumdem
946 665 989 728 ab
1010 666 1136 728 interna

46 766 177 829 ministri
195 768 380 830 intentione
396 771 563 850 penderet,
580 787 750 849 nunquam
771 778 829 831 aut
850 788 922 830 raro
943 769 1046 830 securi
1067 787 1137 829 esse

46 879 194 947 possent;
218 890 299 952 ergo
310 883 330 932 ¹.

85 1010 129 1075 99.
179 998 243 1060 His
267 1019 333 1061 non
356 999 576 1074 obstantibus,
598 998 799 1080 probabilius
822 1007 873 1060 est
899 1018 964 1060 non
990 995 1138 1060 sufficere

45 1109 213 1162 externam
238 1102 480 1172 intentionem:
503 1121 580 1163 nam
604 1102 652 1181 (a)
673 1101 716 1163 ab
731 1100 919 1162 Alexandro
943 1099 1137 1162 VIIIdam·

45 1211 119 1264 nata
134 1203 194 1267 fuit
210 1205 413 1286 propositio:
436 1205 566 1268 “Valet
581 1205 767 1285 baptismus
786 1203 926 1265 collatus
943 1224 961 1265 a
978 1203 1138 1274 ministro,

45 1305 98 1383 qui
109 1325 242 1369 omnem
256 1308 354 1369 ritum
367 1317 544 1369 externum
557 1305 764 1387 formamque
774 1305 966 1386 baptizandi
976 1304 1138 1380 observat,

46 1407 129 1469 intus
148 1430 226 1472 vero
250 1411 281 1472 in
305 1411 404 1472 corde
428 1430 488 1472 suo
514 1408 672 1471 resolvit:
697 1429 763 1470 non
788 1407 925 1472 intendo
948 1407 1035 1487 quod
1060 1405 1138 1469 lacit

46 1510 220 1575 Ecclesia”.
268 1514 338 1575 Nec
354 1513 525 1594 probabile
540 1523 591 1574 est
607 1511 668 1574 hac
684 1511 900 1574 damnatione
916 1509 1137 1590 proscriptum

46 1615 141 1678 luisse
165 1618 378 1680 solummodo
404 1617 541 1679 Lutheri
569 1635 721 1689 errorem,
743 1614 812 1694 jam
839 1614 919 1676 satis
945 1633 964 1675 a
997 1612 1027 1674 T
1025 1612 1137 1674 rident.

44 1715 245 1794 damnatum,
276 1722 348 1795 sed,
378 1731 414 1782 ut
443 1720 634 1782 Benedictus
663 1716 764 1780 XIV
788 1727 932 1792 censet2,
965 1717 1138 1798 ipsissimae

45 1820 298 1884 adversariorum
316 1823 463 1903 opinioni
476 1843 576 1903 grave
586 1820 705 1884 vulnus
718 1816 878 1882 inflictum
896 1818 964 1881 suit.
1003 1818 1054 1900 (b)
1068 1817 1138 1880 Nec

45 1921 127 1985 valet
142 1923 285 2004 primum
302 1936 534 2008 argumentum
551 1945 650 2007 supra
667 1924 825 2000 allatum3
848 1943 936 1998 narn,
951 1922 1139 1984 sacerdotes

46 2033 117 2086 sunt
144 2027 285 2088 ministri
313 2029 450 2091 animati
476 2038 510 2090 et
534 2027 626 2089 liberi
655 2035 947 2099 sacramentorum,
970 2035 1012 2098 et,
1035 2042 1137 2103 quum

45 2126 136 2203 juxta
150 2129 386 2205 Florentinum,
402 2133 595 2212 requiratur,
610 2141 731 2211 prater
747 2129 919 2191 materiam
939 2137 973 2191 et
992 2125 1139 2200 sormam,

47 2231 179 2294 intentio
195 2233 345 2308 ministri,
355 2235 551 2296 sacramenti
568 2231 732 2296 confectio
744 2253 763 2293 a
776 2232 876 2293 libera
888 2230 959 2310 ejus
971 2229 1139 2292 voluntate

46 2337 162 2412 pendet
178 2361 184 2414 ;
204 2357 265 2398 nec
280 2337 369 2400 valet
385 2337 485 2419 igitur
499 2339 706 2418 comparatio
717 2356 792 2398 cum
806 2334 914 2397 causis
926 2331 1139 2406 naturalibus,

46 2457 123 2516 quae,
137 2460 241 2521 quum
265 2441 299 2502 in
319 2443 434 2522 seipsis
450 2442 605 2504 virtutem
625 2441 746 2521 agendi
765 2438 966 2510 contineant,
982 2437 1139 2518 indepen-

46 2540 190 2605 deutera
205 2543 354 2623 quilibet
370 2545 562 2618 intentione,
579 2563 674 2606 suum
696 2543 883 2624 producunt
903 2535 1059 2603 eflectum*
1074 2548 1140 2601 sta·

47 2643 99 2704 tim
116 2664 154 2706 ac
169 2645 386 2726 applicantur.
431 2647 480 2726 (c)
497 2646 615 2726 Neque
630 2645 718 2708 valet
733 2645 926 2718 secundum,
942 2663 1019 2705 nam
1044 2642 1139 2724 pauci

47 2745 221 2809 admodum
247 2749 458 2812 inveniuntur
482 2750 622 2812 ministri
646 2750 702 2829 qui
730 2747 814 2810 adeo
837 2747 979 2828 perversi
1004 2755 1081 2807 sunt
1103 2755 1140 2806 ut

48 2867 132 2910 suam
146 2851 365 2912 intentionem
380 2852 516 2914 interius
529 2851 721 2924 cohibeant;
737 2852 762 2911 si
776 2859 887 2912 autem
899 2848 1080 2929 aliquando
1090 2866 1140 2908 res

48 2953 203 3026 acciderit,
214 2953 307 3015 Deus
324 2952 470 3016 fidelium
487 2953 585 3016 saluti
601 2954 697 3016 aliter
712 2951 907 3033 providebit,
920 2951 988 3012 sive
1004 2969 1062 3030 per
1077 2949 1140 3012 alia

48 3067 256 3130 sacramenta,
273 3057 341 3118 sive
361 3058 508 3137 gratiam·
522 3055 676 3138 perseciae
693 3055 900 3118 contritionis
916 3051 1137 3116 concedendo

85 3157 123 3218 ln
132 3159 237 3239 praxi
251 3159 358 3240 igitur,
374 3160 401 3221 si
417 3162 460 3222 de
475 3159 606 3223 deiectu
625 3159 817 3223 intentionis
841 3158 978 3219 internae
1001 3165 1140 3230 constet,

49 3269 254 3333 sacramenta,
280 3269 419 3340 urgente
449 3261 654 3334 necessitate,
679 3260 805 3321 meliori
835 3279 901 3340 quo
933 3259 1000 3320 fieri
1032 3267 1141 3338 potest

51 3359 150 3436 modo,
166 3364 281 3425 iterum
303 3363 365 3424 sub
385 3363 578 3426 conditione
601 3372 678 3424 sunt
702 3362 921 3442 perficienda3
947 3363 973 3422 si
993 3381 1070 3422 vero
1090 3379 1141 3421 res

50 3479 167 3527 moram
183 3465 316 3546 patitur,
333 3465 429 3530 Sedis
448 3466 652 3548 Apostolicae
668 3465 836 3527 oraculum
853 3464 1054 3544 exquiratur.

86 3608 151 3660 100.
199 3598 298 3655 Thesis
317 3613 373 3655 2⁰:
395 3596 450 3660 nd
470 3597 692 3661 validitatem
714 3595 930 3660 sacramenti
952 3593 1142 3671 requiritur

51 3695 82 3750 et
95 3692 225 3756 sufficit
239 3693 274 3754 iu
290 3693 453 3758 ministro
469 3693 620 3758 intentio
634 3693 804 3770 virtualis,
816 3709 881 3755 nec
893 3689 1026 3755 sufficit
1038 3689 1142 3753 inter·

52 3789 218 3858 pretativa
231 3789 288 3851 vel
304 3789 505 3854 habitualis.
550 3792 685 3854 Certum
703 3803 761 3852 est.
1052 3797 1057 3806 '

89 3889 143 3973 (A)
161 3893 238 3956 Non
256 3894 430 3973 requiritur
446 3891 583 3956 actualis
601 3895 749 3967 intentio
766 3893 842 3954 licet
858 3893 901 3954 sit
916 3891 1054 3952 omnino
1070 3911 1143 3952 sua-

54 3989 160 4070 denda,
176 3996 234 4058 sed
251 3995 372 4058 sufficit
388 3997 543 4059 virtualis.
592 3996 653 4058 Illa
670 3997 757 4056 enim
775 3995 916 4057 intentio
932 3992 1052 4056 sufficit
1068 4013 1142 4074 quae

85 4187 95 4286 ἶ
105 4195 156 4253 Cir.
172 4199 296 4260 Drama,
310 4215 335 4266 q.
351 4198 417 4265 Vll,
430 4215 453 4252 c.
470 4214 494 4268 3,
509 4197 576 4252 sefl.
592 4213 606 4251 2
622 4195 635 4268 ξ
651 4213 674 4250 2.

85 4282 146 4338 ‘De
160 4284 264 4352 Synod.
279 4285 297 4336 l.
314 4285 382 4348 Vll,
398 4301 422 4339 c.
439 4301 464 4349 4,
481 4304 506 4339 n.
521 4286 545 4340 8.

160 4405 285 4450 sruorsrs
297 4403 342 4450 ill.
357 4428 382 4435 -
398 4417 424 4460 14
