2738 4646
210 214 266 265 nt:
284 211 793 265 MYSTER10·PRAESENT1AE
813 209 975 261 REALts.
1081 205 1141 258 3³1

310 333 340 337 „-
356 331 631 339 --ῌ--
1002 323 1143 336 -η

61 392 136 456 hunc
152 395 330 477 pretiosum
347 414 466 478 corpus
483 393 605 459 Christi
621 395 668 458 tui
679 394 706 457 ¹⁹.
752 395 837 457 Item
860 392 892 454 in
910 389 1042 472 liturgia
1059 387 1141 450 slin-

61 498 252 575 trutannia
270 489 375 564 coins
389 492 536 574 Domini,
550 495 692 580 legitur:
715 497 798 560 “Ad
816 496 895 577 quid
912 495 1088 575 desperare
1100 492 1142 555 de

61 587 107 662 tua
130 589 351 665 misericordia
375 621 551 683 possumus
567 601 624 682 qui
647 599 775 664 tantum
801 617 920 662 munus
943 597 1142 677 accepimus,

59 691 89 766 ut
111 705 207 768 talem
232 706 291 769 tibi
315 706 459 770 hostiam
476 703 593 768 offerre
615 723 823 779 mereremur,
838 713 952 782 corpus
965 699 1091 763 scilicet
1107 708 1141 762 et

58 807 237 888 sangninem
249 809 291 871 D.
306 808 348 871 N.
354 808 437 891 Jesu
451 807 577 872 Christi
585 809 609 872 ’'.
659 809 697 870 ln
715 805 846 888 liturgia
861 803 996 870 Gerana
1007 805 1064 865 seu
1078 823 1142 864 raro·

58 911 197 974 rorabiui
212 921 286 988 orat
302 913 466 988 sacerdos,
482 919 546 974 “ut
569 911 627 977 fiat
648 911 744 975 nobis
762 908 970 975 Eucharistia
994 907 1143 990 legitima

59 1015 85 1074 in
100 1016 423 1080 transformationem
441 1017 587 1099 corporis
604 1036 642 1079 ac
659 1015 829 1097 sanguinis
847 1014 889 1076 D.
904 1011 943 1074 N.
956 1013 1035 1094 Jesu
1048 1010 1142 1075 Chri·

58 1119 93 1181 sti
103 1120 124 1181 ’'.
170 1121 216 1184 Et
232 1122 278 1182 sic
294 1120 336 1183 de
353 1120 425 1182 aliis
438 1131 456 1183 ¹.
504 1121 603 1203 Ergo,
617 1120 687 1201 jam
704 1140 723 1181 a
739 1118 855 1200 primis
870 1115 1009 1191 saeculis,
1023 1115 1054 1176 in
1072 1133 1142 1178 om·

58 1222 144 1285 nibus
156 1224 317 1286 Ecclesiae
333 1223 482 1305 partibus
495 1224 673 1287 universim
690 1221 866 1286 tenebatur
877 1218 1046 1283 Christum
1058 1236 1144 1293 vere,

5 1339 6 1342 ’
59 1325 177 1389 realiter
185 1337 218 1390 et
230 1327 494 1391 substantialiter
509 1336 708 1408 praesentem
720 1345 792 1388 esse
805 1325 868 1387 sub
879 1323 1054 1405 speciebus
1066 1341 1143 1385 con-

57 1429 187 1492 secratis.

345 1569 416 1628 111.
432 1569 491 1628 Ex
515 1570 628 1640 praxi
653 1569 849 1628 Ecclesiae.

92 1731 137 1795 32
184 1717 331 1780 Plurima
346 1725 424 1780 sunt
448 1713 535 1778 fana
550 1735 626 1796 quae
649 1725 845 1798 perpetuam
864 1717 1024 1780 Ecclesiae
1042 1716 1141 1780 fidem

57 1817 109 1880 hac
123 1821 165 1882 de
181 1841 215 1882 re
231 1819 437 1883 confirmant.

97 1935 125 1984 10
137 1925 255 1987 Primis
268 1924 428 1986 Ecclesiae
443 1923 573 1986 saeculis
585 1922 719 2004 vigebat
731 1922 902 2003 disciplina
916 1923 1054 1987 arcani²
1070 1923 1141 2002 (the

56 2025 219 2109 discipline
250 2027 290 2089 of
317 2027 373 2089 the
405 2026 525 2106 secret)
556 2029 622 2107 qua
650 2025 781 2089 Fideles
807 2025 1075 2107 prohibebantur,
1103 2044 1145 2086 ne

57 2132 203 2208 mysteria
220 2128 306 2206 fidei,
316 2130 374 2192 sed
391 2129 575 2211 praesertim
593 2129 788 2209 mysterium
802 2126 1031 2202 Eucharistiae,
1043 2147 1143 2208 paga·

4 2285 6 2318 ,
57 2232 100 2292 nis
113 2232 419 2309 manifestarentur3
443 2233 510 2294 imo
527 2233 588 2313 ipsi
605 2228 833 2294 catechumeni
851 2227 931 2290 illud
949 2229 1143 2309 mysterium

4 2347 5 2388 1
56 2332 255 2412 ignorabant,
264 2336 406 2418 ideoque
418 2337 533 2417 primae
546 2334 653 2397 solum
667 2334 752 2416 parti
765 2332 879 2394 Missae
892 2330 1101 2406 assistebant,
1111 2341 1144 2396 et

4 2459 5 2520 χ
56 2436 338 2501 anteoffertorium
351 2438 614 2502 dimittebantur.
660 2437 760 2519 Quod
773 2436 908 2518 quidem
926 2433 1028 2497 fiebat
1043 2444 1081 2498 ut
1097 2435 1143 2496 vi-

4 2581 5 2630 ;
56 2547 194 2604 tarentur
204 2541 379 2603 calumniae
396 2561 612 2624 paganorum,
622 2542 688 2622 qui,
700 2538 894 2621 mysterium
912 2537 993 2600 illud
1011 2557 1078 2600 non
1096 2538 1142 2600 in-

86 2776 92 2798 ¹
106 2763 159 2814 Clr.
178 2763 330 2825 Wiseman,
344 2761 421 2816 Lett.
438 2776 475 2815 on
489 2764 536 2817 the
549 2762 687 2832 principa!
701 2758 785 2826 dett..
797 2757 862 2814 teet.
878 2759 955 2812 XVI.

85 2845 297 2904 ²Existentiam
316 2849 399 2918 hujus
422 2849 579 2919 disciplinae
598 2865 682 2901 nemo
702 2847 818 2900 inficiari
837 2856 943 2915 potest,
965 2862 1050 2914 quum
1070 2845 1144 2912 apud

4 2973 5 2986 ,
56 2937 137 2988 solum
151 2937 289 3006 Chrysost.
304 2937 404 2990 saltem
417 2937 604 3005 quinquagies
617 2934 795 2988 inveniantur
807 2934 869 2987 haec
882 2943 910 2986 et
924 2931 1024 2986 similia
1038 2934 1123 2986 verba
1138 2951 1143 2986 :

4 3015 5 3066 ἶ
56 3023 171 3076 “norunt
193 3022 294 3076 initiati
305 3020 340 3087 '’;
367 3023 498 3077 eamdem
520 3021 605 3075 luisse
625 3021 814 3075 unr'ucrsalem
834 3030 945 3074 constat
964 3036 1050 3074 exeo
1069 3021 1144 3090 quod

57 3107 121 3162 illius
144 3109 318 3164 mentionem
344 3109 448 3163 iaciant
473 3110 664 3178 Aumatium,
687 3109 874 3176 Athanasius,
898 3109 1023 3174 Cyrillus
1047 3110 1141 3177 Hier,

57 3195 182 3258 Basilius,
201 3192 356 3264 chrysost,
374 3196 553 3249 Innocentius
564 3197 716 3265 I'aliique;
736 3213 769 3248 ex
788 3211 843 3264 quo
863 3197 987 3265 sequitur
1000 3211 1063 3248 eam
1082 3212 1145 3248 esse

57 3281 211 3334 traditionis
223 3281 388 3350 apostolica,
405 3297 438 3334 eo
452 3281 543 3350 magis
557 3282 623 3352 quia
642 3283 717 3336 illius
735 3282 792 3349 jam
811 3282 997 3336 meminerunt
1013 3282 1147 3349 On'ganrs

57 3378 77 3417 et
94 3369 119 3418 T
116 3368 303 3430 ertrrllianns,·
321 3379 426 3437 quanto
439 3371 534 3435 rigore
547 3379 658 3422 servata
666 3366 752 3424 ¹luerit
772 3379 848 3437 patet
868 3378 926 3421 tum
945 3384 978 3422 ex
997 3365 1145 3420 interdiilo

57 3451 161 3508 initiatis
175 3453 307 3522 imposito
318 3470 354 3507 ne
364 3453 536 3508 catechesim
546 3455 582 3508 de
593 3454 734 3523 mysteriis
745 3453 936 3507 eucharisticis
947 3453 1072 3506 auditam
1083 3451 1145 3505 aliis

4 3541 5 3546 ’
57 3539 169 3593 nondum
189 3539 314 3604 initiatis,
332 3541 417 3594 etiam
437 3540 647 3594 catechumenis
667 3541 819 3604 traderent,
835 3550 895 3594 tum
912 3557 945 3592 ex
962 3555 996 3592 eo
1013 3537 1090 3607 quod
1109 3539 1141 3590 R.

58 3624 195 3680 Pontifices
211 3645 240 3681 se
254 3627 308 3680 hlic
322 3628 384 3696 lege
398 3625 547 3680 obstriilos
562 3628 729 3694 censuerint,
739 3639 810 3681 teste
826 3626 990 3680 Innocentio
1007 3624 1028 3688 l,
1040 3635 1097 3677 tum
1112 3641 1145 3678 ex

57 3707 157 3767 horrore
170 3731 255 3782 quem
269 3713 398 3782 concepit
411 3710 503 3783 Julius
520 3715 541 3782 l,
555 3731 619 3767 cum
633 3713 778 3778 audiisset,
795 3715 822 3766 in
836 3713 922 3766 causa
936 3711 1092 3778 Athanasii,
1106 3713 1144 3764 in-

58 3800 262 3868 terrogationcm
283 3799 409 3853 habitam
429 3799 515 3853 luisse
535 3800 570 3853 de
590 3799 729 3868 mysteriis
744 3799 945 3866 eucharisticis,
960 3797 1145 3868 praesentibus

58 3884 171 3952 ethnicis,
186 3896 246 3939 tum
261 3902 294 3939 ex
307 3903 341 3939 eo
354 3885 430 3954 quod
443 3897 646 3954 persecutores,
663 3885 790 3940 adhibita
810 3885 874 3939 licet
893 3885 969 3938 omni
989 3884 1143 3954 diligentitl,

58 3970 154 4025 nonnisi
180 3973 300 4025 obscure
326 3972 386 4024 haec
412 3973 546 4040 mysteria
572 3989 743 4040 cognoscere
768 3971 930 4040 potuerint;
961 3971 1145 4024 fundamenta

52 4053 126 4123 'hujus
139 4059 297 4126 disciplinae
311 4059 339 4111 in
352 4057 445 4112 verbis
457 4057 561 4112 Christi
577 4057 702 4112 invenire
716 4069 759 4112 est
774 4077 779 4111 :
799 4058 922 4112 “Nolite
935 4059 1002 4112 dare
1016 4056 1145 4112 sanilum

58 4145 169 4210 canibus,
178 4162 270 4214 neque
280 4144 397 4198 mittatis
408 4146 572 4213 margaritas
584 4157 691 4199 vestras
702 4155 768 4198 ante
779 4161 879 4215 porcos
888 4146 900 4170 ”
912 4145 1009 4211 (trata.
1023 4145 1064 4196 Vl
1071 4145 1092 4210 l,
1106 4143 1146 4208 6);

57 4225 204 4285 horiente
223 4246 311 4301 usque
330 4231 366 4284 ad
387 4231 471 4284 linem
490 4248 553 4285 saec.
572 4233 603 4298 V,
618 4232 645 4284 in
661 4231 816 4286 Occidente
830 4233 866 4286 ad
886 4233 1008 4286 medium
1023 4247 1086 4284 saec.
1104 4230 1144 4281 Vl

58 4313 155 4371 videtur
167 4319 292 4372 durasse.
331 4318 462 4383 (Hrrrter,
476 4335 503 4370 n.
521 4318 592 4386 377.)
