2794 4662
396 186 761 250 nnunrruuonro
1066 191 1134 243 eoa

14 391 15 396 .
60 361 82 436 i,
98 373 269 426 manente
292 365 459 446 conjugali
483 388 583 444 nexu,
599 369 757 450 conjuges
780 391 800 432 a
823 370 938 433 debito
962 369 1130 452 conjugali

55 465 201 527 idendo
214 467 379 530 immunes
392 480 488 547 sunt3
504 471 683 534 divortium
696 473 806 552 quoad
813 471 1053 548 habitationem,
1065 493 1134 554 quo

14 597 22 634 .-
56 567 188 648 njuges
205 569 250 631 ab
266 569 469 651 obligatione
486 562 583 637 simul
600 574 814 637 cohabitandi
833 563 1019 637 liberantur.
1068 575 1133 637 Hic

52 671 234 734 :divortio
249 676 382 755 proprie
398 673 497 751 dieto,
514 697 570 740 seu
595 680 704 758 quoad
722 678 900 754 vinculum,
917 661 1048 742 tantum
1066 679 1133 760 agi·

14 803 31 841 ι’
51 795 97 846 us,
124 795 237 855 quum
267 777 458 841 Canonistae
487 789 519 842 et
546 781 725 844 Moralistae
749 767 898 845 satis'de
926 781 1134 863 separatione

14 913 24 926 -·
51 887 125 938 toro
143 889 180 940 et
196 879 308 942 mense
322 882 503 963 disputent.
798 875 799 880 ἵ
908 886 914 896 ’

14 1019 17 1054 ;
60 982 215 1063 Triplex
233 986 354 1064 pariter
371 987 617 1050 matrimonium
635 988 793 1078 distingui
813 989 919 1052 solet:
942 989 1134 1076 legitimum,

14 1123 16 1158 ;
45 1087 109 1146 rod
140 1087 233 1147 inter
256 1090 340 1150 duos
361 1088 511 1152 infideles
536 1091 644 1166 initur,
661 1091 760 1154 salvis
782 1091 911 1172 legibus
928 1102 999 1154 tum
1015 1090 1135 1154 divinis

44 1209 89 1250 tm
127 1189 312 1268 humanis;
343 1201 461 1266 ration,
492 1213 549 1254 seu
581 1203 755 1273 receptum,
786 1194 875 1272 quod
908 1194 992 1282 inter
1022 1191 1135 1254 fideles

43 1291 219 1354 elebratur
230 1292 331 1372 juxta
348 1295 437 1374 leges
454 1295 583 1357 divinas
600 1305 633 1356 et
645 1295 894 1369 ecclesiasticas,
907 1296 1048 1376 ideoque
1060 1315 1136 1357 vere

14 1445 18 1452 .
40 1404 68 1455 st
87 1405 366 1472 sacramentum;
389 1407 655 1471 consummatum,
671 1399 760 1478 quod
785 1397 906 1479 copult
925 1379 1048 1459 carnali
1065 1418 1135 1479 per-

40 1495 120 1572 etit,
149 1519 197 1558 ex
228 1519 263 1559 se
296 1500 337 1561 ad
365 1502 614 1580 generationem
647 1502 734 1581 aptit,
761 1500 952 1581 completur.
1007 1499 1135 1582 Quibus

37 1600 145 1660 osiris
164 1600 338 1663 dicemus:
368 1615 398 1663 10
413 1603 455 1663 de
480 1601 771 1663 indissolubilitate
796 1585 1049 1664 matrimonialis
1066 1603 1135 1666 virt-

40 1701 86 1761 uli
114 1722 163 1762 ex
178 1702 261 1782 jure
283 1702 411 1779 divium
436 1716 471 1764 20
486 1703 528 1766 de
551 1704 668 1766 eidem
688 1704 978 1767 indissolubilitate
1002 1725 1046 1767 ex
1057 1706 1139 1786 jure

35 1805 208 1876 mturali,·
234 1817 269 1883 30
292 1807 334 1868 de
361 1807 493 1870 casibus
519 1808 550 1868 in
575 1807 695 1887 quibus
722 1808 890 1872 vinculum
916 1808 998 1871 solvi
1026 1820 1137 1890 potest

34 1908 129 1967 etiam
150 1907 215 1968 sub
232 1907 305 1988 lege
322 1910 522 1990 evangelici.

32 2057 54 2114 t.
80 2059 142 2116 De
167 2057 515 2118 indissolubilitate
538 2061 773 2119 matrimonii
797 2075 845 2118 ex
863 2061 954 2132 jure
974 2061 1135 2120 divino¹.

75 2187 174 2248 Inter
198 2185 405 2248 Christianos
429 2189 650 2249 communiter
673 2189 864 2268 agnoscitur
888 2189 1136 2250 matrimonium

29 2289 69 2348 ab
87 2290 191 2351 initio
208 2288 307 2351 luisse
328 2290 565 2364 indissolubile,
583 2301 732 2371 tempore
755 2302 867 2353 autem
885 2291 967 2372 legis
984 2293 1137 2353 mosaicae

28 2394 90 2454 sub
108 2393 211 2454 certis
228 2393 474 2456 conditionibus
490 2393 622 2456 dissolvi
640 2395 796 2474 potuisse,
809 2395 867 2458 sed
885 2394 927 2456 ad
943 2394 1137 2475 primaevam

31 2495 361 2557 indissolubilitatem
391 2517 408 2558 a
438 2495 570 2559 Christo
598 2506 786 2558 revocatum
816 2495 922 2560 luisse.
976 2496 1137 2559 Attamen

32 2597 61 2658 G
64 2598 143 2661 roecz'
149 2597 350 2658 schismatici
358 2609 391 2661 et
401 2599 622 2661 protestantes
631 2602 754 2662 docent
767 2601 1025 2674 matrimonium,
1037 2601 1137 2662 etiam

32 2702 144 2780 quoad
174 2702 352 2777 vinculum,
378 2703 459 2764 solvi
492 2723 589 2783 posse
620 2722 678 2783 per
708 2703 907 2769 adulterium
940 2713 997 2766 aut
1028 2704 1139 2778 etiam,

30 2803 131 2880 juxta
150 2804 284 2880 multoe,
301 2813 376 2884 post
392 2805 597 2867 obstinatam
614 2805 836 2867 desertionem
854 2805 1043 2868 alterutrIus
1060 2826 1138 2867 con·

30 2905 121 2988 jugis
134 2920 157 2970 ².

68 3079 76 3108 ¹
92 3083 123 3134 S.
139 3081 167 3133 T
165 3080 237 3132 hom.
256 3082 341 3148 Supp.
355 3099 380 3150 q.
391 3083 436 3149 673
457 3080 589 3142 Sonclree,
607 3080 624 3132 l.
639 3080 674 3143 X,
685 3079 757 3148 disp.
777 3079 801 3140 l;
822 3080 971 3144 Drom'n,l.
988 3080 1038 3146 tx,
1050 3097 1075 3150 q.
1091 3081 1139 3147 tv,

35 3185 56 3220 c.
71 3185 95 3232 ¹3
111 3168 318 3230 Bellarminus,
332 3185 355 3221 c.
370 3167 400 3221 16
409 3187 415 3232 ;
430 3167 567 3232 Billuari,
581 3167 646 3219 diss.
659 3167 692 3232 V,
710 3183 735 3219 a.
749 3181 771 3228 2,
786 3165 931 3234 Digressio
945 3167 1055 3232 histor.;
1072 3169 1139 3222 Car·

36 3255 114 3322 titre,
133 3271 160 3307 n.
175 3255 227 3307 228
241 3271 296 3322 sq.;
316 3254 448 3324 perrone,
462 3255 479 3306 l.
498 3254 553 3319 lll,
571 3250 639 3306 seii.
654 3267 679 3320 2,
696 3269 717 3305 c.
737 3267 797 3321 1·4;
817 3253 849 3304 de
865 3253 1047 3322 Augustim's,
1069 3271 1094 3307 a.
1111 3255 1139 3322 83

35 3343 186 3408 Polmieri,
205 3343 244 3395 th.
269 3355 359 3406 ¹7·²2;
382 3343 411 3394 Τ.
438 3341 570 3406 Woolsey,
594 3339 715 3393 Divorce
734 3340 791 3393 and
813 3341 934 3394 Divorce
955 3340 1135 3412 Legislation,

41 3431 114 3497 1882,
132 3447 156 3483 c.
174 3448 198 3493 t;
211 3430 243 3498 J.
261 3428 405 3488 Currvzirc.
422 3431 460 3481 Le
475 3429 544 3482 Lien
564 3427 692 3496 conjugal
712 3438 740 3481 et
759 3428 784 3480 le
806 3428 935 3490 Divorce.
951 3428 1039 3490 Paris,
1058 3429 1139 3495 18903

39 3515 166 3587 Congres
180 3518 276 3572 scient.
293 3517 422 3571 internat.
440 3516 516 3585 1894,
531 3519 575 3570 Sc.
589 3516 673 3584 jutid.
690 3533 714 3584 p.
734 3530 781 3583 133
795 3533 836 3584 sq.

72 3611 81 3631 ²
94 3604 196 3673 Quoad
207 3601 362 3656 dodirinam
378 3606 541 3658 Graecorum
555 3603 608 3656 hic
622 3603 657 3656 de
671 3619 709 3665 re,
721 3602 784 3656 vide
790 3602 853 3668 Jos.
868 3601 1004 3670 Solirqger,
1018 3600 1140 3656 Divorce

39 3709 56 3741 n
77 3693 190 3744 runculo
213 3691 240 3742 in
264 3692 311 3744 the
332 3690 522 3744 schismatical
546 3690 682 3744 churches
704 3706 748 3757 ap.
768 3686 866 3742 Amer.
893 3689 994 3741 Eccles.
1017 3689 1139 3758 lievitzo,

40 3792 97 3843 apr.
123 3777 198 3840 1892,
223 3792 250 3844 p.
277 3775 327 3839 264
350 3791 391 3842 sq.
433 3772 648 3827 Protestantium
669 3782 764 3826 autem
786 3770 944 3824 doilrinam
967 3771 1007 3824 sic
1027 3772 1139 3825 exhihet

43 3861 189 3916 Confessio
202 3857 266 3915 fidei
286 3861 588 3914 Wesimonnstcriensr's
601 3861 673 3928 (cap.
689 3859 797 3925 XXIV,
807 3857 883 3928 5-6):
904 3857 1012 3927 “Quod
1026 3859 1047 3912 si
1062 3860 1140 3912 adul-

43 3949 140 4002 terium
160 3959 223 4016 post
242 3949 402 4017 conjugium
422 3949 593 4014 admittatur,
617 3946 712 4000 licebit
735 3945 805 4014 parti
829 3945 971 3999 innocenti
990 3945 1140 4000 divortium

43 4037 101 4102 iege
115 4037 255 4105 postulare
269 4052 301 4088 ac
316 4035 442 4088 obtinere
454 4055 461 4098 ;
481 4044 566 4102 atque
585 4032 699 4102 quidem
717 4043 780 4101 post
793 4031 898 4086 tatium
911 4031 1061 4086 divortium
1075 4050 1139 4086 con-

41 4123 115 4190 jugio
128 4122 206 4176 alteri
221 4122 330 4186 sociari,
344 4121 460 4190 perinde
473 4137 506 4174 ac
521 4120 542 4173 si
558 4130 668 4173 mortua
686 4129 761 4173 esset
775 4135 895 4188 persona
908 4119 957 4172 illa
969 4136 1033 4188 quae
1046 4120 1137 4189 conju·

45 4209 79 4276 gii
93 4209 177 4263 fidem
190 4208 345 4262 violabat...
387 4206 577 4260 Nihilominus
596 4217 691 4260 tamen
710 4216 788 4260 extra
807 4205 976 4260 adulterium
994 4223 1027 4259 ac
1047 4205 1139 4260 deser·

45 4295 146 4350 tionem
166 4295 205 4349 ita
224 4296 404 4362 obstinatam,
418 4303 447 4350 ut
466 4293 509 4347 cui
530 4294 606 4347 nullo
626 4293 758 4362 remedio,
775 4309 828 4347 nec
847 4293 883 4347 ab
903 4291 1033 4346 heclesih
1052 4308 1103 4347 nee
1123 4309 1139 4346 a
