<?xml version="1.0" encoding="UTF-8"?>
<!DOCTYPE html PUBLIC "-//W3C//DTD XHTML 1.0 Transitional//EN"
    "http://www.w3.org/TR/xhtml1/DTD/xhtml1-transitional.dtd">
<html xmlns="http://www.w3.org/1999/xhtml" xml:lang="en" lang="en">
 <head>
  <title>
</title>
<meta http-equiv="Content-Type" content="text/html;charset=utf-8" />
  <meta name='ocr-system' content='tesseract 3.04.00' />
  <meta name='ocr-capabilities' content='ocr_page ocr_carea ocr_par ocr_line ocrx_word'/>
</head>
<body>
  <div class='ocr_page' id='page_1' title='image "./synopsistheolog01tanqgoog_0086.png"; bbox 0 0 2780 4646; ppageno 0'>
   <div class='ocr_carea' id='block_1_1' title="bbox 360 149 1137 204">
    <p class='ocr_par' dir='ltr' id='par_1_1' title="bbox 360 149 1137 204">
     <span class='ocr_line' id='line_1_1' title="bbox 360 149 1137 204; baseline 0.003 -3"><span class='ocrx_word' id='word_1_1' title='bbox 360 152 417 202; x_wconf 85' lang='lat' dir='ltr'>DE</span> <span class='ocrx_word' id='word_1_2' title='bbox 434 151 597 202; x_wconf 71' lang='lat' dir='ltr'>onum</span> <span class='ocrx_word' id='word_1_3' title='bbox 617 152 815 204; x_wconf 71' lang='lat' dir='ltr'>Actum.</span> <span class='ocrx_word' id='word_1_4' title='bbox 1100 149 1137 203; x_wconf 64' lang='lat' dir='ltr'>il</span> 
     </span>
    </p>
   </div>
   <div class='ocr_carea' id='block_1_2' title="bbox 28 331 1155 3897">
    <p class='ocr_par' dir='ltr' id='par_1_2' title="bbox 28 331 1146 2043">
     <span class='ocr_line' id='line_1_2' title="bbox 77 331 1140 416; baseline -0.002 -20"><span class='ocrx_word' id='word_1_5' title='bbox 77 336 126 414; x_wconf 87' lang='lat'>87.</span> <span class='ocrx_word' id='word_1_6' title='bbox 146 351 150 360; x_wconf 93' lang='lat'>·</span> <span class='ocrx_word' id='word_1_7' title='bbox 176 331 234 414; x_wconf 83' lang='lat' dir='ltr'>(A)</span> <span class='ocrx_word' id='word_1_8' title='bbox 258 333 374 415; x_wconf 80' lang='lat' dir='ltr'>Script.</span> <span class='ocrx_word' id='word_1_9' title='bbox 402 333 452 416; x_wconf 89' lang='lat' dir='ltr'>(a)</span> <span class='ocrx_word' id='word_1_10' title='bbox 476 333 532 396; x_wconf 88' lang='lat' dir='ltr'>Ex</span> <span class='ocrx_word' id='word_1_11' title='bbox 556 333 705 397; x_wconf 85' lang='lat' dir='ltr'><strong>textibus</strong></span> <span class='ocrx_word' id='word_1_12' title='bbox 728 331 785 396; x_wconf 90' lang='lat' dir='ltr'>ubi</span> <span class='ocrx_word' id='word_1_13' title='bbox 809 332 997 396; x_wconf 86' lang='lat' dir='ltr'>declaratur</span> <span class='ocrx_word' id='word_1_14' title='bbox 1020 352 1140 395; x_wconf 92' lang='lat' dir='ltr'>omnes</span> 
     </span>
     <span class='ocr_line' id='line_1_3' title="bbox 40 435 1141 517; baseline 0.004 -23"><span class='ocrx_word' id='word_1_15' title='bbox 40 435 324 499; x_wconf 83' lang='lat' dir='ltr'>indiscriminatim</span> <span class='ocrx_word' id='word_1_16' title='bbox 357 437 509 499; x_wconf 87' lang='lat' dir='ltr'>homines</span> <span class='ocrx_word' id='word_1_17' title='bbox 535 436 645 500; x_wconf 88' lang='lat' dir='ltr'>vocari</span> <span class='ocrx_word' id='word_1_18' title='bbox 672 436 716 498; x_wconf 91' lang='lat' dir='ltr'>ad</span> <span class='ocrx_word' id='word_1_19' title='bbox 743 435 886 517; x_wconf 82' lang='lat' dir='ltr'>gratiam</span> <span class='ocrx_word' id='word_1_20' title='bbox 910 446 944 498; x_wconf 91' lang='lat' dir='ltr'>et</span> <span class='ocrx_word' id='word_1_21' title='bbox 972 435 1141 499; x_wconf 89' lang='lat' dir='ltr'>salutem:</span> 
     </span>
     <span class='ocr_line' id='line_1_4' title="bbox 38 538 1141 622; baseline 0.003 -24"><span class='ocrx_word' id='word_1_22' title='bbox 38 545 52 568; x_wconf 80' lang='lat'>‘⁴</span> <span class='ocrx_word' id='word_1_23' title='bbox 65 538 140 619; x_wconf 90' lang='lat' dir='ltr'>lpse</span> <span class='ocrx_word' id='word_1_24' title='bbox 160 549 213 601; x_wconf 90' lang='lat' dir='ltr'>est</span> <span class='ocrx_word' id='word_1_25' title='bbox 233 541 425 622; x_wconf 87' lang='lat' dir='ltr'>propitiatio</span> <span class='ocrx_word' id='word_1_26' title='bbox 448 559 510 621; x_wconf 91' lang='lat' dir='ltr'>pro</span> <span class='ocrx_word' id='word_1_27' title='bbox 531 539 676 620; x_wconf 90' lang='lat' dir='ltr'>peccatis</span> <span class='ocrx_word' id='word_1_28' title='bbox 697 541 827 618; x_wconf 88' lang='lat' dir='ltr'>nostris,</span> <span class='ocrx_word' id='word_1_29' title='bbox 845 561 912 603; x_wconf 93' lang='lat' dir='ltr'>non</span> <span class='ocrx_word' id='word_1_30' title='bbox 937 559 997 622; x_wconf 92' lang='lat' dir='ltr'>pro</span> <span class='ocrx_word' id='word_1_31' title='bbox 1021 539 1141 603; x_wconf 88' lang='lat' dir='ltr'>nostris</span> 
     </span>
     <span class='ocr_line' id='line_1_5' title="bbox 40 641 1141 725; baseline 0 -21"><span class='ocrx_word' id='word_1_32' title='bbox 40 653 148 706; x_wconf 85' lang='lat' dir='ltr'>autem</span> <span class='ocrx_word' id='word_1_33' title='bbox 167 655 309 720; x_wconf 90' lang='lat' dir='ltr'>tantum,</span> <span class='ocrx_word' id='word_1_34' title='bbox 320 647 377 709; x_wconf 93' lang='lat' dir='ltr'>sed</span> <span class='ocrx_word' id='word_1_35' title='bbox 395 644 496 708; x_wconf 90' lang='lat' dir='ltr'>etiam</span> <span class='ocrx_word' id='word_1_36' title='bbox 510 664 571 725; x_wconf 93' lang='lat' dir='ltr'>pro</span> <span class='ocrx_word' id='word_1_37' title='bbox 583 641 686 706; x_wconf 92' lang='lat' dir='ltr'>totius</span> <span class='ocrx_word' id='word_1_38' title='bbox 703 644 818 706; x_wconf 90' lang='lat' dir='ltr'>mundi</span> <span class='ocrx_word' id='word_1_39' title='bbox 831 642 846 668; x_wconf 89' lang='lat'><strong>”</strong></span> <span class='ocrx_word' id='word_1_40' title='bbox 861 653 872 686; x_wconf 88' lang='lat'>¹</span> <span class='ocrx_word' id='word_1_41' title='bbox 887 664 894 720; x_wconf 90' lang='lat'>;</span> <span class='ocrx_word' id='word_1_42' title='bbox 911 663 955 706; x_wconf 89' lang='lat' dir='ltr'>ex</span> <span class='ocrx_word' id='word_1_43' title='bbox 969 642 1020 704; x_wconf 89' lang='lat' dir='ltr'>his</span> <span class='ocrx_word' id='word_1_44' title='bbox 1033 643 1141 704; x_wconf 86' lang='lat' dir='ltr'>verbis</span> 
     </span>
     <span class='ocr_line' id='line_1_6' title="bbox 40 745 1142 827; baseline -0.001 -19"><span class='ocrx_word' id='word_1_45' title='bbox 40 746 190 811; x_wconf 86' lang='lat' dir='ltr'>Christus</span> <span class='ocrx_word' id='word_1_46' title='bbox 207 749 367 813; x_wconf 86' lang='lat' dir='ltr'>satisfecit</span> <span class='ocrx_word' id='word_1_47' title='bbox 390 769 455 811; x_wconf 94' lang='lat' dir='ltr'>non</span> <span class='ocrx_word' id='word_1_48' title='bbox 480 748 586 810; x_wconf 89' lang='lat' dir='ltr'>solum</span> <span class='ocrx_word' id='word_1_49' title='bbox 612 764 671 827; x_wconf 90' lang='lat' dir='ltr'>pro</span> <span class='ocrx_word' id='word_1_50' title='bbox 695 745 857 820; x_wconf 87' lang='lat' dir='ltr'>fidelibus,</span> <span class='ocrx_word' id='word_1_51' title='bbox 873 746 931 809; x_wconf 92' lang='lat' dir='ltr'>sed</span> <span class='ocrx_word' id='word_1_52' title='bbox 955 745 1057 810; x_wconf 87' lang='lat' dir='ltr'>etiam</span> <span class='ocrx_word' id='word_1_53' title='bbox 1082 765 1142 827; x_wconf 92' lang='lat' dir='ltr'>pro</span> 
     </span>
     <span class='ocr_line' id='line_1_7' title="bbox 40 847 1141 934; baseline 0 -24"><span class='ocrx_word' id='word_1_54' title='bbox 40 851 193 914; x_wconf 89' lang='lat' dir='ltr'>omnibus</span> <span class='ocrx_word' id='word_1_55' title='bbox 217 852 314 930; x_wconf 89' lang='lat' dir='ltr'>aliis;</span> <span class='ocrx_word' id='word_1_56' title='bbox 344 852 437 934; x_wconf 89' lang='lat' dir='ltr'>atqui</span> <span class='ocrx_word' id='word_1_57' title='bbox 460 850 582 914; x_wconf 80' lang='lat' dir='ltr'>frustra</span> <span class='ocrx_word' id='word_1_58' title='bbox 604 847 817 912; x_wconf 74' lang='lat' dir='ltr'>satisfecisset</span> <span class='ocrx_word' id='word_1_59' title='bbox 841 868 901 930; x_wconf 91' lang='lat' dir='ltr'>pro</span> <span class='ocrx_word' id='word_1_60' title='bbox 924 848 1090 922; x_wconf 87' lang='lat' dir='ltr'>omnibus,</span> <span class='ocrx_word' id='word_1_61' title='bbox 1114 847 1141 910; x_wconf 92' lang='lat' dir='ltr'>si</span> 
     </span>
     <span class='ocr_line' id='line_1_8' title="bbox 42 950 1142 1037; baseline -0.001 -23"><span class='ocrx_word' id='word_1_62' title='bbox 42 953 198 1018; x_wconf 85' lang='lat' dir='ltr'>infideles</span> <span class='ocrx_word' id='word_1_63' title='bbox 215 976 281 1020; x_wconf 93' lang='lat' dir='ltr'>non</span> <span class='ocrx_word' id='word_1_64' title='bbox 298 956 460 1020; x_wconf 85' lang='lat' dir='ltr'>haberent</span> <span class='ocrx_word' id='word_1_65' title='bbox 482 953 624 1037; x_wconf 85' lang='lat' dir='ltr'>gratiam</span> <span class='ocrx_word' id='word_1_66' title='bbox 645 971 703 1032; x_wconf 89' lang='lat' dir='ltr'>per</span> <span class='ocrx_word' id='word_1_67' title='bbox 726 969 826 1032; x_wconf 88' lang='lat' dir='ltr'>quam</span> <span class='ocrx_word' id='word_1_68' title='bbox 851 950 971 1014; x_wconf 87' lang='lat' dir='ltr'>salvari</span> <span class='ocrx_word' id='word_1_69' title='bbox 993 951 1142 1034; x_wconf 90' lang='lat' dir='ltr'>possint;</span> 
     </span>
     <span class='ocr_line' id='line_1_9' title="bbox 41 1052 1142 1138; baseline 0.002 -24"><span class='ocrx_word' id='word_1_70' title='bbox 41 1073 122 1134; x_wconf 87' lang='lat' dir='ltr'>ergo.</span> <span class='ocrx_word' id='word_1_71' title='bbox 171 1054 224 1136; x_wconf 89' lang='lat' dir='ltr'>(b)</span> <span class='ocrx_word' id='word_1_72' title='bbox 241 1056 460 1119; x_wconf 85' lang='lat' dir='ltr'>Extextibus</span> <span class='ocrx_word' id='word_1_73' title='bbox 473 1056 529 1136; x_wconf 93' lang='lat' dir='ltr'>qui</span> <span class='ocrx_word' id='word_1_74' title='bbox 542 1054 729 1138; x_wconf 83' lang='lat' dir='ltr'>specialiter</span> <span class='ocrx_word' id='word_1_75' title='bbox 744 1054 901 1118; x_wconf 91' lang='lat' dir='ltr'>Inlideles</span> <span class='ocrx_word' id='word_1_76' title='bbox 914 1052 1142 1136; x_wconf 65' lang='lat' dir='ltr'>compleEtun·</span> 
     </span>
     <span class='ocr_line' id='line_1_10' title="bbox 41 1157 1141 1240; baseline 0.002 -23"><span class='ocrx_word' id='word_1_77' title='bbox 41 1166 109 1219; x_wconf 88' lang='lat' dir='ltr'>tur:</span> <span class='ocrx_word' id='word_1_78' title='bbox 134 1163 151 1188; x_wconf 85' lang='lat'>‘⁴</span> <span class='ocrx_word' id='word_1_79' title='bbox 166 1157 296 1222; x_wconf 87' lang='lat' dir='ltr'>Omnes</span> <span class='ocrx_word' id='word_1_80' title='bbox 319 1158 471 1220; x_wconf 91' lang='lat' dir='ltr'>homines</span> <span class='ocrx_word' id='word_1_81' title='bbox 494 1159 565 1221; x_wconf 90' lang='lat' dir='ltr'>vult</span> <span class='ocrx_word' id='word_1_82' title='bbox 586 1157 696 1220; x_wconf 90' lang='lat' dir='ltr'>salvos</span> <span class='ocrx_word' id='word_1_83' title='bbox 720 1157 788 1220; x_wconf 85' lang='lat' dir='ltr'>ficri</span> <span class='ocrx_word' id='word_1_84' title='bbox 813 1167 846 1220; x_wconf 91' lang='lat' dir='ltr'>et</span> <span class='ocrx_word' id='word_1_85' title='bbox 870 1160 912 1220; x_wconf 91' lang='lat' dir='ltr'>ad</span> <span class='ocrx_word' id='word_1_86' title='bbox 936 1158 1141 1240; x_wconf 85' lang='lat' dir='ltr'>agnitionem</span> 
     </span>
     <span class='ocr_line' id='line_1_11' title="bbox 42 1259 1142 1344; baseline 0.003 -26"><span class='ocrx_word' id='word_1_87' title='bbox 42 1260 187 1328; x_wconf 83' lang='lat' dir='ltr'>veritatis</span> <span class='ocrx_word' id='word_1_88' title='bbox 204 1263 315 1326; x_wconf 90' lang='lat' dir='ltr'>venire</span> <span class='ocrx_word' id='word_1_89' title='bbox 326 1261 342 1287; x_wconf 85' lang='lat'>¹&#39;</span> <span class='ocrx_word' id='word_1_90' title='bbox 355 1275 389 1338; x_wconf 66' lang='grc' dir='ltr'>ῃ;</span> <span class='ocrx_word' id='word_1_91' title='bbox 412 1283 486 1343; x_wconf 86' lang='lat' dir='ltr'>quae</span> <span class='ocrx_word' id='word_1_92' title='bbox 507 1261 641 1344; x_wconf 89' lang='lat' dir='ltr'>quidem</span> <span class='ocrx_word' id='word_1_93' title='bbox 664 1261 764 1324; x_wconf 89' lang='lat' dir='ltr'>verba</span> <span class='ocrx_word' id='word_1_94' title='bbox 786 1261 961 1324; x_wconf 87' lang='lat' dir='ltr'>manifeste</span> <span class='ocrx_word' id='word_1_95' title='bbox 989 1259 1142 1323; x_wconf 85' lang='lat' dir='ltr'>lnfideles</span> 
     </span>
     <span class='ocr_line' id='line_1_12' title="bbox 43 1361 1143 1447; baseline -0.001 -24"><span class='ocrx_word' id='word_1_96' title='bbox 43 1363 225 1438; x_wconf 92' lang='lat' dir='ltr'>includunt,</span> <span class='ocrx_word' id='word_1_97' title='bbox 240 1386 321 1427; x_wconf 91' lang='lat' dir='ltr'>cum.</span> <span class='ocrx_word' id='word_1_98' title='bbox 338 1375 457 1447; x_wconf 84' lang='lat' dir='ltr'>agatur</span> <span class='ocrx_word' id='word_1_99' title='bbox 476 1367 518 1428; x_wconf 91' lang='lat' dir='ltr'>de</span> <span class='ocrx_word' id='word_1_100' title='bbox 542 1365 681 1444; x_wconf 91' lang='lat' dir='ltr'>illisqui</span> <span class='ocrx_word' id='word_1_101' title='bbox 701 1365 743 1426; x_wconf 93' lang='lat' dir='ltr'>ad</span> <span class='ocrx_word' id='word_1_102' title='bbox 767 1361 971 1445; x_wconf 87' lang='lat' dir='ltr'>agnitionem</span> <span class='ocrx_word' id='word_1_103' title='bbox 994 1362 1143 1425; x_wconf 88' lang='lat' dir='ltr'>veritatis</span> 
     </span>
     <span class='ocr_line' id='line_1_13' title="bbox 43 1463 1143 1550; baseline 0.003 -27"><span class='ocrx_word' id='word_1_104' title='bbox 43 1467 149 1529; x_wconf 83' lang='lat' dir='ltr'>venire</span> <span class='ocrx_word' id='word_1_105' title='bbox 166 1467 320 1549; x_wconf 87' lang='lat' dir='ltr'>indigent</span> <span class='ocrx_word' id='word_1_106' title='bbox 335 1488 374 1530; x_wconf 90' lang='lat' dir='ltr'>ac</span> <span class='ocrx_word' id='word_1_107' title='bbox 391 1469 529 1550; x_wconf 88' lang='lat' dir='ltr'>proinde</span> <span class='ocrx_word' id='word_1_108' title='bbox 549 1468 592 1530; x_wconf 92' lang='lat' dir='ltr'>ad</span> <span class='ocrx_word' id='word_1_109' title='bbox 613 1466 713 1530; x_wconf 86' lang='lat' dir='ltr'>fidem</span> <span class='ocrx_word' id='word_1_110' title='bbox 738 1467 912 1530; x_wconf 76' lang='lat' dir='ltr'>convertis</span> <span class='ocrx_word' id='word_1_111' title='bbox 928 1487 935 1543; x_wconf 90' lang='grc'><strong>;</strong></span> <span class='ocrx_word' id='word_1_112' title='bbox 962 1465 1055 1546; x_wconf 90' lang='lat' dir='ltr'>atqui</span> <span class='ocrx_word' id='word_1_113' title='bbox 1073 1463 1143 1526; x_wconf 89' lang='lat' dir='ltr'>inli-</span> 
     </span>
     <span class='ocr_line' id='line_1_14' title="bbox 45 1562 1145 1652; baseline -0.002 -22"><span class='ocrx_word' id='word_1_114' title='bbox 45 1569 129 1632; x_wconf 88' lang='lat' dir='ltr'>deles</span> <span class='ocrx_word' id='word_1_115' title='bbox 161 1572 237 1634; x_wconf 90' lang='lat' dir='ltr'>sine</span> <span class='ocrx_word' id='word_1_116' title='bbox 267 1571 375 1652; x_wconf 77' lang='lat' dir='ltr'>gratia</span> <span class='ocrx_word' id='word_1_117' title='bbox 404 1572 522 1634; x_wconf 85' lang='lat' dir='ltr'>salvari</span> <span class='ocrx_word' id='word_1_118' title='bbox 555 1579 724 1650; x_wconf 88' lang='lat' dir='ltr'>nequeunt</span> <span class='ocrx_word' id='word_1_119' title='bbox 737 1593 745 1648; x_wconf 92' lang='lat'>;</span> <span class='ocrx_word' id='word_1_120' title='bbox 776 1562 863 1649; x_wconf 86' lang='lat' dir='ltr'>ergo.</span> <span class='ocrx_word' id='word_1_121' title='bbox 920 1567 1145 1631; x_wconf 87' lang='lat' dir='ltr'>Confirmatur</span> 
     </span>
     <span class='ocr_line' id='line_1_15' title="bbox 46 1669 1146 1754; baseline 0.005 -27"><span class='ocrx_word' id='word_1_122' title='bbox 46 1669 198 1749; x_wconf 71' lang='lat' dir='ltr'>Apostoli</span> <span class='ocrx_word' id='word_1_123' title='bbox 217 1671 325 1732; x_wconf 91' lang='lat' dir='ltr'>verbis</span> <span class='ocrx_word' id='word_1_124' title='bbox 340 1694 347 1733; x_wconf 91' lang='lat'>:</span> <span class='ocrx_word' id='word_1_125' title='bbox 370 1671 476 1733; x_wconf 81' lang='lat' dir='ltr'>“Non</span> <span class='ocrx_word' id='word_1_126' title='bbox 501 1682 551 1734; x_wconf 89' lang='lat' dir='ltr'>est</span> <span class='ocrx_word' id='word_1_127' title='bbox 574 1671 744 1736; x_wconf 71' lang='lat' dir='ltr'>distinctio</span> <span class='ocrx_word' id='word_1_128' title='bbox 759 1673 868 1754; x_wconf 85' lang='lat' dir='ltr'>Judaei</span> <span class='ocrx_word' id='word_1_129' title='bbox 885 1681 918 1735; x_wconf 90' lang='lat' dir='ltr'>et</span> <span class='ocrx_word' id='word_1_130' title='bbox 935 1672 1042 1736; x_wconf 85' lang='lat' dir='ltr'>Graeci</span> <span class='ocrx_word' id='word_1_131' title='bbox 1059 1671 1091 1751; x_wconf 84' lang='lat' dir='ltr'>(i.</span> <span class='ocrx_word' id='word_1_132' title='bbox 1109 1690 1146 1746; x_wconf 83' lang='lat' dir='ltr'>e,</span> 
     </span>
     <span class='ocr_line' id='line_1_16' title="bbox 28 1769 1143 1868; baseline 0.003 -37"><span class='ocrx_word' id='word_1_133' title='bbox 28 1769 145 1868; x_wconf 71' lang='lat' dir='ltr'>⁴fidelis</span> <span class='ocrx_word' id='word_1_134' title='bbox 170 1782 204 1834; x_wconf 88' lang='lat' dir='ltr'>et</span> <span class='ocrx_word' id='word_1_135' title='bbox 230 1772 393 1854; x_wconf 86' lang='lat' dir='ltr'>infidelis),</span> <span class='ocrx_word' id='word_1_136' title='bbox 411 1793 487 1836; x_wconf 90' lang='lat' dir='ltr'>nam</span> <span class='ocrx_word' id='word_1_137' title='bbox 511 1774 600 1836; x_wconf 89' lang='lat' dir='ltr'>idem</span> <span class='ocrx_word' id='word_1_138' title='bbox 626 1775 791 1837; x_wconf 88' lang='lat' dir='ltr'>Dominus</span> <span class='ocrx_word' id='word_1_139' title='bbox 815 1773 976 1850; x_wconf 90' lang='lat' dir='ltr'>omnium,</span> <span class='ocrx_word' id='word_1_140' title='bbox 996 1775 1088 1838; x_wconf 88' lang='lat' dir='ltr'>dives</span> <span class='ocrx_word' id='word_1_141' title='bbox 1112 1774 1143 1834; x_wconf 94' lang='lat' dir='ltr'>in</span> 
     </span>
     <span class='ocr_line' id='line_1_17' title="bbox 46 1875 1145 1958; baseline 0.002 -24"><span class='ocrx_word' id='word_1_142' title='bbox 46 1893 156 1938; x_wconf 88' lang='lat' dir='ltr'>omnes</span> <span class='ocrx_word' id='word_1_143' title='bbox 174 1876 233 1957; x_wconf 93' lang='lat' dir='ltr'>qui</span> <span class='ocrx_word' id='word_1_144' title='bbox 257 1877 413 1939; x_wconf 90' lang='lat' dir='ltr'>invocant</span> <span class='ocrx_word' id='word_1_145' title='bbox 430 1877 522 1938; x_wconf 93' lang='lat' dir='ltr'>illum</span> <span class='ocrx_word' id='word_1_146' title='bbox 534 1878 549 1902; x_wconf 92' lang='grc'>”</span> <span class='ocrx_word' id='word_1_147' title='bbox 562 1891 586 1954; x_wconf 82' lang='lat'>4,</span> <span class='ocrx_word' id='word_1_148' title='bbox 605 1897 661 1941; x_wconf 88' lang='lat' dir='ltr'>seu</span> <span class='ocrx_word' id='word_1_149' title='bbox 686 1887 821 1958; x_wconf 88' lang='lat' dir='ltr'>paratus</span> <span class='ocrx_word' id='word_1_150' title='bbox 845 1878 968 1958; x_wconf 84' lang='lat' dir='ltr'>gratias</span> <span class='ocrx_word' id='word_1_151' title='bbox 986 1875 1145 1957; x_wconf 91' lang='lat' dir='ltr'>impertiri</span> 
     </span>
     <span class='ocr_line' id='line_1_18' title="bbox 47 1979 550 2043; baseline 0.01 -6"><span class='ocrx_word' id='word_1_152' title='bbox 47 1979 198 2042; x_wconf 91' lang='lat' dir='ltr'>omnibus</span> <span class='ocrx_word' id='word_1_153' title='bbox 216 1980 448 2042; x_wconf 82' lang='lat' dir='ltr'>invocantibus</span> <span class='ocrx_word' id='word_1_154' title='bbox 464 2000 550 2043; x_wconf 90' lang='lat' dir='ltr'>eum.</span> 
     </span>
    </p>

    <p class='ocr_par' dir='ltr' id='par_1_3' title="bbox 49 2077 1147 2574">
     <span class='ocr_line' id='line_1_19' title="bbox 88 2077 1147 2166; baseline 0 -24"><span class='ocrx_word' id='word_1_155' title='bbox 88 2078 153 2166; x_wconf 89' lang='lat' dir='ltr'>(B)</span> <span class='ocrx_word' id='word_1_156' title='bbox 175 2077 207 2143; x_wconf 85' lang='lat' dir='ltr'><em>T</em></span> <span class='ocrx_word' id='word_1_157' title='bbox 204 2083 372 2145; x_wconf 77' lang='lat' dir='ltr'>raditionn</span> <span class='ocrx_word' id='word_1_158' title='bbox 406 2083 604 2145; x_wconf 84' lang='lat' dir='ltr'>Alexander</span> <span class='ocrx_word' id='word_1_159' title='bbox 615 2082 704 2144; x_wconf 93' lang='lat' dir='ltr'>VIll</span> <span class='ocrx_word' id='word_1_160' title='bbox 719 2082 833 2162; x_wconf 84' lang='lat'>(1690)</span> <span class='ocrx_word' id='word_1_161' title='bbox 847 2091 1041 2162; x_wconf 89' lang='lat' dir='ltr'>sequentem</span> <span class='ocrx_word' id='word_1_162' title='bbox 1054 2081 1147 2142; x_wconf 88' lang='lat' dir='ltr'>dam-</span> 
     </span>
     <span class='ocr_line' id='line_1_20' title="bbox 49 2181 1145 2267; baseline 0.004 -27"><span class='ocrx_word' id='word_1_163' title='bbox 49 2185 132 2246; x_wconf 86' lang='lat' dir='ltr'>navit</span> <span class='ocrx_word' id='word_1_164' title='bbox 162 2183 309 2247; x_wconf 86' lang='lat' dir='ltr'>Arnaldi</span> <span class='ocrx_word' id='word_1_165' title='bbox 341 2185 622 2267; x_wconf 88' lang='lat' dir='ltr'>propositionem:</span> <span class='ocrx_word' id='word_1_166' title='bbox 656 2187 821 2266; x_wconf 86' lang='lat' dir='ltr'>&#39;‘Pagani‚</span> <span class='ocrx_word' id='word_1_167' title='bbox 852 2185 970 2267; x_wconf 74' lang='lat' dir='ltr'>Judaei</span> <span class='ocrx_word' id='word_1_168' title='bbox 1001 2181 1145 2246; x_wconf 84' lang='lat' dir='ltr'>haeretici</span> 
     </span>
     <span class='ocr_line' id='line_1_21' title="bbox 49 2285 1147 2371; baseline 0.002 -27"><span class='ocrx_word' id='word_1_169' title='bbox 49 2286 168 2350; x_wconf 91' lang='lat' dir='ltr'>nullum</span> <span class='ocrx_word' id='word_1_170' title='bbox 192 2289 332 2350; x_wconf 92' lang='lat' dir='ltr'>omnino</span> <span class='ocrx_word' id='word_1_171' title='bbox 354 2289 522 2369; x_wconf 89' lang='lat' dir='ltr'>accipiunt</span> <span class='ocrx_word' id='word_1_172' title='bbox 545 2289 658 2371; x_wconf 87' lang='lat' dir='ltr'>aJesu</span> <span class='ocrx_word' id='word_1_173' title='bbox 679 2288 812 2352; x_wconf 92' lang='lat' dir='ltr'>Christo</span> <span class='ocrx_word' id='word_1_174' title='bbox 833 2287 998 2349; x_wconf 87' lang='lat' dir='ltr'>influxum</span> <span class='ocrx_word' id='word_1_175' title='bbox 1012 2285 1036 2360; x_wconf 79' lang='lat'>³³,</span> <span class='ocrx_word' id='word_1_176' title='bbox 1053 2285 1147 2365; x_wconf 85' lang='lat' dir='ltr'>cujus</span> 
     </span>
     <span class='ocr_line' id='line_1_22' title="bbox 50 2387 1147 2472; baseline 0.001 -24"><span class='ocrx_word' id='word_1_177' title='bbox 50 2387 305 2452; x_wconf 66' lang='lat' dir='ltr'>contradictoria</span> <span class='ocrx_word' id='word_1_178' title='bbox 331 2401 402 2452; x_wconf 89' lang='lat' dir='ltr'>est:</span> <span class='ocrx_word' id='word_1_179' title='bbox 431 2393 587 2472; x_wconf 85' lang='lat' dir='ltr'>“Pagani</span> <span class='ocrx_word' id='word_1_180' title='bbox 615 2402 676 2454; x_wconf 90' lang='lat' dir='ltr'>etc.</span> <span class='ocrx_word' id='word_1_181' title='bbox 705 2392 849 2471; x_wconf 90' lang='lat' dir='ltr'>aliquem</span> <span class='ocrx_word' id='word_1_182' title='bbox 877 2389 1042 2452; x_wconf 87' lang='lat' dir='ltr'>influxum</span> <span class='ocrx_word' id='word_1_183' title='bbox 1075 2389 1147 2468; x_wconf 89' lang='lat' dir='ltr'>(seu</span> 
     </span>
     <span class='ocr_line' id='line_1_23' title="bbox 50 2493 981 2574; baseline 0 -22"><span class='ocrx_word' id='word_1_184' title='bbox 50 2493 200 2574; x_wconf 84' lang='lat' dir='ltr'>gratiam)</span> <span class='ocrx_word' id='word_1_185' title='bbox 218 2493 385 2574; x_wconf 90' lang='lat' dir='ltr'>accipiunt</span> <span class='ocrx_word' id='word_1_186' title='bbox 401 2515 420 2555; x_wconf 90' lang='lat' dir='ltr'>a</span> <span class='ocrx_word' id='word_1_187' title='bbox 437 2493 572 2556; x_wconf 88' lang='lat' dir='ltr'>Christo</span> <span class='ocrx_word' id='word_1_188' title='bbox 584 2495 600 2520; x_wconf 89' lang='lat'>&#39;&#39;</span> <span class='ocrx_word' id='word_1_189' title='bbox 617 2494 790 2574; x_wconf 75' lang='lat' dir='ltr'>(Derraz&#39;ng.</span> <span class='ocrx_word' id='word_1_190' title='bbox 813 2493 916 2572; x_wconf 79' lang='grc'>1162).</span> <span class='ocrx_word' id='word_1_191' title='bbox 978 2547 981 2552; x_wconf 93' lang='grc'>.</span> 
     </span>
    </p>

    <p class='ocr_par' dir='ltr' id='par_1_4' title="bbox 54 2595 1150 3190">
     <span class='ocr_line' id='line_1_24' title="bbox 89 2595 1150 2676; baseline -0.007 -14"><span class='ocrx_word' id='word_1_192' title='bbox 89 2595 144 2676; x_wconf 76' lang='grc' dir='ltr'>(Ε)</span> <span class='ocrx_word' id='word_1_193' title='bbox 167 2597 246 2657; x_wconf 86' lang='lat' dir='ltr'>Ral.</span> <span class='ocrx_word' id='word_1_194' title='bbox 270 2595 300 2656; x_wconf 86' lang='grc' dir='ltr'><em>Τ</em></span> <span class='ocrx_word' id='word_1_195' title='bbox 297 2596 372 2658; x_wconf 81' lang='lat' dir='ltr'>heol.</span> <span class='ocrx_word' id='word_1_196' title='bbox 420 2597 475 2659; x_wconf 87' lang='lat' dir='ltr'>Ex</span> <span class='ocrx_word' id='word_1_197' title='bbox 499 2595 598 2660; x_wconf 70' lang='lat' dir='ltr'>dietis</span> <span class='ocrx_word' id='word_1_198' title='bbox 622 2598 653 2658; x_wconf 88' lang='lat' dir='ltr'>in</span> <span class='ocrx_word' id='word_1_199' title='bbox 678 2597 731 2659; x_wconf 84' lang='lat' dir='ltr'>Tr.</span> <span class='ocrx_word' id='word_1_200' title='bbox 746 2599 785 2659; x_wconf 81' lang='lat' dir='ltr'>dr</span> <span class='ocrx_word' id='word_1_201' title='bbox 800 2597 869 2658; x_wconf 78' lang='lat' dir='ltr'>Deo</span> <span class='ocrx_word' id='word_1_202' title='bbox 888 2596 931 2676; x_wconf 82' lang='lat' dir='ltr'>(n.</span> <span class='ocrx_word' id='word_1_203' title='bbox 954 2595 1027 2674; x_wconf 87' lang='lat'>127)</span> <span class='ocrx_word' id='word_1_204' title='bbox 1051 2604 1085 2656; x_wconf 88' lang='lat' dir='ltr'>et</span> <span class='ocrx_word' id='word_1_205' title='bbox 1108 2595 1150 2656; x_wconf 91' lang='lat' dir='ltr'>de</span> 
     </span>
     <span class='ocr_line' id='line_1_25' title="bbox 59 2696 1149 2779; baseline -0.001 -22"><span class='ocrx_word' id='word_1_206' title='bbox 59 2696 151 2760; x_wconf 78' lang='lat' dir='ltr'>Verbo</span> <span class='ocrx_word' id='word_1_207' title='bbox 173 2699 351 2760; x_wconf 74' lang='lat' dir='ltr'>lucornara</span> <span class='ocrx_word' id='word_1_208' title='bbox 374 2699 418 2778; x_wconf 88' lang='lat' dir='ltr'>(n.</span> <span class='ocrx_word' id='word_1_209' title='bbox 443 2699 528 2779; x_wconf 83' lang='lat'>202),</span> <span class='ocrx_word' id='word_1_210' title='bbox 553 2700 645 2761; x_wconf 89' lang='lat' dir='ltr'>Deus</span> <span class='ocrx_word' id='word_1_211' title='bbox 668 2699 794 2760; x_wconf 89' lang='lat' dir='ltr'>sincere</span> <span class='ocrx_word' id='word_1_212' title='bbox 818 2697 889 2760; x_wconf 90' lang='lat' dir='ltr'>vult</span> <span class='ocrx_word' id='word_1_213' title='bbox 912 2696 1053 2758; x_wconf 89' lang='lat' dir='ltr'>salutem</span> <span class='ocrx_word' id='word_1_214' title='bbox 1079 2715 1149 2757; x_wconf 93' lang='lat' dir='ltr'>om-</span> 
     </span>
     <span class='ocr_line' id='line_1_26' title="bbox 54 2797 1149 2880; baseline 0 -23"><span class='ocrx_word' id='word_1_215' title='bbox 54 2800 135 2862; x_wconf 91' lang='lat' dir='ltr'>nium</span> <span class='ocrx_word' id='word_1_216' title='bbox 160 2801 346 2878; x_wconf 88' lang='lat' dir='ltr'>hominum,</span> <span class='ocrx_word' id='word_1_217' title='bbox 362 2801 461 2863; x_wconf 90' lang='lat' dir='ltr'>etiam</span> <span class='ocrx_word' id='word_1_218' title='bbox 489 2800 700 2880; x_wconf 87' lang='lat' dir='ltr'>Infidelium;</span> <span class='ocrx_word' id='word_1_219' title='bbox 724 2801 816 2880; x_wconf 90' lang='lat' dir='ltr'>atqui</span> <span class='ocrx_word' id='word_1_220' title='bbox 841 2801 966 2860; x_wconf 91' lang='lat' dir='ltr'>sincere</span> <span class='ocrx_word' id='word_1_221' title='bbox 986 2797 1070 2859; x_wconf 87' lang='lat' dir='ltr'>velle</span> <span class='ocrx_word' id='word_1_222' title='bbox 1094 2817 1149 2858; x_wconf 88' lang='lat' dir='ltr'>ne·</span> 
     </span>
     <span class='ocr_line' id='line_1_27' title="bbox 54 2900 1150 2985; baseline -0.002 -24"><span class='ocrx_word' id='word_1_223' title='bbox 54 2904 117 2978; x_wconf 89' lang='lat' dir='ltr'>quit</span> <span class='ocrx_word' id='word_1_224' title='bbox 129 2924 245 2966; x_wconf 89' lang='lat' dir='ltr'>eorum</span> <span class='ocrx_word' id='word_1_225' title='bbox 260 2904 401 2966; x_wconf 87' lang='lat' dir='ltr'>salutem</span> <span class='ocrx_word' id='word_1_226' title='bbox 419 2905 481 2966; x_wconf 90' lang='lat' dir='ltr'>nisi</span> <span class='ocrx_word' id='word_1_227' title='bbox 498 2905 578 2985; x_wconf 91' lang='lat' dir='ltr'>ipsis</span> <span class='ocrx_word' id='word_1_228' title='bbox 595 2902 744 2965; x_wconf 82' lang='lat' dir='ltr'>conferat</span> <span class='ocrx_word' id='word_1_229' title='bbox 757 2901 881 2982; x_wconf 86' lang='lat' dir='ltr'>gratias</span> <span class='ocrx_word' id='word_1_230' title='bbox 892 2900 1010 2961; x_wconf 87' lang='lat' dir='ltr'>saltem</span> <span class='ocrx_word' id='word_1_231' title='bbox 1025 2910 1150 2961; x_wconf 90' lang='lat' dir='ltr'>remote</span> 
     </span>
     <span class='ocr_line' id='line_1_28' title="bbox 55 3002 1150 3087; baseline 0.001 -27"><span class='ocrx_word' id='word_1_232' title='bbox 55 3004 257 3080; x_wconf 84' lang='lat' dir='ltr'>sufficientes,</span> <span class='ocrx_word' id='word_1_233' title='bbox 274 3025 348 3067; x_wconf 91' lang='lat' dir='ltr'>cum</span> <span class='ocrx_word' id='word_1_234' title='bbox 372 3006 455 3069; x_wconf 88' lang='lat' dir='ltr'>tales</span> <span class='ocrx_word' id='word_1_235' title='bbox 479 3007 594 3087; x_wconf 85' lang='lat' dir='ltr'>gratiae</span> <span class='ocrx_word' id='word_1_236' title='bbox 618 3007 684 3067; x_wconf 91' lang='lat' dir='ltr'>sint</span> <span class='ocrx_word' id='word_1_237' title='bbox 708 3004 860 3067; x_wconf 90' lang='lat' dir='ltr'>absolute</span> <span class='ocrx_word' id='word_1_238' title='bbox 877 3002 918 3064; x_wconf 89' lang='lat' dir='ltr'>ad</span> <span class='ocrx_word' id='word_1_239' title='bbox 936 3002 1077 3063; x_wconf 88' lang='lat' dir='ltr'>salutem</span> <span class='ocrx_word' id='word_1_240' title='bbox 1096 3021 1150 3062; x_wconf 90' lang='lat' dir='ltr'>ne-</span> 
     </span>
     <span class='ocr_line' id='line_1_29' title="bbox 56 3111 330 3190; baseline 0.022 -26"><span class='ocrx_word' id='word_1_241' title='bbox 56 3111 218 3186; x_wconf 87' lang='lat' dir='ltr'>cessariae;</span> <span class='ocrx_word' id='word_1_242' title='bbox 242 3129 330 3190; x_wconf 91' lang='lat' dir='ltr'>ergo.</span> 
     </span>
    </p>

    <p class='ocr_par' dir='ltr' id='par_1_5' title="bbox 57 3205 1153 3685">
     <span class='ocr_line' id='line_1_30' title="bbox 92 3205 1150 3294; baseline -0.009 -18"><span class='ocrx_word' id='word_1_243' title='bbox 92 3213 138 3279; x_wconf 88' lang='lat'>88.</span> <span class='ocrx_word' id='word_1_244' title='bbox 185 3225 223 3275; x_wconf 91' lang='lat'>2⁰</span> <span class='ocrx_word' id='word_1_245' title='bbox 238 3212 361 3274; x_wconf 84' lang='lat' dir='ltr'>Modus</span> <span class='ocrx_word' id='word_1_246' title='bbox 383 3213 577 3294; x_wconf 78' lang='lat' dir='ltr'>pangratio</span> <span class='ocrx_word' id='word_1_247' title='bbox 600 3212 768 3290; x_wconf 80' lang='lat' dir='ltr'>confertur.</span> <span class='ocrx_word' id='word_1_248' title='bbox 815 3209 873 3290; x_wconf 80' lang='grc' dir='ltr'>(Α)</span> <span class='ocrx_word' id='word_1_249' title='bbox 892 3207 1011 3290; x_wconf 84' lang='lat' dir='ltr'>Quoad</span> <span class='ocrx_word' id='word_1_250' title='bbox 1038 3205 1150 3267; x_wconf 87' lang='lat' dir='ltr'>infide·</span> 
     </span>
     <span class='ocr_line' id='line_1_31' title="bbox 57 3307 1152 3394; baseline -0.004 -24"><span class='ocrx_word' id='word_1_251' title='bbox 57 3311 97 3374; x_wconf 86' lang='lat' dir='ltr'>les</span> <span class='ocrx_word' id='word_1_252' title='bbox 112 3315 281 3394; x_wconf 77' lang='lat' dir='ltr'>positivus,</span> <span class='ocrx_word' id='word_1_253' title='bbox 305 3315 400 3377; x_wconf 78' lang='lat' dir='ltr'>facile</span> <span class='ocrx_word' id='word_1_254' title='bbox 424 3313 620 3394; x_wconf 88' lang='lat' dir='ltr'>intelligitur</span> <span class='ocrx_word' id='word_1_255' title='bbox 643 3312 813 3392; x_wconf 90' lang='lat' dir='ltr'>quomodo</span> <span class='ocrx_word' id='word_1_256' title='bbox 837 3311 978 3390; x_wconf 84' lang='lat' dir='ltr'>gratiam</span> <span class='ocrx_word' id='word_1_257' title='bbox 1003 3307 1152 3387; x_wconf 89' lang='lat' dir='ltr'>accipere</span> 
     </span>
     <span class='ocr_line' id='line_1_32' title="bbox 58 3414 1153 3491; baseline -0.005 -17"><span class='ocrx_word' id='word_1_258' title='bbox 58 3418 197 3491; x_wconf 89' lang='lat' dir='ltr'>possint:</span> <span class='ocrx_word' id='word_1_259' title='bbox 219 3417 341 3480; x_wconf 87' lang='lat' dir='ltr'>sufficit</span> <span class='ocrx_word' id='word_1_260' title='bbox 356 3419 444 3479; x_wconf 90' lang='lat' dir='ltr'>enim</span> <span class='ocrx_word' id='word_1_261' title='bbox 463 3427 498 3479; x_wconf 92' lang='lat' dir='ltr'>ut</span> <span class='ocrx_word' id='word_1_262' title='bbox 516 3417 608 3477; x_wconf 86' lang='lat' dir='ltr'>Deus</span> <span class='ocrx_word' id='word_1_263' title='bbox 626 3417 657 3476; x_wconf 93' lang='lat' dir='ltr'>in</span> <span class='ocrx_word' id='word_1_264' title='bbox 676 3414 871 3476; x_wconf 90' lang='lat' dir='ltr'>memoriam</span> <span class='ocrx_word' id='word_1_265' title='bbox 889 3431 1002 3473; x_wconf 90' lang='lat' dir='ltr'>eorum</span> <span class='ocrx_word' id='word_1_266' title='bbox 1021 3418 1153 3470; x_wconf 90' lang='lat' dir='ltr'>revocet</span> 
     </span>
     <span class='ocr_line' id='line_1_33' title="bbox 60 3511 1153 3601; baseline -0.005 -25"><span class='ocrx_word' id='word_1_267' title='bbox 60 3520 173 3583; x_wconf 90' lang='lat' dir='ltr'>motiva</span> <span class='ocrx_word' id='word_1_268' title='bbox 191 3519 267 3582; x_wconf 88' lang='lat' dir='ltr'>fidei</span> <span class='ocrx_word' id='word_1_269' title='bbox 285 3530 384 3582; x_wconf 86' lang='lat' dir='ltr'>antea</span> <span class='ocrx_word' id='word_1_270' title='bbox 401 3521 480 3601; x_wconf 87' lang='lat' dir='ltr'>ipsis</span> <span class='ocrx_word' id='word_1_271' title='bbox 494 3519 674 3601; x_wconf 87' lang='lat' dir='ltr'>proposita,</span> <span class='ocrx_word' id='word_1_272' title='bbox 685 3536 866 3595; x_wconf 89' lang='lat' dir='ltr'>eorumque</span> <span class='ocrx_word' id='word_1_273' title='bbox 880 3515 1085 3575; x_wconf 86' lang='lat' dir='ltr'>voluntatem</span> <span class='ocrx_word' id='word_1_274' title='bbox 1100 3511 1153 3591; x_wconf 91' lang='lat' dir='ltr'>pie</span> 
     </span>
     <span class='ocr_line' id='line_1_34' title="bbox 60 3622 660 3685; baseline 0.007 -6"><span class='ocrx_word' id='word_1_275' title='bbox 60 3632 183 3684; x_wconf 89' lang='lat' dir='ltr'>moveat</span> <span class='ocrx_word' id='word_1_276' title='bbox 199 3623 241 3684; x_wconf 86' lang='lat' dir='ltr'>ad</span> <span class='ocrx_word' id='word_1_277' title='bbox 259 3623 383 3685; x_wconf 87' lang='lat' dir='ltr'>eisdem</span> <span class='ocrx_word' id='word_1_278' title='bbox 401 3622 660 3685; x_wconf 88' lang='lat' dir='ltr'>assentiendum.</span> 
     </span>
    </p>

    <p class='ocr_par' dir='ltr' id='par_1_6' title="bbox 60 3715 1155 3897">
     <span class='ocr_line' id='line_1_35' title="bbox 97 3715 1154 3805; baseline -0.013 -17"><span class='ocrx_word' id='word_1_279' title='bbox 97 3721 107 3800; x_wconf 64' lang='grc' dir='ltr'>ί,</span> <span class='ocrx_word' id='word_1_280' title='bbox 112 3725 153 3804; x_wconf 89' lang='grc' dir='ltr'>Β)</span> <span class='ocrx_word' id='word_1_281' title='bbox 164 3723 285 3805; x_wconf 86' lang='lat' dir='ltr'>Quoad</span> <span class='ocrx_word' id='word_1_282' title='bbox 299 3723 448 3786; x_wconf 88' lang='lat' dir='ltr'>infideles</span> <span class='ocrx_word' id='word_1_283' title='bbox 461 3724 636 3804; x_wconf 61' lang='lat' dir='ltr'>negativos</span> <span class='ocrx_word' id='word_1_284' title='bbox 650 3722 742 3783; x_wconf 91' lang='lat' dir='ltr'>Deus</span> <span class='ocrx_word' id='word_1_285' title='bbox 756 3729 869 3799; x_wconf 92' lang='lat' dir='ltr'>posset</span> <span class='ocrx_word' id='word_1_286' title='bbox 886 3717 1020 3797; x_wconf 90' lang='lat' dir='ltr'>quidem</span> <span class='ocrx_word' id='word_1_287' title='bbox 1039 3715 1154 3776; x_wconf 88' lang='lat' dir='ltr'>imme-</span> 
     </span>
     <span class='ocr_line' id='line_1_36' title="bbox 60 3815 1155 3897; baseline -0.004 -16"><span class='ocrx_word' id='word_1_288' title='bbox 60 3821 140 3887; x_wconf 87' lang='lat' dir='ltr'>‹liatc</span> <span class='ocrx_word' id='word_1_289' title='bbox 156 3848 194 3889; x_wconf 91' lang='lat' dir='ltr'>ac</span> <span class='ocrx_word' id='word_1_290' title='bbox 212 3826 407 3888; x_wconf 89' lang='lat' dir='ltr'>miraculose</span> <span class='ocrx_word' id='word_1_291' title='bbox 431 3845 487 3886; x_wconf 89' lang='lat' dir='ltr'>eos</span> <span class='ocrx_word' id='word_1_292' title='bbox 513 3825 699 3886; x_wconf 90' lang='lat' dir='ltr'>illuminare</span> <span class='ocrx_word' id='word_1_293' title='bbox 723 3821 799 3883; x_wconf 90' lang='lat' dir='ltr'>lidei</span> <span class='ocrx_word' id='word_1_294' title='bbox 825 3819 957 3892; x_wconf 91' lang='lat' dir='ltr'>lumine,</span> <span class='ocrx_word' id='word_1_295' title='bbox 974 3819 1041 3891; x_wconf 88' lang='lat' dir='ltr'>sed,</span> <span class='ocrx_word' id='word_1_296' title='bbox 1055 3815 1155 3897; x_wconf 89' lang='lat' dir='ltr'>juxta</span> 
     </span>
    </p>
   </div>
   <div class='ocr_carea' id='block_1_3' title="bbox 62 3976 125 3988">
    <p class='ocr_par' dir='ltr' id='par_1_7' title="bbox 62 3976 125 3988">
     <span class='ocr_line' id='line_1_37' title="bbox 62 3976 125 3988; baseline 0.032 -2"><span class='ocrx_word' id='word_1_297' title='bbox 62 3976 125 3988; x_wconf 40' lang='lat' dir='ltr'>*a</span> 
     </span>
    </p>
   </div>
   <div class='ocr_carea' id='block_1_4' title="bbox 71 4050 1158 4299">
    <p class='ocr_par' dir='ltr' id='par_1_8' title="bbox 71 4050 1158 4299">
     <span class='ocr_line' id='line_1_38' title="bbox 94 4050 1020 4129; baseline -0.014 -18"><span class='ocrx_word' id='word_1_298' title='bbox 94 4064 99 4086; x_wconf 90' lang='lat'>¹</span> <span class='ocrx_word' id='word_1_299' title='bbox 114 4061 130 4111; x_wconf 88' lang='grc' dir='ltr'><em>Ι</em></span> <span class='ocrx_word' id='word_1_300' title='bbox 134 4063 198 4129; x_wconf 82' lang='lat' dir='ltr'>soa.</span> <span class='ocrx_word' id='word_1_301' title='bbox 217 4063 300 4128; x_wconf 88' lang='lat'>11‚2;</span> <span class='ocrx_word' id='word_1_302' title='bbox 320 4059 361 4113; x_wconf 80' lang='lat' dir='ltr'>Cf.</span> <span class='ocrx_word' id='word_1_303' title='bbox 377 4061 444 4128; x_wconf 79' lang='lat' dir='ltr'>Sap.</span> <span class='ocrx_word' id='word_1_304' title='bbox 460 4059 512 4121; x_wconf 88' lang='lat' dir='ltr'>x1,</span> <span class='ocrx_word' id='word_1_305' title='bbox 530 4073 577 4122; x_wconf 76' lang='lat'>243</span> <span class='ocrx_word' id='word_1_306' title='bbox 590 4059 656 4125; x_wconf 79' lang='lat' dir='ltr'>Jou.</span> <span class='ocrx_word' id='word_1_307' title='bbox 673 4057 694 4122; x_wconf 93' lang='lat'>1,</span> <span class='ocrx_word' id='word_1_308' title='bbox 708 4069 733 4124; x_wconf 90' lang='lat'>9.</span> <span class='ocrx_word' id='word_1_309' title='bbox 750 4085 784 4092; x_wconf 93' lang='lat'><em>-</em></span> <span class='ocrx_word' id='word_1_310' title='bbox 797 4058 807 4080; x_wconf 81' lang='lat'>²</span> <span class='ocrx_word' id='word_1_311' title='bbox 820 4052 839 4103; x_wconf 90' lang='lat' dir='ltr'>l</span> <span class='ocrx_word' id='word_1_312' title='bbox 853 4051 879 4102; x_wconf 94' lang='lat' dir='ltr'><em>T</em></span> <span class='ocrx_word' id='word_1_313' title='bbox 877 4051 924 4102; x_wconf 78' lang='lat' dir='ltr'>im.</span> <span class='ocrx_word' id='word_1_314' title='bbox 942 4050 979 4115; x_wconf 91' lang='lat' dir='ltr'>ll,</span> <span class='ocrx_word' id='word_1_315' title='bbox 997 4063 1020 4112; x_wconf 79' lang='grc'>4.</span> 
     </span>
     <span class='ocr_line' id='line_1_39' title="bbox 94 4137 1158 4214; baseline -0.012 -13"><span class='ocrx_word' id='word_1_316' title='bbox 94 4143 200 4212; x_wconf 85' lang='lat' dir='ltr'>³Quem</span> <span class='ocrx_word' id='word_1_317' title='bbox 219 4159 325 4202; x_wconf 86' lang='lat' dir='ltr'>textum</span> <span class='ocrx_word' id='word_1_318' title='bbox 345 4145 433 4199; x_wconf 80' lang='lat' dir='ltr'>fusius</span> <span class='ocrx_word' id='word_1_319' title='bbox 451 4146 607 4214; x_wconf 88' lang='lat' dir='ltr'>expositum</span> <span class='ocrx_word' id='word_1_320' title='bbox 628 4142 692 4195; x_wconf 86' lang='lat' dir='ltr'>vide</span> <span class='ocrx_word' id='word_1_321' title='bbox 712 4141 740 4194; x_wconf 91' lang='lat' dir='ltr'>in</span> <span class='ocrx_word' id='word_1_322' title='bbox 762 4141 809 4193; x_wconf 87' lang='lat' dir='ltr'>Tr.</span> <span class='ocrx_word' id='word_1_323' title='bbox 826 4143 858 4193; x_wconf 78' lang='lat' dir='ltr'>de</span> <span class='ocrx_word' id='word_1_324' title='bbox 872 4137 935 4192; x_wconf 74' lang='lat' dir='ltr'>Deo</span> <span class='ocrx_word' id='word_1_325' title='bbox 955 4138 992 4205; x_wconf 91' lang='lat' dir='ltr'>(n.</span> <span class='ocrx_word' id='word_1_326' title='bbox 1011 4137 1071 4204; x_wconf 84' lang='lat'>130)</span> <span class='ocrx_word' id='word_1_327' title='bbox 1084 4147 1111 4190; x_wconf 89' lang='lat' dir='ltr'>et</span> <span class='ocrx_word' id='word_1_328' title='bbox 1125 4137 1158 4188; x_wconf 84' lang='lat' dir='ltr'>de</span> 
     </span>
     <span class='ocr_line' id='line_1_40' title="bbox 71 4229 718 4299; baseline 0 -20"><span class='ocrx_word' id='word_1_329' title='bbox 71 4229 143 4284; x_wconf 77' lang='lat' dir='ltr'>l&#39;rrlo</span> <span class='ocrx_word' id='word_1_330' title='bbox 156 4235 305 4287; x_wconf 77' lang='lat' dir='ltr'>incarnato</span> <span class='ocrx_word' id='word_1_331' title='bbox 319 4235 357 4299; x_wconf 93' lang='lat' dir='ltr'>(n.</span> <span class='ocrx_word' id='word_1_332' title='bbox 373 4233 444 4296; x_wconf 87' lang='lat'>202).</span> <span class='ocrx_word' id='word_1_333' title='bbox 458 4261 492 4270; x_wconf 89' lang='lat'><em>-</em></span> <span class='ocrx_word' id='word_1_334' title='bbox 505 4231 514 4262; x_wconf 83' lang='lat'><strong>⁴</strong></span> <span class='ocrx_word' id='word_1_335' title='bbox 527 4231 607 4282; x_wconf 81' lang='lat' dir='ltr'>Rorrr.</span> <span class='ocrx_word' id='word_1_336' title='bbox 625 4230 660 4290; x_wconf 81' lang='lat' dir='ltr'>X,</span> <span class='ocrx_word' id='word_1_337' title='bbox 680 4245 718 4281; x_wconf 85' lang='lat'>12.</span> 
     </span>
    </p>
   </div>
   <div class='ocr_carea' id='block_1_5' title="bbox 0 0 1416 4646">
    <p class='ocr_par' dir='ltr' id='par_1_9' title="bbox 0 0 1416 4646">
     <span class='ocr_line' id='line_1_41' title="bbox 0 0 1416 4646; baseline 0 0"><span class='ocrx_word' id='word_1_338' title='bbox 0 0 1416 4646; x_wconf 95' lang='lat' dir='ltr'> </span> 
     </span>
    </p>
   </div>
  </div>
 </body>
</html>
