2770 4646
225 1186 227 1190 ¹
308 1198 445 1281 Duplex
459 1211 509 1264 est
524 1200 686 1282 Baptismi
704 1199 862 1265 effeetus:
880 1202 997 1283 gratia
1013 1211 1046 1264 et
1061 1202 1235 1265 charaiier.
1279 1203 1345 1266 Gra·

263 1297 309 1357 tia
325 1308 436 1360 autem
455 1301 487 1360 in
505 1300 679 1382 Baptismo
696 1300 817 1363 collata
833 1312 883 1364 est
895 1306 1069 1367 remissiva
1079 1308 1210 1386 peccati,
1220 1317 1253 1370 et
1261 1317 1345 1388 pem

263 1411 401 1481 peccato
417 1404 549 1480 debitae,
563 1425 691 1467 necnon
709 1405 939 1485 regenerativa.

668 1545 695 1601 1.
723 1543 777 1601 De
799 1537 924 1615 gratia
939 1541 956 1601 ¹.

302 1683 351 1748 23
395 1690 430 1730 ra
449 1674 546 1731 Tanis
557 1700 568 1732 .·
594 1673 804 1751 Baptismus
818 1690 902 1737 vere
917 1678 954 1737 et
970 1673 1110 1752 proprie
1125 1673 1223 1739 delet
1242 1672 1343 1738 omnia

263 1773 422 1846 peccata,
438 1774 514 1832 tam
530 1769 703 1850 originale
718 1787 826 1848 quam
848 1770 1005 1834 actualia
1025 1776 1134 1834 antea
1155 1771 1340 1836 commissa

263 1863 314 1926 De
326 1865 399 1946 fide
420 1877 474 1942 est,
498 1878 613 1930 contra
638 1870 864 1931 Protestantes
887 1887 1028 1948 quorum
1053 1868 1202 1950 plerique
1224 1877 1342 1931 conten-

263 1969 347 2031 dunt
371 1979 506 2050 peccata
531 1990 596 2032 non
615 1991 691 2032 vere
707 1969 807 2032 deleri
831 1989 890 2052 per
906 1969 1128 2051 Baptismum,
1144 1973 1204 2034 sed
1228 1981 1341 2033 tantun
1366 2029 1367 2038 ,

263 2071 341 2133 radi.
390 2073 557 2135 Probatur.
1366 2111 1367 2126 u

306 2159 369 2254 (A)
383 2173 498 2254 Script.
545 2175 578 2239 S.
597 2177 713 2238 Petrus
736 2195 894 2258 expresse
917 2177 1164 2238 neo-conversis
1187 2176 1341 2239 declarat:

262 2276 525 2340 “Paenitentiam
548 2279 637 2360 agite
660 2288 693 2340 et
717 2279 904 2360 baptizetur
920 2280 1146 2360 unusquisque
1162 2289 1301 2341 vestrum
1316 2278 1339 2337 in

263 2378 480 2442 remissionem
496 2390 699 2461 peccatorum
712 2382 772 2458 ”²;
805 2382 883 2445 item
908 2381 1059 2444 Ananias
1077 2379 1109 2446 S.
1128 2381 1232 2444 Paulo
1253 2381 1340 2443 dicit:

262 2481 444 2563 “Exsurge
472 2494 506 2546 et
533 2484 711 2566 baptizare,
734 2497 767 2549 et
793 2486 886 2548 ablue
906 2494 1035 2564 peccata
1062 2485 1190 2562 tua”³;
1223 2484 1339 2546 tandem

264 2582 296 2646 S.
316 2584 435 2647 Paulus
453 2587 622 2650 multoties
638 2587 782 2650 affirmat
799 2608 859 2650 nos
883 2607 941 2667 per
958 2586 1168 2666 Baptismum
1186 2607 1255 2649 esse
1271 2605 1340 2646 mor-

264 2696 338 2747 tuos
360 2698 521 2767 peccato:
546 2691 629 2758 “lta
646 2702 679 2752 et
694 2711 753 2752 vos
774 2690 967 2752 existimate
990 2674 1050 2752 vos
1066 2700 1209 2752 mortuos
1223 2690 1338 2770 quiden

255 2792 676 2868 percuraviventes'autem
692 2793 766 2855 Deo
776 2793 791 2820 ''
801 2807 821 2854 4.
865 2791 975 2874 Atqui
992 2791 1063 2853 haec
1080 2791 1180 2854 verba
1197 2801 1271 2855 sunt
1284 2809 1339 2852 orn-

263 2892 343 2953 nino
365 2893 532 2974 generalia
555 2905 589 2958 et
612 2895 823 2977 applicantur
845 2895 937 2956 omni
961 2905 1100 2974 peccato
1123 2894 1192 2956 sive
1207 2891 1339 2975 originali

263 2993 331 3054 sive
347 2992 484 3072 aituali;
508 3016 595 3077 ergo.
643 2999 784 3059 Peccata
799 3005 911 3059 autem
929 2995 984 3057 illa
1000 3016 1076 3058 vere
1092 2997 1195 3060 deleri
1212 3019 1267 3079 per
1281 3015 1339 3077 gra·

263 3094 344 3157 tiam
358 3096 603 3175 justificationis
621 3101 798 3162 intrinsece
814 3101 935 3162 animae
953 3099 1168 3163 inhaerentem
1192 3102 1257 3182 jam
1280 3117 1338 3181 pro
1364 3109 1365 3136 Ι

262 3197 377 3260 batum
394 3202 494 3263 estin
518 3201 570 3266 Tr.
587 3201 625 3265 de
643 3202 771 3276 Gratia,
787 3222 816 3264 n.
838 3204 904 3264 128.

305 3301 365 3382 (B)
382 3303 411 3364 T
409 3305 477 3365 rad.
489 3305 712 3366 Florentinum
726 3307 772 3369 ita
785 3305 931 3386 loquitur
943 3306 985 3366 de
999 3306 1174 3388 Baptismo
1189 3332 1195 3370 :
1218 3305 1338 3385 “Hujus

261 3407 460 3468 sacramenti
483 3405 621 3470 elicitus
637 3419 687 3469 est
711 3407 860 3470 remissio
876 3408 987 3469 omnis
1008 3406 1116 3487 culpae
1131 3406 1293 3487 originalis
1313 3415 1338 3462 et

262 3502 409 3582 attualis,
426 3509 535 3570 omnis
552 3529 686 3591 quoque
702 3531 812 3591 poenae
824 3511 847 3572 ’¹.

305 3609 362 3690 (C)
379 3611 455 3674 Rae.
473 3613 560 3676 emal.
609 3614 663 3675 Ex
680 3611 831 3677 doitrina
847 3613 878 3676 S.
895 3612 986 3676 Pauli
997 3625 1019 3688 5,
1034 3613 1137 3674 homo
1153 3633 1211 3694 per
1228 3610 1337 3691 Baptis·

263 3731 354 3774 mum
377 3715 536 3795 sepelitur
551 3736 626 3778 cum
645 3717 785 3790 christo,
801 3726 835 3778 et
859 3716 998 3778 moritur
1021 3717 1169 3797 pristinae
1192 3711 1338 3777 vetustati,

297 3911 305 3934 ¹
320 3907 349 3959 S.
368 3909 395 3960 T
391 3908 463 3962 horn.
478 3923 494 3975 3
507 3927 532 3980 p.
544 3927 570 3978 q.
581 3911 627 3976 69;
648 3911 764 3976 Suarea,
776 3911 849 3978 disp.
866 3911 947 3962 XXV
953 3911 976 3974 Ι;
999 3910 1200 3973 Bellarminus,
1212 3911 1228 3962 l.
1242 3911 1260 3974 Ι,
1271 3925 1290 3960 c.
1305 3921 1336 3958 1:-

266 3992 310 4054 18;
329 3995 452 4057 Dronin,
466 3997 481 4048 l.
497 3997 534 4060 ΙΙ,
545 4015 572 4066 q.
590 3999 629 4049 lV
638 4018 644 4060 ;
669 3999 695 4049 T
692 3999 818 4065 nurnely,
829 4015 855 4067 q.
872 3999 923 4065 1V,·
944 3997 1081 4062 Bellicam,
1095 3999 1162 4051 diss.
1177 3999 1231 4062 lV;
1248 3997 1278 4048 ele
1287 3995 1335 4047 An-

258 4081 394 4146 gustim's,
407 4097 432 4132 a.
447 4083 474 4144 8;
495 4083 611 4146 curbici,
621 4101 666 4152 op.
681 4083 726 4136 cit.
739 4084 757 4135 l.
771 4085 856 4137 Vlll.

298 4157 384 4213 ²An.
404 4163 442 4222 11,
463 4164 504 4227 38.
521 4193 550 4201 —-
570 4162 654 4216 lxiii.
672 4165 769 4228 XXII,
789 4167 826 4218 16.
844 4195 877 4202 —
894 4169 903 4196 ⁴
918 4167 995 4218 Rom.
1011 4167 1063 4232 Vl,
1078 4181 1118 4219 11.
1135 4197 1169 4205 —
1185 4165 1278 4219 ⁵Rom.
1294 4161 1331 4213 ΙΙ,

264 4261 334 4312 ²¹¹3·
1361 4269 1362 4276 ¹
