2794 4662
408 211 464 262 DE
483 211 778 262 uaratuoum.
1077 211 1141 261 6¹13

25 393 141 471 alter;
168 395 260 476 atqui
281 394 344 457 hoc
364 395 533 458 moraliter
553 403 604 458 est
628 393 854 476 impossibile;
876 393 926 455 vir
947 393 1035 454 enirn
1060 391 1140 454 nihil

25 507 87 559 aut
102 518 228 578 parum
245 499 418 580 dignitatis
434 519 503 561 suae
519 498 639 572 amisit,
650 507 684 560 et
695 497 790 560 facile
804 517 926 560 novum
941 495 1048 558 foedus
1062 495 1140 558 inire

26 611 161 680 potest,
171 602 252 665 dum
270 602 394 679 mulier,
406 621 483 683 quae
493 621 551 683 per
564 600 723 682 plurimos
734 619 839 662 annos
853 609 956 681 nupta
970 598 1039 669 fuit,
1051 608 1140 678 post-

26 725 137 784 quam
157 727 177 768 a
193 707 263 768 viro
279 707 467 780 dimittitur,
482 704 678 792 plerumque
700 723 721 764 a
743 706 803 766 sua
825 703 989 784 dignitate
1007 701 1141 780 excidit,

24 818 199 890 tanquam
224 809 284 871 flos
308 823 515 872 marcescens
539 806 728 888 despicitur,
745 816 779 870 et
801 807 859 869 vix
883 824 1014 886 sperare
1030 813 1140 886 potest

24 921 62 972 ut
80 933 214 976 novum
232 885 478 976 matrimonium
495 910 691 972 contrahere
714 909 826 990 possit.
871 907 1027 980 Aliunde,
1041 917 1079 968 ut
1094 907 1140 969 ait

25 1013 62 1075 S.
99 1014 247 1076 Thomas
259 1029 280 1088 1,
307 1016 457 1078 “femina
489 1013 617 1092 indiget
649 1032 739 1074 mare
770 1031 835 1073 non
868 1010 974 1073 solum
1006 1019 1141 1092 propter

23 1117 296 1197 generationem,
319 1121 405 1182 sicut
427 1119 459 1180 in
486 1117 558 1179 aliis
580 1115 788 1189 animalibus,
805 1115 862 1176 sed
886 1115 985 1176 ctiam
1007 1125 1140 1195 propter

22 1220 320 1298 gubernationem,
331 1222 408 1302 quia
429 1240 500 1282 mas
516 1229 567 1281 est
584 1228 617 1281 et
634 1219 761 1281 ratione
777 1214 960 1299 perfedtior,
970 1227 1003 1278 et
1019 1217 1139 1279 virtute

23 1321 167 1398 fortior;
195 1324 312 1387 mulier
334 1345 412 1387 vero
434 1322 476 1386 ad
501 1323 560 1384 viri
585 1323 778 1384 societatem
803 1320 982 1383 assumitur
1005 1330 1139 1400 propter

23 1423 266 1486 necessitatem
284 1426 529 1504 generationis:
553 1436 704 1488 cessante
726 1426 827 1507 igitur
848 1424 1050 1487 fecunditate
1068 1444 1137 1486 mu-

23 1525 119 1586 lieris
144 1535 178 1587 et
200 1527 328 1600 decore,
345 1528 525 1608 impeditur
548 1548 589 1590 ne
610 1529 653 1590 ab
674 1527 740 1590 alio
761 1537 955 1591 assumatur.
1006 1527 1042 1590 Si
1064 1529 1137 1607 quis

24 1630 136 1708 igitur
153 1630 323 1692 mulierem
340 1651 514 1694 assumens
536 1641 685 1713 ternpore
698 1631 891 1711 juventutis,
907 1650 974 1710 quo
990 1639 1023 1692 et
1038 1630 1138 1692 decor

22 1743 57 1794 et
72 1731 266 1796 fecunditas
275 1737 304 1796 ei
316 1738 447 1810 adsunt,
459 1755 531 1797 eam
546 1735 713 1798 dimittere
725 1743 838 1816 posset
848 1743 1025 1816 postquam
1037 1743 1136 1795 aetatc

22 1832 190 1913 provedla
213 1835 318 1912 fuerit,
333 1838 493 1900 damnum
517 1838 651 1900 inferret
675 1838 801 1900 mulieri
819 1847 935 1899 contra
952 1838 1133 1900 naturalem

25 1939 229 2018 «equitatem
243 1941 267 2001 ’'.

67 2054 123 2120 60.
175 2049 240 2136 (B)
260 2054 382 2118 Obstat
406 2055 528 2135 pariter
551 2054 666 2117 unicui
692 2063 723 2116 et
743 2055 901 2133 felicitati
927 2055 1099 2135 confligam
1125 2084 1135 2116 .·

22 2155 75 2232 (a)
94 2154 199 2217 Favet
216 2157 304 2218 enim
321 2157 484 2239 conjugiis
501 2159 691 2239 disparibus
707 2169 741 2221 et
757 2159 853 2220 nimis
870 2158 1064 2221 festinanter
1076 2160 1134 2220 ini·

22 2256 90 2331 tis;
126 2277 213 2331 nam,
236 2260 262 2319 si
287 2258 336 2321 fas
361 2261 403 2323 sit
432 2261 678 2325 matrimoniale
704 2263 872 2324 vinculum
898 2273 974 2343 post
999 2262 1159 2343 aliquod

23 2371 165 2442 tempus
176 2383 337 2444 rumpere,
349 2365 443 2428 multi
456 2367 555 2427 corde
569 2366 641 2440 levi,
654 2365 780 2444 absque
792 2365 943 2446 diligenti
957 2375 990 2427 et
1003 2370 1132 2428 matura

22 2463 305 2542 consideratione,
323 2468 600 2530 matrimonialem
625 2477 749 2530 statum
775 2469 1001 2550 ingredientur
1014 2481 1037 2544 2,
1053 2471 1132 2532 dum

23 2567 148 2646 majori
165 2573 241 2630 cura
258 2580 291 2632 et
308 2572 438 2633 nonnisi
456 2592 490 2634 re
506 2572 682 2652 diligenter
695 2577 856 2653 perpensa
869 2572 1024 2652 conjugia
1041 2573 1132 2634 insti·

23 2680 174 2745 tuentur,
191 2674 217 2734 si
234 2675 445 2755 cognoscitur
461 2695 504 2737 ex
522 2675 673 2756 conjugis
690 2673 852 2738 eleftione
869 2676 1058 2739 felicitatem
1076 2687 1129 2738 aul

25 2773 258 2838 infelicitatem
292 2788 481 2858 perpetuam
512 2780 665 2859 pendere.
722 2779 877 2860 Jamvero
915 2778 994 2839 nihil
1028 2781 1131 2858 magis

25 2877 145 2938 unioni
162 2878 341 2960 conjugum
367 2891 463 2943 nocet
487 2901 587 2962 quarn
613 2882 667 2943 illa
692 2883 858 2944 connubia
881 2882 999 2962 quibus
1019 2887 1130 2964 sponsi

23 2983 150 3055 anim0,
168 2983 441 3064 dispositionibus
465 2994 498 3062 et
521 2985 714 3046 conditione
738 2986 894 3066 dispares
912 3007 999 3048 caeco
1017 2987 1130 3069 impel-

24 3083 119 3146 lente
135 3103 248 3146 amore
264 3107 321 3148 seu
339 3089 449 3168 potius
467 3089 628 3168 passione,
644 3089 741 3152 simul
760 3089 1015 3170 conjunguntur.

23 3185 79 3266 (b)
99 3186 256 3248 llfutuum
279 3210 420 3252 amorem
444 3190 613 3270 restringit
623 3213 637 3262 ,·
661 3192 692 3252 in
717 3209 757 3251 eo
780 3190 941 3270 siquidem
967 3193 1130 3272 praecipue

23 3287 180 3350 consistit
197 3290 377 3372 conjugum
395 3292 534 3355 felicitas
552 3302 588 3355 ut
603 3302 867 3373 amorepcrpctuo
883 3294 998 3356 intime
1015 3297 1128 3357 unian-

24 3399 89 3462 tur,
107 3399 139 3451 et
163 3392 230 3454 sint
254 3411 309 3454 cor
332 3415 433 3458 unum
458 3407 491 3460 et
515 3399 627 3461 anima
651 3419 725 3472 una,
742 3399 826 3459 sicut
846 3407 923 3460 sunt
947 3419 1012 3460 una
1035 3420 1129 3474 caro;

24 3492 113 3568 hinc,
128 3499 244 3555 natura
256 3495 349 3572 duce,
362 3499 422 3560 sibi
437 3501 576 3563 invicem
590 3503 756 3583 spondent
769 3523 909 3564 erratorem
921 3513 1083 3578 aeternum,
1096 3519 1128 3567 et

25 3596 58 3656 in
78 3595 135 3658 illo
152 3616 263 3660 amore
280 3600 485 3666 miseriarum
502 3605 650 3668 levamen
670 3606 925 3686 felicitatemque
942 3608 1128 3684 inveniunt;

61 3793 116 3845 ¹C.
142 3793 224 3847 Geut.
245 3795 291 3848 lib.
315 3797 370 3860 ΙΙΙ,
392 3815 416 3854 c.
442 3815 521 3878 123³,
538 3803 694 3870 Momabre‘,
718 3821 761 3872 op.
783 3805 829 3857 cit.
851 3806 897 3869 87e
920 3805 998 3860 Conf.
1019 3823 1045 3876 p.
1070 3826 1127 3879 114,

24 3879 136 3946 unglr'ce
148 3897 173 3948 p.
189 3881 229 3948 78.

60 3963 94 3993 Μ
107 3965 204 4019 Plures
218 3968 253 4022 de
266 3969 348 4037 plebe
361 3971 473 4039 nuptias
487 3976 663 4039 contrahunt,
680 3977 733 4029 hoc
746 3978 926 4046 probabiliter
939 3997 1035 4034 secum
1048 4000 1125 4051 repu-

26 4063 128 4118 tantes,
143 4053 165 4105 si
179 4052 340 4110 felicitatem
354 4057 382 4111 in
397 4059 449 4112 hac
462 4061 565 4121 unione
584 4079 639 4114 non
659 4076 852 4133 assequantur,
866 4067 893 4119 in
908 4068 1029 4122 suasore
1042 4070 1126 4124 facul-

26 4150 83 4191 tate
97 4138 189 4207 ipsam
202 4141 318 4206 solvere,
335 4143 490 4215 iterumque
509 4147 647 4202 fortunam
661 4150 786 4219 experiri.
825 4153 861 4206 Et
875 4171 969 4209 revera
983 4173 1126 4211 sermones

27 4225 188 4293 hujusmodi
202 4245 219 4280 a
232 4231 372 4284 nonnullis
386 4250 443 4287 suae
454 4235 585 4302 paroecia:
593 4236 742 4304 juvenibus
752 4238 863 4293 habitos
873 4240 967 4307 fuisse,
977 4260 993 4296 a
1003 4245 1124 4312 quodam

27 4311 155 4366 ministro
168 4313 234 4367 mihi
250 4318 436 4373 renuntiatum
450 4321 501 4374 fuit
512 4318 534 4375 ’'.
577 4323 711 4392 Woolsey,
727 4335 891 4394 protestans,
905 4345 950 4398 op.
966 4330 1012 4385 cit.
1029 4348 1053 4397 p.
1064 4345 1113 4398 277

113 4433 238 4479 Sunorsis
251 4435 295 4481 111.
309 4462 332 4469 -
347 4453 375 4494 43
