2776 4644
239 119 285 168 ³6
709 115 848 166 CAPUT
866 116 891 162 1.

238 233 376 241 ————

239 296 399 357 docemus
411 305 512 376 atque
522 293 720 356 confitemur
733 305 906 375 peccatum
917 293 1053 373 originis
1064 312 1130 353 non
1142 309 1212 352 esse
1226 289 1343 358 levem,

241 399 300 459 sed
327 410 396 460 tam
424 398 624 479 profundam
650 397 806 459 humana:
833 407 960 458 naturae
987 395 1239 475 corruptionem,
1267 411 1342 470 quae

242 502 321 562 nihil
338 522 466 573 sanum,
478 503 558 563 nihil
576 503 803 582 incorruptum
822 502 853 562 in
871 519 1008 580 corpore
1020 509 1054 562 et
1066 498 1178 560 anima
1190 495 1342 562 hominis,

241 615 343 683 atque
366 606 451 666 adeo
475 605 506 666 in
532 604 741 666 interioribus
758 613 791 664 et
807 602 1028 664 exterioribus
1044 600 1166 661 viribus
1185 599 1252 678 ejus
1271 596 1340 658 reli·

241 708 313 785 quit
327 709 349 768 ''.
398 709 496 780 Hinc,
509 707 610 788 juxta
631 707 729 788 ipsos,
746 708 860 768 omnia
883 725 983 786 opera
1008 703 1189 766 infidelium
1213 712 1244 763 et
1268 720 1342 781 pec·

242 819 400 882 catorum,
416 812 517 872 etiam
535 811 750 872 materialiter
766 810 863 882 bona,
879 818 956 869 sunt
972 817 1117 888 peccata.

289 911 345 992 1133:
371 913 465 974 Idem
490 913 556 974 lere
579 913 764 974 docuerunt
791 909 998 984 Janscm'srce‚
1018 909 1118 990 juxta
1145 929 1228 988 quos
1250 906 1340 968 nulla

242 1013 349 1090 gratia
365 1014 464 1074 datur
479 1023 558 1074 ante
574 1013 716 1093 gratiam
735 1010 820 1081 fidei,
832 1021 865 1071 et
879 1011 1013 1072 aliunde
1028 1009 1155 1071 nullum
1173 1017 1254 1088 opus
1272 1026 1339 1068 mo·
1379 999 1380 1046 l

243 1114 352 1175 taliter
375 1115 500 1176 bonum
524 1116 595 1176 sine
618 1115 727 1195 gratia
750 1113 861 1194 perfici
885 1121 1016 1194 potest;
1039 1132 1082 1173 ex
1106 1131 1173 1191 quo
1197 1110 1341 1190 sequitur

241 1217 354 1278 omnia
378 1217 560 1279 infidelium
585 1237 686 1298 opera
709 1236 782 1277 esse
804 1224 950 1296 peccata,
973 1224 1005 1276 et
1033 1215 1172 1275 virtutes
1199 1213 1339 1294 philoso-

242 1318 382 1398 phorum
398 1321 487 1380 vitia
533 1319 565 1380 A
590 1320 711 1399 quibus
735 1338 798 1380 non
824 1319 966 1380 multum
988 1315 1099 1378 diflert
1115 1315 1228 1388 Baius,
1240 1316 1337 1394 juxta

241 1441 340 1500 quem
357 1421 483 1482 nullum
501 1442 585 1502 opus
601 1422 727 1483 bonum
744 1421 856 1500 perfici
874 1431 985 1501 potest
1001 1421 1128 1500 absque
1144 1420 1249 1500 gratia
1266 1437 1337 1478 san-

158 1570 166 1584 .
241 1521 405 1585 ctificante
420 1535 453 1585 et
470 1525 607 1604 imperio
623 1525 778 1586 caritatis

285 1627 342 1706 (C)
366 1629 519 1690 Tandem
543 1630 681 1709 quidam
705 1627 862 1708 theologi,
879 1628 1136 1709 Atrgrtstr'nerrses
1159 1624 1246 1700 dieti,
1267 1633 1336 1705 post

242 1729 339 1793 Card.
363 1730 543 1804 ,l'orisiunn
566 1733 751 1792 docuerunt
774 1731 901 1792 nullum
926 1750 1010 1810 opus
1037 1729 1162 1792 bonum
1190 1731 1221 1790 in
1251 1736 1335 1788 statu

242 1834 395 1912 praesenti
413 1832 524 1914 perfici
542 1853 639 1914 posse
663 1833 789 1913 absque
812 1834 920 1912 gratia
942 1829 1071 1894 a&uali‚
1117 1832 1241 1895 Contra
1257 1847 1336 1909 quos

242 1947 307 1996 tres
323 1947 508 2020 statuemus
523 1937 642 2000 theses

280 2097 330 2160 34
375 2087 600 2143 2⁰lees1'sP:
623 2085 744 2148 Homo
766 2085 892 2161 lapsus
912 2087 1043 2160 potest,
1065 2089 1151 2144 ante
1172 2081 1334 2157 adeptam

236 2181 541 2259 justificationem,
562 2200 628 2246 seu
648 2183 727 2245 sine
746 2182 866 2260 gratia
888 2179 1071 2257 habituali.
1092 2179 1213 2257 aliqua
1232 2193 1333 2256 opera

242 2280 424 2343 moraliter
437 2281 532 2343 bona
545 2281 671 2344 faeere.
718 2281 847 2362 Dcfidc
869 2290 919 2341 est
943 2290 1058 2340 contra
1075 2279 1283 2340 Lutheranos
1305 2283 1333 2336 et

242 2381 441 2443 Calvinistas
457 2404 500 2443 ex
523 2383 665 2446 Tridcnl.
684 2383 767 2446 infra
783 2384 928 2445 citando,
975 2381 1137 2444 Probatur

291 2481 338 2564 'A'
369 2487 483 2565 Script.
532 2487 623 2548 Deus
647 2488 735 2549 enim
760 2497 950 2567 peccatores
966 2487 1008 2547 ad
1026 2485 1218 2556 orationem,
1234 2480 1331 2565 poeni·

242 2589 391 2662 tentiam,
418 2599 592 2668 ceteraque
622 2609 723 2670 opera
754 2589 796 2651 ad
826 2588 1097 2668 justificationem
1129 2585 1331 2667 disponentia

241 2687 412 2750 hortatur:
436 2696 451 2720 ‘⁴
467 2691 537 2760 Fili,
554 2693 718 2771 peccasti?
765 2691 841 2752 Non
866 2691 1003 2771 adjicias
1026 2691 1154 2764 iterum,
1170 2690 1227 2751 sed
1248 2688 1330 2749 etde

242 2793 387 2872 pristinis
398 2794 583 2872 deprecare,
594 2805 630 2855 ut
643 2805 676 2855 et
690 2795 748 2856 tibi
760 2794 971 2855 dimittantur
984 2794 999 2816 ”
1013 2807 1032 2854 1.
1072 2798 1086 2822 ·‘
1101 2788 1329 2854 Convertimini

242 2896 283 2955 ad
309 2916 428 2968 me,...
451 2906 485 2957 et
508 2909 679 2959 convertar
702 2899 744 2959 ad
769 2918 828 2958 ros
839 2898 854 2920 ”
865 2909 885 2958 ².
935 2898 1074 2977 Insuper
1095 2897 1260 2976 promittit
1282 2893 1329 2954 illa

241 3017 341 3077 opera
363 3001 560 3060 remunerari
585 3021 643 3080 per
667 3002 895 3062 remissionem
920 3010 1153 3080 peccatorum:
1176 2998 1241 3061 “Si
1265 2997 1329 3078 quis

241 3103 432 3178 cognoverit
449 3101 581 3181 plagam
607 3103 714 3163 cordis
739 3104 795 3169 sui.
811 3113 844 3163 et
861 3101 1061 3182 expanderit
1079 3121 1196 3161 manus
1213 3121 1286 3162 suas
1302 3099 1327 3158 in

241 3204 343 3262 domo
366 3204 439 3276 hac,
463 3215 498 3264 tu
522 3207 683 3265 exaudies
711 3206 742 3264 in
772 3206 909 3266 coelo...
934 3215 967 3266 et
996 3203 1262 3284 repropitiaberis
1274 3204 1328 3269 ’'³;

241 3431 406 3496 proveniunt
426 3429 519 3479 omnia
540 3443 655 3494 peccata
675 3428 828 3480 actualia&
877 3429 970 3496 {Apud
990 3428 1092 3493 Srlnrff,
1111 3427 1129 3478 l.
1151 3427 1196 3478 cit.
1217 3443 1244 3494 p.
1265 3415 1327 3490 615.)

242 3517 323 3582 *guod
338 3529 431 3568 tamen
447 3515 561 3573 intelligi
576 3532 630 3565 non
646 3516 729 3567 debet
744 3516 779 3567 de
793 3515 902 3567 actibus
913 3515 949 3565 atl
960 3515 1046 3565 vitam
1056 3512 1165 3564 civilem
1177 3508 1326 3580 pertinenti·

241 3604 312 3654 bus:
342 3608 357 3626 ‘¹
373 3604 463 3653 llomo
490 3603 579 3652 bonus
605 3615 632 3653 et
656 3603 747 3668 justus
772 3619 835 3654 esse
858 3615 959 3669 potest,
982 3617 1087 3668 suaque
1109 3599 1225 3652 socialia
1247 3595 1327 3652 officia

240 3690 401 3754 admpere,
418 3689 454 3740 ita
475 3701 503 3739 ut
524 3689 639 3739 aliorum
665 3691 809 3740 hominum
825 3701 886 3741 tuto
903 3689 1135 3755 approbationem
1152 3686 1204 3738 sibi
1225 3699 1325 3753 compa·

240 3792 300 3826 rare
314 3777 411 3826 talcar.
453 3777 515 3826 Hoc
530 3792 594 3826 vero
608 3776 723 3828 minime
743 3776 871 3842 imponat
891 3775 976 3827 animi
997 3786 1101 3828 statum
1122 3773 1225 3842 inquo
1245 3773 1324 3840 hujus·

240 3861 314 3912 modi
329 3863 407 3911 airus
419 3862 601 3926 conplentur,
613 3859 655 3912 vel
666 3863 769 3913 motiva
779 3879 841 3929 quae
851 3863 926 3928 ipsos
939 3862 1083 3927 inspirant,
1093 3876 1155 3912 esse
1166 3855 1324 3926 hujusmodi.

239 3961 267 3999 ut
285 3949 335 3998 lle:
352 3948 457 3997 infinite
472 3946 560 3998 sancti
575 3949 806 4014 approbationem
822 3963 995 4004 mereantur:
1016 3949 1064 3999 sed
1082 3947 1214 4014 importat
1228 3957 1324 3999 tantum

240 4035 289 4084 hos
304 4047 390 4086 actus.
405 4033 498 4100 quoad
519 4034 669 4098 obiectum,
682 4053 699 4087 a
712 4035 773 4102 lege
793 4037 890 4086 morali
911 4035 1052 4102 pneseribr
1065 4035 1086 4084 ''.
1103 4033 1225 4098 (Harpe,
1241 4035 1323 4100 Syste-

239 4119 322 4169 malit
337 4120 487 4183 Tneuingr,
502 4120 555 4170 voi.
575 4121 611 4179 ll,
626 4121 700 4188 263.

273 4205 380 4256 *ecca
400 4206 479 4268 xm,
496 4220 517 4256 1.
535 4234 560 4242 -
578 4204 686 4258 war-i.
707 4209 726 4273 ι,
745 4221 767 4272 3.
783 4237 814 4243 -
829 4204 902 4258 llll
914 4192 980 4275 ng.
998 4208 1082 4270 rur,
1096 4209 1136 4275 3⁸.
