2794 4662
403 235 457 285 DE
476 231 767 285 MATRIMONIO.
1073 222 1138 274 677

182 339 1131 362 *W

64 415 148 486 Quae
165 413 283 474 'miden
297 415 396 471 omnia
409 416 452 472 sic
465 415 597 472 dilucide
610 413 732 486 exponit
743 412 798 468 Leo
807 409 900 467 XIII
905 405 1037 478 (Encycl.
1048 405 1140 462 Arca-

24 511 135 572 num);
159 506 177 530 ‘⁸
189 503 229 558 At
247 520 315 560 vero
332 503 436 574 quanti
453 504 607 561 materiam
626 503 694 558 mali
714 502 743 558 in
763 518 794 558 se
811 497 937 558 divortia
955 495 1136 561 contineant,

24 587 76 643 vix
95 588 206 646 attinet
224 585 331 646 dicere.
372 589 483 646 Eorum
500 589 579 648 enim
600 589 688 645 causa
706 587 779 644 fiunt
793 583 935 642 maritalia
949 581 1060 640 foedera
1077 597 1138 636 mu-

26 674 157 745 tabilia;
191 685 365 734 extenuatur
390 687 492 734 mutua
519 676 745 744 benevolentia;
780 671 945 730 infidelitati
975 667 1140 742 perniciosa

25 759 230 818 incitamenta
254 761 500 834 suppeditantur;
526 763 642 822 tuitioni
668 773 757 833 atque
783 757 957 817 institutioni
980 756 1138 814 liberomm

24 859 179 919 nocetur,
210 847 379 906 dissuendis
410 849 602 910 societatibus
633 847 805 908 domesticis
831 845 978 918 praebetur
1002 841 1139 910 occasio;

24 931 252 992 discordiarum
268 936 343 994 inter
355 937 480 996 familias
494 937 607 996 semina
625 943 820 1007 sparguntur:
841 931 983 988 minuitur
995 947 1029 985 ac
1042 927 1138 1001 depri-

24 1023 123 1078 mitur
137 1019 268 1094 dignitas
282 1023 447 1092 mulierum,
461 1043 528 1095 quae
540 1026 567 1080 in
580 1021 742 1097 periculum
755 1019 876 1077 veniunt
886 1035 932 1087 ne,
943 1033 1012 1072 cum
1022 1014 1137 1074 libidini

24 1109 164 1165 virorum
180 1109 370 1178 inservierint,
383 1128 436 1182 pro
449 1111 597 1168 derelictis
612 1110 782 1167 habeantur.
823 1107 860 1162 Et
873 1103 1014 1176 quoniam
1026 1102 1063 1160 ad
1076 1119 1137 1173 per-

23 1195 151 1252 dendas
161 1195 295 1262 familias,
304 1196 542 1268 frangendasque
556 1213 712 1266 regnorum
727 1209 800 1266 opes
811 1191 882 1249 nihil
894 1202 952 1247 tam
964 1190 1040 1247 valet
1048 1207 1137 1260 quam

23 1282 203 1354 corruptela
216 1300 341 1348 morum,
356 1283 440 1341 facile
455 1285 630 1358 perspicitur
644 1279 828 1355 prosperitati
840 1277 1014 1336 familiarum
1025 1275 1137 1333 accivi.

24 1379 129 1426 tatum
150 1368 277 1427 maxime
297 1370 417 1428 inimica
434 1389 497 1429 esse
515 1372 647 1440 divortia,
665 1387 732 1440 quae
744 1387 762 1424 a
774 1365 940 1438 depravatis
960 1363 1137 1437 populorum

23 1452 169 1508 moribus
183 1463 353 1519 nascuntur,
368 1471 412 1518 ac,
429 1465 503 1512 teste
516 1473 611 1513 rerum
627 1471 690 1522 usu,
707 1453 744 1512 ad
761 1452 924 1510 vitiosiores
938 1452 1004 1508 vitae
1019 1451 1138 1522 privatae

22 1551 54 1596 et
72 1539 206 1611 publicae
219 1541 452 1599 consuetudines
472 1542 584 1600 aditum
601 1541 784 1613 januamque
798 1539 988 1612 patefaciunt.
1030 1537 1137 1593 Multo-

23 1644 90 1697 que
104 1643 171 1683 esse
186 1628 319 1698 graviora
332 1627 395 1685 haec
410 1629 486 1685 mala
500 1629 657 1698 constabit,
668 1628 691 1684 si
705 1628 917 1694 consideretur,
931 1626 1028 1684 frenos
1041 1624 1138 1682 nullos

22 1713 148 1770 futuros
162 1723 267 1782 tantos,
282 1714 333 1786 qui
344 1733 516 1772 concessam
531 1715 622 1773 semel
636 1714 828 1774 divortiorum
844 1713 1012 1772 facultatem
1022 1712 1137 1769 valeant
1217 1789 1219 1794 Ι

26 1801 110 1857 intra
132 1812 238 1871 certos,
259 1812 309 1858 aut
330 1811 399 1858 ante
420 1803 553 1873 provisos
574 1802 681 1859 limites
701 1818 846 1858 coercere.
887 1799 999 1872 Magna
1020 1816 1138 1871 prorsus

25 1899 76 1944 est
98 1887 144 1944 vis
163 1887 376 1960 exemplorum,
398 1889 493 1959 major
512 1889 728 1962 cupiditatum:
756 1887 837 1944 bisce
857 1885 1056 1944 incitamentis
1075 1886 1136 1943 fieri

24 1968 124 2026 debet
139 1981 172 2026 ut
184 1969 377 2028 divortiorum
391 1969 485 2030 libido
499 1970 585 2028 latius
596 1971 730 2042 quotidie
740 1988 862 2043 serpens
873 1970 1065 2042 plurimorum
1077 1970 1136 2026 ani·

26 2075 100 2114 mos
114 2057 244 2125 invadat,
258 2059 341 2130 quasi
362 2059 484 2117 morbus
503 2060 683 2130 contagione
701 2062 845 2130 vulgatus,
858 2067 909 2115 aut
923 2075 1035 2128 agmen
1048 2075 1137 2128 aqua·

26 2161 110 2210 rum,
124 2144 267 2216 superatis
280 2144 438 2216 aggeribus
451 2145 604 2204 exundans
614 2146 629 2170 ''
640 2151 656 2201 ¹.

73 2246 126 2324 63
177 2245 278 2307 Hisce
295 2247 421 2326 positia,
436 2247 489 2308 via
507 2245 632 2310 facilior
653 2247 798 2327 aperitur
820 2247 861 2308 ad
884 2244 1060 2308 solvendas
1080 2245 1136 2307 ad-

24 2348 251 2411 versariorum
266 2349 502 2418 difficultates:
526 2349 557 2412 hi
576 2350 738 2430 siquidem
755 2350 864 2412 vivide
880 2349 1070 2412 describunt
1088 2349 1135 2410 ia-

26 2449 179 2511 fortuuia
195 2450 385 2532 conjugum,
401 2454 456 2534 qui
473 2454 613 2534 amplius
630 2473 701 2515 sese
725 2474 790 2516 non
813 2453 964 2534 diligunt,
980 2454 1037 2516 sed
1056 2453 1136 2514 rixis

26 2563 63 2614 ct
91 2553 361 2617 contentionibus
380 2565 458 2619 sunt
479 2557 593 2631 dediti,
608 2567 641 2619 et
658 2556 851 2620 exclamant
867 2556 983 2618 melius
1004 2576 1076 2618 esse
1099 2567 1135 2619 ut

25 2655 61 2717 hi
82 2655 128 2717 ab
145 2656 284 2719 invicem
302 2668 496 2739 separentur
512 2679 701 2740 novumque
725 2659 833 2722 soedus
854 2660 967 2721 ineant
983 2679 1082 2740 quam
1100 2669 1136 2722 ut

26 2768 195 2839 perpetuo
219 2760 322 2822 vitam
347 2760 566 2824 miserabilem
591 2763 746 2824 ducante
794 2762 860 2826 Sed
882 2761 952 2824 hacc
972 2771 1021 2826 est
1045 2762 1135 2825 falla·

27 2862 106 2936 cia;
132 2879 208 2924 nam
231 2863 355 2925 bonum
381 2863 550 2945 publicum
569 2865 671 2927 totius
688 2866 856 2927 societatis
873 2885 952 2927 sane
969 2865 1057 2926 bono
1073 2865 1135 2946 pri·

25 2974 187 3028 vatorum
204 2975 254 3028 est
269 2969 541 3049 anteponendum
557 2990 563 3044 ;
588 2970 689 3050 atqui,
705 2988 748 3029 ex
765 2965 872 3044 dietis,
888 2969 1012 3030 bonum
1030 2967 1135 3049 publi-

26 3089 109 3130 cum
127 3070 274 3150 postulat
298 3091 339 3133 ne
362 3073 415 3135 via
439 3073 604 3154 aperiatur
628 3072 737 3153 pravis
760 3068 971 3133 consediariis
994 3091 1069 3151 quae
1091 3091 1134 3133 ex

26 3171 177 3234 divortio
193 3165 459 3254 consequuntur;
482 3175 632 3255 quamvis
654 3175 754 3255 igitur
777 3175 911 3254 quidam
936 3174 1054 3256 privati
1078 3173 1133 3236 ali-

26 3274 170 3354 quando
186 3276 291 3338 multa
308 3276 375 3358 pati
392 3277 536 3339 debeant
550 3285 684 3358 propter
696 3275 884 3340 contraditis
901 3276 1134 3341 indissolubili·

27 3387 148 3452 tatem,
166 3397 231 3440 non
249 3379 325 3440 ideo
341 3379 396 3442 lex
415 3382 575 3443 mutanda
591 3391 650 3455 est,
666 3401 741 3462 quae
766 3380 963 3444 familiarum
984 3381 1065 3462 paci,
1082 3402 1134 3443 so·

28 3481 164 3542 cietatis
187 3480 284 3556 bono,
305 3491 339 3544 et
362 3482 594 3565 plerorumque
616 3484 795 3564 conjugum
821 3483 967 3546 felicitati
992 3483 1133 3546 multum

29 3583 171 3645 inservit
186 3605 193 3660 ;
217 3583 289 3664 lege
305 3586 392 3647 enim
410 3587 578 3667 abrogata,
592 3587 685 3649 multi
703 3587 757 3649 alii
771 3587 858 3649 cives
872 3587 997 3668 majora
1010 3587 1133 3650 incom-

31 3686 136 3748 moda
152 3689 387 3767 experirentur,
403 3710 447 3751 ex
470 3687 575 3753 diciis.
623 3692 800 3754 Prudentia
821 3691 920 3772 igitur
935 3691 1083 3772 postulat
1098 3703 1135 3756 ut

30 3790 99 3851 alia
123 3792 268 3853 remedia
292 3792 521 3867 adhibeantur,
537 3795 603 3857 scil.
621 3795 670 3856 vel
696 3795 874 3857 christiana
898 3796 1066 3877 patientia,
1083 3795 1133 3858 vel

31 3894 176 3957 secessio
192 3904 430 3976 temporanea:
454 3906 586 3979 tempus
603 3899 690 3960 enim
710 3898 813 3959 multa
829 3897 965 3960 vulnera
981 3907 1085 3972 sanat,
1101 3909 1134 3961 et

70 4083 77 4112 ¹
93 4085 164 4151 Quae
183 4085 306 4138 salubria
323 4088 429 4140 monita
445 4086 590 4141 renovavit
607 4087 635 4141 S.
655 4087 781 4140 Pontifex
794 4088 822 4140 in
838 4089 950 4156 Encycl.
967 4089 1135 4159 Longinpua

34 4171 72 4224 ad
88 4169 245 4241 Episcopos
260 4174 281 4224 F
284 4173 471 4227 oederatarum
485 4173 624 4226 Americae
637 4173 789 4240 civitatum,
807 4173 824 4226 6
833 4175 891 4242 jan.
910 4175 983 4244 1895.

71 4264 81 4286 ²
95 4259 220 4325 Quomm
234 4270 399 4327 argumenta
413 4277 500 4329 nuper
513 4259 616 4314 recoxit
630 4261 777 4330 Ingersoll,
792 4261 828 4314 N.
845 4261 996 4315 American
1012 4261 1132 4324 Review,

36 4344 179 4398 novembr.
200 4347 273 4411 1889,
288 4363 312 4414 p.
332 4359 383 4414 529
397 4363 438 4416 sq.
