2770 4652
257 159 325 210 490
463 160 519 209 DE
537 159 830 210 POENITENTIAE
850 159 1154 210 SACRAMENTO.

257 341 481 420 coartiabant,
488 353 522 406 et
532 353 668 425 propter
679 343 742 406 hoc
753 352 788 407 ut
799 342 945 406 haeretici
957 342 1107 406 damnati
1122 352 1230 418 sunt¹;
1248 361 1330 423 quum

257 447 346 509 enim
370 446 552 527 objicerent
576 446 767 510 testimonia
784 446 964 528 Scripturae
985 445 1055 526 jam
1080 445 1181 508 allata
1203 447 1242 508 ad
1264 446 1333 507 solos

260 549 443 630 Apostolos
466 547 756 630 spectatarum
779 539 855 611 curn
872 549 1018 611 Pariana
1037 545 1137 634 (ep.I
1162 549 1203 611 ad
1227 547 1334 629 Sympr.

261 651 502 734 Novatianum)
535 652 782 734 respondebant
807 673 815 714 :
859 651 985 715 “Solus
1009 651 1080 726 hoc,
1105 651 1240 732 inquies
1262 649 1336 712 Deus

259 755 389 837 poterit.
422 757 549 819 Verum
566 766 616 820 est
635 781 641 819 :
665 758 722 819 sed
741 765 773 819 et
790 754 880 838 quod
898 773 956 836 per
972 755 1162 817 sacerdotes
1178 773 1253 814 suos
1269 752 1337 820 iacit,

260 861 363 942 ipsius
379 871 528 945 potestas
545 873 602 926 est
650 863 739 925 Nam
756 860 836 942 quid
853 868 903 922 est
920 859 1001 922 illud
1015 859 1105 940 quod
1120 857 1290 940 Apostolis
1303 857 1338 918 di·

260 965 313 1041 cit,
331 971 347 996 ‘⁴
359 987 430 1046 qua
443 967 628 1047 ligaveritis
640 967 654 992 ¹¹
669 968 721 1030 ...Ρ
766 965 833 1028 Cur
848 964 921 1040 hoc,
938 964 965 1024 si
990 961 1091 1044 ligare
1115 962 1305 1031 bominibus,
1316 973 1339 1022 et

261 1069 387 1132 solvere
404 1091 469 1133 non
489 1072 628 1133 licebat?
674 1070 729 1132 An
748 1078 879 1131 tantum
894 1067 958 1129 hoc
974 1067 1054 1128 solis
1067 1065 1244 1148 Apostolis
1267 1065 1340 1126 licet?

262 1173 353 1254 Ergo
376 1186 409 1239 et
434 1175 602 1258 baptizare
626 1175 704 1237 solis
728 1174 813 1248 licet,
829 1182 863 1235 et
887 1171 1048 1253 Spiritum
1072 1170 1105 1234 S.
1121 1172 1203 1233 dare
1225 1169 1306 1242 solis,
1319 1179 1341 1230 et

261 1278 340 1338 solis
365 1280 516 1359 gentium
541 1288 680 1360 peccata
706 1295 864 1358 purgare;
898 1275 975 1357 quia
999 1283 1107 1336 totum
1125 1273 1188 1336 lroc
1206 1293 1270 1336 non
1287 1273 1341 1334 aliis

261 1400 361 1460 quam
381 1381 555 1462 Apostolis
579 1383 778 1463 imperatum
802 1390 853 1441 est
863 1379 886 1439 ’'.
936 1378 1070 1453 lterum,
1087 1396 1163 1439 cum
1181 1376 1341 1456 objicerent

261 1484 361 1545 verba
377 1483 534 1546 Matthai
548 1485 697 1565 superius
714 1481 826 1555 relata,
843 1481 885 1543 de
903 1479 1045 1542 fraterna
1061 1479 1270 1560 correptione
1289 1497 1342 1539 esse

262 1584 487 1666 intelligenda,
522 1596 620 1668 prout
655 1586 755 1648 etiam
792 1589 907 1645 tenent
942 1581 1092 1644 nonnulli
1127 1582 1342 1649 Protestantes,

263 1689 511 1768 respondebant
529 1690 643 1751 Patres
661 1713 667 1751 :
703 1694 719 1719 “
732 1687 818 1768 Age,
836 1705 902 1747 non
920 1685 1013 1747 vides
1036 1683 1122 1765 quod
1148 1703 1250 1764 supra
1272 1683 1343 1754 dicit,

264 1795 279 1820 “
291 1791 324 1851 si
338 1790 373 1852 in
389 1799 419 1852 te
427 1792 607 1872 peccaverit
613 1793 729 1871 frater
742 1801 819 1852 tuus
832 1789 856 1864 ”,
872 1787 926 1850 hic
942 1807 1020 1849 vero
1037 1787 1141 1862 addit,
1160 1792 1279 1848 “arrren
1293 1785 1343 1846 dicu

264 1891 362 1968 vobis,
387 1914 590 1976 quacumque
611 1893 773 1956 solveritis
799 1902 859 1955 etc.
910 1891 998 1955 Illud
1023 1891 1084 1952 uni
1104 1891 1277 1965 concessit,
1298 1890 1343 1951 boc

255 1995 409 2075 pluribus
424 1998 606 2075 relaxavit3
631 1997 711 2060 illud
725 1997 790 2078 ipsc
805 1995 904 2058 solvit
921 1996 953 2058 in
971 2014 1071 2076 quem
1089 1995 1284 2070 admittitur,
1298 1993 1344 2054 hoc

263 2119 341 2161 vero
357 2100 499 2163 Ecclesia
516 2125 527 2164 .·
559 2102 639 2163 illud
665 2101 735 2162 sine
751 2100 934 2175 sacerdote,
950 2099 1021 2160 sine
1037 2098 1194 2162 iratribus
1205 2120 1222 2174 ;·
1243 2098 1300 2160 hoc
1314 2097 1344 2156 ab

263 2202 418 2265 omnibus
442 2205 637 2284 impetratur
686 2204 702 2229 ’'
726 2203 915 2282 (Paciamrs,
932 2202 950 2264 l.
968 2203 1025 2284 c.);
1060 2224 1103 2266 ex
1127 2203 1248 2284 quibus
1270 2208 1344 2282 patet

265 2306 378 2368 Patres
411 2307 563 2371 docuisse
599 2306 758 2370 Ecclesiae
795 2307 902 2368 inesse
935 2316 1136 2388 potestatem
1174 2303 1343 2370 remittendi

264 2419 410 2490 peccata,
427 2433 446 2473 a
465 2413 539 2474 Deo
563 2431 765 2487 concessam,
782 2419 816 2472 et
832 2411 929 2472 valde
952 2431 971 2472 a
995 2410 1138 2473 fraterna
1163 2408 1344 2474 correctione

264 2512 465 2578 distinctam.

310 2612 370 2701 (B)
391 2617 446 2679 Ex
471 2620 566 2699 praxi
588 2619 788 2699 peanitentiae
801 2627 870 2680 tum
888 2617 1030 2698 privata
1044 2637 1116 2678 cum
1126 2615 1270 2698 publica,
1284 2634 1341 2696 que

265 2718 481 2784 ordinabatur
504 2743 570 2784 non
594 2722 702 2784 solum
728 2722 769 2783 ad
795 2740 929 2802 poenam
953 2715 1076 2795 delicti,
1103 2720 1160 2780 sed
1186 2719 1284 2781 etiarn
1314 2716 1341 2778 ad

266 2824 493 2887 remissionem
530 2825 601 2905 ejus
633 2826 867 2900 obtinendam,
905 2824 951 2886 ait
986 2824 1149 2905 siquidem
1183 2823 1246 2886 Lan
1270 2823 1342 2884 Mt·

265 2929 475 3010 “Multiplex
494 2929 719 2992 misericordia
736 2929 800 2990 Dei
828 2929 874 2992 ita
898 2927 1045 3008 lapsibus
1069 2927 1227 2989 subvenit
1249 2927 1341 2988 huma·

265 3029 326 3104 nis,
344 3040 380 3092 ut
396 3050 462 3090 non
480 3030 587 3092 solum
606 3050 664 3111 per
679 3031 837 3112 baptismi
855 3031 1007 3112 gratiam,
1024 3031 1082 3092 sed
1100 3029 1202 3091 etiam
1221 3049 1276 3111 per
1290 3045 1340 3110 pur·

267 3132 416 3192 nitentia:
430 3133 628 3194 medicinam
639 3145 707 3214 spes
718 3134 794 3196 ruta
808 3143 1015 3215 repararetur
1027 3141 1172 3206 aternce;
1199 3141 1235 3195 ut
1245 3132 1294 3212 qui
1309 3148 1341 3192 rc·

197 3286 199 3290 ,
266 3235 490 3314 generationis
517 3235 606 3297 dona
628 3237 816 3311 violassent,
834 3238 968 3319 proprio
996 3257 1030 3298 se
1055 3235 1183 3314 judicio
1210 3236 1339 3297 conden-

267 3349 393 3415 nanteS,
411 3340 452 3401 ad
471 3341 689 3402 rcrrrissioncm
705 3339 880 3403 crirm'narrr
905 3340 1114 3422 pervenirent
1199 3339 1340 3400 Mediator

266 3443 354 3504 enirn
374 3443 437 3504 Dei
455 3452 487 3505 et
504 3443 676 3505 hominum
695 3445 795 3506 horno
815 3443 965 3508 Christus
973 3443 1074 3526 serus
1093 3436 1340 3522 irancprapasitis

266 3546 414 3609 Ecclesia
439 3547 582 3609 tradidit
602 3556 792 3628 patestatem
817 3556 853 3609 ut
880 3556 914 3607 ct
939 3545 1176 3608 confitentibus
1200 3541 1338 3608 adtioncn

267 3647 475 3727 poenitentiae
487 3649 604 3709 darent
621 3656 654 3709 et
670 3647 805 3708 eosdem
823 3646 945 3708 salubri
962 3640 1191 3706 satisiadtione
1207 3651 1338 3725 purgatos

302 3844 518 3912 ¹Tertullianus,
529 3847 588 3914 jam
604 3844 777 3898 lllontanista
791 3841 892 3906 latius,
907 3842 1011 3895 latetur
1024 3839 1185 3894 Ecclesiam
1205 3840 1255 3894 sibi
1272 3832 1337 3890 vindi

267 3949 332 3987 care
345 3943 514 4000 potestatem
528 3933 624 3986 omnia
637 3942 754 4002 peccata
766 3929 927 3984 remittendi
941 3929 1000 3997 (De
1015 3926 1162 3994 Pudicitia
1172 3945 1196 3981 c.
1214 3930 1250 3996 3);
1268 3927 1291 3979 S.
1303 3923 1335 3986 Cy·

267 4019 381 4087 prianus
402 4021 506 4088 pariter
529 4021 582 4088 (ep.
599 4031 630 4087 52
651 4019 688 4071 ad
704 4016 909 4083 Antonianum)
923 4033 1053 4085 expresse
1073 4014 1113 4069 ait
1134 4030 1183 4083 per
1204 4012 1336 4068 sacerdotes

268 4103 467 4172 poenitentibus
485 4110 580 4172 pacem
601 4106 617 4157 i.
634 4123 657 4158 e.
680 4103 801 4173 gratiam
821 4114 848 4157 et
868 4114 1048 4173 peccatorum
1068 4101 1260 4156 remissionem
1276 4107 1335 4168 poste

269 4191 394 4244 concedi.

303 4279 376 4345 ²Ep.
395 4277 492 4330 CVlll
507 4277 544 4330 ad
557 4279 655 4332 Tbeol.
