2808 4664
224 166 292 218 ⁷24
498 165 555 216 DE
573 165 656 217 ΠΕΟ
674 167 1048 220 REMUNERATORE.

559 397 645 474 Art.
674 396 750 475 111.
781 398 844 476 De
876 400 991 478 coelo.

268 587 315 655 51.
362 572 491 636 Coelum
511 580 562 634 est
584 581 690 634 status
709 582 743 635 et
764 571 848 636 locris
868 593 1033 655 supremae
1049 577 1278 650 beatitudinis,
1295 580 1324 640 in

223 696 291 759 quo
314 676 436 758 Angeli
455 687 489 739 et
509 675 658 738 homines
683 675 746 738 Dei
766 679 973 758 possessione
989 678 1150 744 fruuntur.
1197 681 1327 744 Dicitur

224 801 291 843 non
311 779 419 842 solum
438 789 554 854 status,
569 780 627 842 sed
652 779 753 842 etiam
775 780 866 856 locus,
883 781 969 861 quia,
991 781 1155 863 quidquid
1180 783 1325 846 dixerint

223 884 323 966 aliqui
336 881 496 958 auctores,
506 882 657 967 specialis
672 891 724 945 est
739 882 831 945 locus
847 884 902 947 ubi
918 906 1012 948 sacra
1027 886 1222 950 humanitas
1235 888 1323 951 Chri-

223 989 275 1066 sti,
293 989 326 1050 B.
344 988 459 1070 Virg0,
476 987 597 1070 Angeli
613 995 647 1049 et
664 983 778 1052 Sancti
794 987 891 1051 simul
912 991 1219 1066 commorabuntur,
1235 1002 1322 1055 aeter-

223 1095 332 1172 naque
356 1091 511 1154 felicitate
535 1089 689 1154 fruentur.
737 1089 916 1155 Beatitudo
939 1115 958 1155 a
981 1093 1115 1156 Boetro¹
1141 1096 1199 1175 (de
1223 1095 1322 1159 Cons-

225 1196 302 1278 phil.
320 1196 337 1258 l.
356 1195 396 1275 3.)
411 1195 548 1259 definita
570 1195 653 1258 suit:
679 1205 786 1257 status
806 1196 956 1258 omnium
979 1196 1143 1259 bonorum
1168 1219 1324 1280 aggrega-

221 1302 312 1364 tione
327 1297 514 1383 perlcttus3
540 1308 574 1362 et
590 1319 609 1361 a
627 1299 662 1362 S.
685 1298 715 1361 Τ
712 1297 831 1360 Ιιοηιά2
843 1321 855 1360 .·
883 1300 1006 1362 bonum
1030 1299 1215 1382 perfeetum
1236 1303 1323 1384 quod

222 1406 368 1469 totaliter
390 1406 518 1486 quietat
541 1404 737 1487 appetitum.
790 1403 882 1466 Alibi
909 1405 1159 1467 demonstratur
1182 1405 1325 1468 hominis

222 1510 460 1572 beatitudinem
485 1526 551 1569 non
576 1509 607 1568 in
633 1507 731 1568 rebus
755 1509 874 1570 creatis
897 1509 994 1571 sitam
1018 1528 1100 1583 esse,
1115 1511 1174 1572 sed
1201 1511 1232 1570 in
1256 1509 1327 1571 solo

221 1612 311 1674 bono
327 1612 480 1688 increat0,
496 1631 553 1673 seu
579 1611 610 1672 in
633 1611 845 1692 possessione
869 1611 940 1674 Dei.
987 1612 1065 1692 lpse
1087 1612 1189 1686 enim,
1204 1621 1238 1674 et
1256 1614 1326 1694 qui-

221 1716 298 1777 dem
314 1713 413 1789 solus,
428 1723 478 1777 est
493 1714 590 1776 simul
602 1713 751 1794 primum
762 1715 971 1797 pn'ncipium,
987 1735 1007 1777 a
1027 1735 1094 1796 quo
1111 1737 1185 1779 esse
1200 1717 1326 1779 omnia-

220 1837 286 1898 que
301 1817 366 1879 alia
381 1817 470 1879 bona
486 1817 683 1899 accepimus,
699 1827 799 1899 atquc
815 1818 952 1881 ultimus
956 1819 1050 1901 finis,
1063 1820 1104 1881 ad
1119 1840 1219 1901 quem
1234 1822 1327 1885 intel-

221 1918 378 1985 lectuales
405 1919 579 1984 facultates
606 1917 694 1984 redte
721 1922 884 1984 ordinatae
912 1922 1137 1986 indesinenter
1164 1926 1328 1994 tendunt;

223 2027 310 2089 bona
333 2036 444 2090 autem
469 2034 587 2099 creata,
604 2034 721 2106 utpote
743 2024 836 2088 finita
855 2047 893 2088 ac
916 2027 1113 2100 transitoria,
1129 2027 1330 2090 immortalis

221 2131 341 2192 animae
357 2128 519 2191 desideria
534 2127 654 2190 satiare
671 2137 846 2209 nequeunt.
894 2129 984 2190 Hinc
999 2129 1219 2208 Augustinus,
1232 2142 1324 2212 post-

221 2253 321 2315 quam
350 2231 590 2300 beatitudinem
617 2232 649 2293 iu
678 2232 774 2294 rebus
801 2233 919 2295 creatis
947 2234 1111 2295 incassum
1140 2235 1326 2315 quaesierat,

224 2339 333 2400 Deum
356 2335 528 2418 alloquens
548 2335 620 2398 haec
642 2337 760 2399 merito
783 2337 875 2400 aits:
902 2337 1051 2400 “Fecisti
1077 2357 1138 2399 nos
1162 2337 1205 2400 ad
1229 2349 1272 2413 te,
1294 2351 1326 2400 et

222 2441 403 2522 inquietum
420 2449 470 2501 est
486 2459 542 2501 cor
558 2449 706 2502 nostrum
723 2441 830 2503 donec
846 2441 1029 2523 requiescat
1045 2441 1077 2502 in
1096 2450 1129 2502 te
1139 2439 1165 2504 ’'.
1212 2441 1327 2523 Quum

222 2553 334 2606 autem
358 2543 450 2605 Deus
468 2542 644 2623 dupliciter
663 2544 862 2606 considerari
883 2545 997 2624 possit,
1013 2552 1048 2606 ut
1068 2541 1184 2606 audior
1200 2555 1332 2606 nurum

222 2657 255 2710 et
266 2647 394 2729 gratioe,
406 2645 533 2727 duplex
550 2647 650 2708 etiam
668 2647 842 2710 beatitudo
858 2647 1017 2727 distingui
1034 2656 1167 2727 potest:
1191 2657 1330 2708 naturu-

222 2753 264 2814 lis
286 2761 319 2814 et
345 2750 628 2831 supernaturalis:
654 2753 743 2832 prior
769 2772 808 2814 ea
831 2761 880 2814 est
902 2771 977 2832 quae
1003 2751 1173 2832 appetitus
1200 2753 1329 2812 homini

223 2857 415 2920 naturaliter
434 2856 549 2919 insitos
570 2853 713 2936 perfecte
737 2856 860 2937 explet,
882 2863 915 2917 et
936 2854 1157 2917 essentialiter
1175 2856 1331 2916 consistit

223 2963 254 3023 in
272 2960 463 3041 cognitione
482 2970 515 3023 et
534 2979 648 3022 amore
670 2960 731 3021 Dei
753 2979 811 3041 per
829 2960 913 3021 vires
935 2967 1083 3034 naturae;
1106 2959 1273 3038 posterior
1290 2979 1332 3020 ea

222 3073 272 3127 est
293 3084 368 3146 quae
388 3073 515 3125 naturae
537 3065 620 3126 vires
644 3073 677 3126 et
698 3063 886 3145 exigentlas
908 3071 1049 3145 superat,
1066 3071 1099 3123 ct
1118 3064 1274 3125 consistit
1297 3065 1331 3124 in

223 3167 475 3250 participatione
501 3167 717 3230 beatitudinis
745 3167 819 3229 Deo
845 3164 1077 3229 connaturalis.
1128 3165 1182 3226 De
1214 3176 1330 3246 poste-

223 3273 296 3333 riori
313 3271 365 3332 hic
382 3271 521 3350 agimus,
538 3292 612 3351 qnae
629 3281 765 3332 vocatur
785 3271 851 3332 alio
873 3269 1007 3330 nomine
1018 3268 1127 3350 gloria
1140 3292 1153 3332 :
1175 3269 1332 3332 dicemus

227 3377 248 3438 l.
265 3376 306 3438 de
316 3375 426 3457 glurid
442 3374 580 3446 anirum·
606 3375 648 3436 Il.
665 3377 707 3437 de
718 3373 827 3455 glutiri
843 3373 990 3454 corporis.

536 3531 552 3618 §
579 3535 602 3595 l.
629 3534 685 3595 Du
708 3546 845 3596 onoma
869 3545 1010 3594 nurum

265 3695 313 3761 52.
361 3683 482 3758 Gloria,
498 3703 554 3746 seu
566 3681 748 3744 beatitudo
763 3680 1019 3761 supernaturalis
1034 3680 1157 3742 animae
1174 3681 1333 3742 consistit

223 3789 440 3852 essentialiter
460 3790 491 3850 in
515 3789 636 3850 unione
659 3785 748 3848 vitali
768 3805 842 3847 cum
869 3785 963 3861 Deo;
990 3803 1064 3864 quae
1085 3783 1223 3864 quidem
1249 3785 1336 3845 unio

224 3893 346 3972 duplici
369 3879 538 3973 'perficitur
564 3891 649 3966 attu,
666 3911 707 3954 sc.
725 3890 846 3953 visione
871 3886 1017 3970 beatificet
1043 3891 1109 3968 qua
1136 3887 1334 3951 intellettus

226 4005 336 4054 noster
354 3995 461 4056 Deum
480 3996 672 4057 immediate
688 3995 786 4070 videt,
802 4013 911 4056 artiore
926 3991 1075 4074 beatifice,
1087 4011 1157 4072 quo
1172 3992 1335 4055 voluntas

262 4221 268 4244 ι
285 4200 329 4252 De
343 4201 454 4255 Consul.
469 4203 568 4271 philos.
583 4206 601 4257 l.
616 4221 640 4274 3.
656 4235 690 4244 -
702 4209 712 4233 ²
726 4205 755 4258 S.
776 4205 881 4270 Thurin,
895 4205 913 4258 l.
930 4220 944 4260 2
957 4247 963 4270 ,
976 4221 1003 4276 q.
1022 4202 1098 4273 11,a.
1115 4205 1140 4260 8.

261 4281 423 4354 ³Contess.,
436 4288 453 4340 l.
472 4289 492 4354 l,
509 4305 533 4342 c.
553 4305 573 4343 r.
