2770 4652
237 163 306 216 ⁴02
447 163 505 214 ΒΕ
523 163 814 213 POENI'I'ENTIAE
833 163 1134 214 sncanusmo.

238 348 330 429 atqui
346 357 495 430 potestas
510 346 664 422 clavium,
679 368 737 410 seu
754 356 904 429 potestas
920 347 1045 430 ligandi
1062 343 1163 429 atque
1177 347 1313 419 solvendi,

238 461 290 514 est
305 471 382 512 vera
398 459 546 532 potestas
558 447 808 531 jurisdictionis,
817 455 884 531 qua
894 451 1052 533 Apostoli
1068 471 1244 531 eorumque
1257 471 1315 512 sue·

238 574 385 616 cessores
400 563 541 636 possunt
555 551 787 618 audioritative
799 556 1007 618 subditorum
1017 554 1201 637 spiritualia
1210 555 1316 617 vincula

238 658 366 721 solvere
392 667 426 720 et
448 657 721 739 delinquentibus
747 678 866 740 poenas
889 659 1054 743 infligere;
1088 681 1167 743 ergo
1189 671 1317 742 potestas

238 762 430 825 remittendi
446 772 585 844 peccata
600 772 651 826 est
667 782 743 824 vere
763 762 940 843 judicIalis,
955 767 1182 847 supponitque
1198 764 1317 830 audon·

237 874 344 928 tatem
360 865 544 927 sententias
559 865 592 926 in
608 865 760 928 subditos
776 865 911 928 serendi.

282 968 343 1050 (Β)
366 968 455 1030 Huic
478 965 668 1032 audioritati
693 965 884 1032 adnettitur
903 969 958 1050 jus
980 980 1015 1032 et
1036 970 1183 1034 officium
1205 993 1318 1034 causam

231 1071 329 1154 pn'us
344 1071 548 1143 instmendi;
573 1072 702 1154 duplex
724 1075 813 1135 enim
837 1073 1005 1136 confertur
1027 1085 1188 1156 potestas,
1203 1085 1320 1156 peccata

239 1185 368 1238 setam
390 1174 579 1236 remittendi
598 1192 699 1254 quarn
724 1173 886 1236 retinendi
911 1173 1010 1254 (quae,
1026 1184 1063 1236 ut
1086 1195 1188 1256 supra
1212 1175 1320 1237 notavi-

240 1297 323 1352 mus,
338 1277 413 1358 plus
429 1276 510 1339 dicit
526 1295 629 1357 quam
646 1295 712 1338 non
730 1275 953 1356 remittendi);
976 1277 1129 1357 jamvero
1148 1277 1321 1359 hujusmodi

240 1380 381 1444 facultas
397 1399 463 1442 non
480 1390 593 1462 potest
607 1393 668 1462 pro
684 1379 777 1442 libitu
794 1381 952 1455 exerceri,
967 1380 1025 1442 sed
1038 1384 1236 1462 prudenter;
1257 1401 1322 1462 quo-

241 1485 343 1546 modo
358 1493 470 1546 autem
486 1484 561 1565 quis
577 1484 659 1545 scire
675 1491 786 1564 potest
802 1492 912 1545 utrum
925 1493 1064 1565 peccata
1074 1485 1198 1548 remitti
1208 1484 1325 1547 valeant

240 1587 291 1649 vel
308 1607 384 1662 non,
400 1588 532 1649 retineri
548 1588 695 1650 debeant
714 1585 766 1649 vel
793 1606 870 1659 non,
886 1587 947 1648 nisi
969 1587 1061 1668 prius
1077 1586 1254 1667 juridicam
1270 1607 1325 1648 ma-

240 1690 333 1753 teriae
346 1690 636 1770 investigationem
648 1690 846 1753 instituerit?
879 1690 933 1754 Ad
951 1690 1013 1753 hoc
1025 1692 1192 1772 siquidem
1205 1691 1325 1773 requiri-

241 1805 295 1857 tur
310 1792 457 1874 cognitio
472 1802 544 1856 tum
560 1791 756 1857 delidtorum
773 1815 792 1856 a
808 1804 981 1874 peccatore
992 1797 1255 1870 commissorum,
1266 1805 1325 1856 tum

240 1897 499 1980 dispositionum
523 1893 673 1978 subjet'li,
693 1906 730 1960 ut
746 1896 901 1979 Apostoli
924 1917 1108 1979 eorumque
1134 1917 1327 1962 successores

237 2001 389 2084 judicare
405 2001 540 2064 valeant
555 2011 666 2064 utrum
683 2001 812 2081 possint
833 2020 946 2074 necne,
958 2009 1122 2081 tanquam
1141 2001 1261 2065 Christi
1277 2000 1327 2062 mi·

241 2106 335 2168 nistri
351 2103 408 2186 qui
424 2104 467 2167 de
481 2108 541 2166 sud
554 2104 844 2166 administratione
856 2105 1018 2166 rationem
1031 2104 1169 2166 reddere
1180 2114 1328 2178 tenentur,

241 2207 412 2272 absolvere
427 2227 485 2269 eos
501 2207 557 2288 qui
574 2207 635 2269 rite
647 2217 724 2270 sunt
740 2208 902 2290 dispositi,
919 2206 1021 2289 ligare
1036 2217 1149 2270 autem
1165 2208 1329 2290 indisposi-

241 2323 312 2388 tos;
338 2331 418 2393 ergo
434 2321 583 2392 potestas
599 2312 789 2375 remittendi
806 2321 944 2392 peccata
955 2313 1116 2393 supponit
1127 2315 1228 2375 etiam
1236 2314 1285 2395 Jus
1295 2333 1329 2375 ac

241 2415 387 2478 officium
404 2435 539 2478 causam
552 2414 744 2478 Instruendi.

285 2553 334 2606 22.
382 2552 418 2602 20
438 2540 562 2602 Tradit.
609 2539 669 2620 (Α)
688 2541 781 2604 Idem
801 2543 935 2604 Patrum
953 2537 1151 2603 auctoritate
1175 2540 1328 2614 firmana

242 2645 289 2706 ait
306 2645 394 2706 enim
414 2641 674 2722 Chrysostomus¹
688 2669 701 2708 .·
725 2644 930 2708 “Sacerdoti
947 2643 1067 2706 solium
1085 2644 1118 2705 in
1134 2645 1227 2706 coelis
1240 2644 1330 2706 collo

242 2757 351 2811 catum
377 2755 437 2820 est,
467 2755 500 2809 et
535 2746 684 2809 coelestia
715 2747 971 2809 administrandi
997 2746 1099 2809 habet
1129 2755 1329 2827 potestatem.

243 2851 327 2936 Quis
344 2850 415 2912 haec
431 2849 533 2912 dicit?
553 2851 627 2932 lpse
643 2852 804 2914 coelorum
816 2873 885 2926 rex,
900 2871 1104 2932 quacumque
1118 2853 1204 2914 enim
1220 2852 1328 2933 lagare-

242 2955 320 3017 ritis
336 2965 395 3018 ete.
443 2953 533 3035 Quid
550 2974 625 3016 curn
643 2953 705 3017 hoc
722 2955 848 3018 honore
869 2954 1008 3017 conferri
1026 2955 1155 3036 possit?
1200 2954 1231 3016 A
1254 2955 1331 3016 terra

232 3058 412 3140 Jirdr'candi
434 3058 651 3139 principalem
679 3055 913 3121 audioritatem
941 3057 1043 3120 sumit
1070 3057 1202 3119 eoelum.
1252 3056 1327 3118 Nam

232 3161 340 3242 judex
355 3162 448 3222 sedet
465 3161 496 3221 in
514 3165 611 3235 terra,
628 3159 793 3223 Dominus
810 3161 959 3242 sequitur
974 3179 1114 3234 servum,
1130 3169 1164 3221 et
1179 3153 1328 3239 quidquid

243 3260 296 3323 hic
319 3260 351 3322 in
378 3258 587 3322 inferioribus
602 3261 777 3340 Jirdicaret,
799 3260 852 3323 hie
876 3262 909 3323 in
934 3261 1085 3343 supernis
1108 3261 1299 3343 comprobat
1309 3258 1327 3317 ''.

245 3364 330 3427 Item
354 3363 384 3426 T
381 3363 583 3427 teodorerns2
597 3387 609 3427 .·
641 3371 656 3396 ‘⁴
669 3365 763 3428 Sicut
786 3367 941 3428 sacerdos
965 3367 1091 3447 lepram
1108 3365 1276 3446 dijudicat,
1291 3366 1328 3426 ita

242 3477 375 3549 oportet
398 3468 506 3548 Ipsum
533 3476 567 3528 et
588 3467 733 3546 judicem
754 3488 825 3530 esse
853 3479 1063 3548 peccatorum
1081 3469 1239 3531 anImae’'.
1282 3467 1327 3528 Ex

243 3572 362 3652 quibus
386 3579 500 3652 aperte
523 3579 655 3632 constat
671 3581 809 3651 peccata
833 3573 957 3634 remitti
981 3592 1040 3653 per
1060 3572 1251 3652 judicialem
1267 3589 1328 3632 sen·

243 3675 391 3736 tentiam.

287 3775 347 3858 (B)
372 3777 426 3839 Ex
442 3775 657 3848 controversid
671 3777 898 3840 catholicorum
914 3797 985 3838 cum
1002 3777 1237 3850 Montam'str's,·
1262 3773 1329 3838 utri·

245 3897 309 3960 que
325 3881 412 3941 enim
426 3880 690 3951 consentiebant,
702 3886 801 3941 causa
811 3899 876 3940 non
890 3879 1034 3960 cognita,
1047 3889 1250 3961 potestatem
1266 3895 1328 3960 pec·

245 3992 321 4045 cata
336 3983 527 4045 dimittendi
550 3983 696 4044 exerceri
722 4003 787 4045 non
805 4003 902 4063 posse
921 4007 927 4044 :
960 3984 1094 4064 priores,
1109 4003 1170 4064 pro
1186 3989 1325 4065 peccato·

244 4104 316 4145 rum
329 4084 488 4145 varietate
504 4085 644 4163 majores
661 4086 845 4147 minoresve
858 4086 1075 4166 imponebant
1090 4083 1328 4148 satisladtiones

441 4215 630 4222 ----..--
860 4207 1329 4227 —.—.-...---⁶

251 4295 254 4302 ·
281 4273 406 4326 illomil.
422 4273 497 4327 Vde
512 4275 610 4329 Verbis
626 4277 715 4330 Isaiae.
731 4307 764 4316 -
777 4278 787 4308 ’
799 4279 830 4331 In
846 4277 935 4332 Exod.
951 4296 979 4348 q.
998 4291 1037 4346 15.
