2794 4662
233 193 297 247 612
654 189 709 240 DE
727 188 901 238 ORDINE.

228 387 373 456 praeesse,
381 372 562 455 praedicare
580 381 613 434 ct
629 370 825 453 bapttaarc’l
873 371 997 451 Offerre
1012 369 1168 450 designat
1183 379 1331 452 potesta-

237 489 304 540 tem
318 477 506 541 Sacerdotis
516 475 602 537 circa
617 494 735 558 corpus
747 473 867 538 Christi
881 473 1039 549 naturale,
1051 493 1093 536 sc.
1107 475 1332 544 consecrandi,
1390 509 1391 536 r

235 579 395 642 offerendi
428 576 623 641 sacrificium
657 577 779 655 Missae,
800 579 1071 641 communionem
1105 578 1332 659 dispensandi.

228 685 357 748 Cetera
383 683 483 746 verba
506 681 689 745 referuntur
713 683 755 745 ad
780 681 888 744 officia
906 680 1093 761 Presbyteri
1109 681 1197 742 circa
1213 701 1334 762 corpus

238 786 359 851 Christi
371 787 567 867 mysticum;
592 786 693 847 debet
704 783 886 860 benedicere,
896 785 914 846 i.
925 803 962 858 e,
976 784 1064 846 bona
1075 784 1225 846 coelestra
1235 805 1336 865 super

239 911 288 954 res
314 899 348 953 et
374 909 531 972 personas
557 887 726 950 effundere
752 909 810 970 per
833 896 1048 962 sacramenta,
1075 888 1334 949 sacramentalia

236 994 384 1074 aliasque
408 1011 517 1054 sacras
544 989 745 1069 funilionem
785 1003 926 1072 proeessc,
951 993 970 1054 i.
995 1011 1031 1066 e,
1054 991 1175 1053 divinis
1206 990 1337 1064 officiis,

229 1098 375 1160 -absente
400 1095 576 1178 Episcopo,
600 1093 787 1175 proesidere,
810 1094 1046 1177 populumque,
1070 1095 1130 1157 sub
1159 1095 1334 1177 Episcopo
1390 1139 1391 1142 ,

230 1219 350 1282 regere
359 1223 366 1280 ;
390 1198 577 1280 praedicare,
592 1217 649 1259 seu
666 1217 801 1280 gregem
817 1199 917 1260 verbo
927 1199 1041 1260 divino
1054 1219 1205 1280 pascere;
1231 1200 1337 1280 bapti-

231 1323 320 1378 zare,
346 1312 380 1364 et
404 1303 538 1382 insuper
557 1302 984 1370 sacramentaPoenitentiae
1007 1313 1041 1366 ct
1062 1303 1339 1366 Ext.-Uniiroms

239 1408 434 1470 ministrare.

281 1530 329 1593 39.
377 1523 412 1572 2⁰
423 1510 475 1572 De
490 1508 626 1572 matm‘d
637 1509 784 1590 etsormti
799 1510 897 1593 hujus
909 1512 1035 1574 ordinis
1048 1531 1170 1593 magna
1185 1520 1237 1573 est
1256 1531 1338 1573 con-

232 1613 396 1677 troversia
420 1636 427 1673 :
464 1612 520 1692 (Α)
544 1613 654 1675 Prima
678 1615 843 1676 sententia
867 1634 940 1677 cum
957 1613 998 1676 D.
1018 1614 1104 1688 Soio,
1122 1614 1253 1688 Geneto,
1271 1625 1336 1676 etc.

238 1725 330 1779 tenet
342 1715 513 1778 materiam
521 1716 729 1778 essentialem
742 1715 951 1798 adaequatam
962 1737 1033 1779 esse
1042 1717 1337 1780 instrumentorum

238 1819 467 1892 traditionum·
489 1817 630 1881 sormam
646 1829 758 1881 autem
777 1843 784 1882 :
810 1821 937 1902 Accipe
952 1829 1154 1902 potestatem
1169 1819 1336 1882 offerendi

237 1921 431 1985 sacrificium
457 1921 489 1982 in
508 1921 656 1983 Ecclesia
673 1943 732 2003 pro
748 1923 830 1984 vivis
845 1933 880 1986 ct
895 1924 1042 1999 mortuis
1063 1925 1095 1984 in
1118 1925 1255 1986 nominc
1275 1925 1337 1984 Pa-

237 2028 296 2088 tris
306 2035 378 2102 etc.;
400 2045 502 2106 quum
517 2025 652 2086 Floreat.
664 2045 737 2086 eam
750 2025 856 2086 solum
868 2027 1176 2089 commemoraverit
1191 2047 1199 2090 :
1214 2031 1230 2058 “
1244 2025 1336 2090 Sex·

238 2140 309 2192 tum
326 2147 462 2191 sacram.
484 2138 535 2190 est
550 2127 695 2203 Ordinis,
715 2128 809 2208 cujus
832 2130 968 2192 materia
990 2141 1040 2193 est
1067 2129 1147 2192 illud
1165 2150 1222 2210 per
1237 2131 1337 2210 cujus

238 2233 450 2296 traditionem
468 2231 634 2294 confertur
646 2230 749 2308 Ordo,
760 2233 845 2295 sicut
854 2233 1102 2313 presbyteratus
1118 2233 1261 2294 traditur
1277 2255 1339 2314 per

237 2337 349 2399 calicis
383 2355 457 2397 cum
493 2335 579 2410 vino,
608 2344 642 2396 et
673 2344 804 2416 patenae
833 2356 908 2399 cum
940 2355 1025 2417 panc
1055 2335 1336 2418 porredtionem”.

239 2441 300 2522 (B)
317 2438 471 2504 Secunda
494 2439 658 2500 sententia
682 2439 781 2503 docet
804 2460 879 2502 cum
902 2441 1036 2516 Hubert,
1055 2439 1090 2502 S.
1107 2438 1250 2520 Ligario,
1273 2454 1335 2504 etc.

240 2544 413 2608 materiam
440 2542 472 2603 in
497 2541 568 2603 sola
586 2563 742 2604 manuum
767 2543 966 2623 impositione
984 2543 1082 2606 sitam
1099 2563 1180 2618 esse,
1196 2563 1275 2623 quae
1299 2545 1335 2606 fit

238 2649 352 2711 statim
374 2655 450 2728 post
474 2645 734 2707 admonitionem
762 2646 928 2728 Episcopi,
955 2656 988 2709 et
1018 2648 1064 2710 sic
1097 2667 1118 2708 a
1146 2647 1334 2712 Pontificali

240 2751 454 2815 describitur:
476 2754 493 2781 “
507 2749 655 2830 Imponit
670 2749 766 2812 simul
783 2760 957 2831 utramque
970 2771 1105 2812 manum
1121 2771 1221 2833 super
1231 2762 1334 2833 caput

239 2854 414 2936 cujuslibet
424 2852 597 2915 ordinandi
610 2853 888 2928 successive,nihil
899 2855 1024 2930 dicens;
1040 2854 1196 2935 idemque
1207 2854 1334 2924 faciunt

240 2968 314 3040 post
327 2977 402 3019 eum
413 2975 528 3018 omnes
540 2953 739 3017 Sacerdotes
751 2956 806 3035 qui
823 2955 975 3017 adsunt...
986 2975 1053 3036 quo
1063 2954 1152 3018 tacto
1164 2965 1234 3018 tam
1248 2958 1334 3018 Pon-

239 3062 321 3124 tilex
335 3080 434 3140 quam
452 3056 648 3122 Sacerdotes
665 3067 780 3121 tenent
796 3078 914 3120 manus
931 3057 1088 3120 dexteras
1104 3069 1265 3122 extensas
1282 3081 1334 3122 su·
1390 3105 1391 3128 ,

239 3185 297 3248 per
313 3164 385 3224 illos
397 3163 430 3239 ”3
456 3170 630 3240 utramque
645 3159 730 3221 hanc
749 3161 996 3242 impositionem
1012 3180 1165 3223 vocamus
1173 3164 1334 3244 primam,

238 3279 275 3332 ut
299 3267 518 3346 distinguatur
533 3284 553 3325 a
567 3261 713 3338 secundet,
733 3283 808 3345 quae
832 3262 869 3324 lit
892 3263 954 3324 sub
970 3262 1069 3324 finem
1087 3265 1207 3338 missae‚
1223 3265 1335 3326 aiente

240 3369 423 3434 Pontifice:
446 3367 559 3447 Accipe
576 3364 739 3445 Spiritum
758 3366 791 3428 S.
810 3365 980 3447 Scriptura
996 3366 1084 3428 enim
1102 3366 1208 3428 solam
1227 3368 1333 3448 impo-

238 3474 391 3536 sitionem
409 3479 664 3545 commemorat;
695 3469 828 3531 aliunde
851 3478 983 3532 constat
999 3470 1087 3550 apud
1106 3469 1262 3532 Graecos¹
1287 3473 1334 3532 in-

238 3585 496 3637 strumentorum
525 3569 764 3653 porredlionem
788 3591 956 3652 nunquam
981 3573 1134 3652 viguisse,
1157 3592 1218 3634 nec
1242 3577 1333 3654 apud

241 3709 390 3718 ——.---.-.-

274 3767 374 3836 ¹Apud
389 3767 511 3830 Graecos,
521 3763 633 3818 ordines
646 3765 794 3818 diaconatu
809 3763 951 3818 inferiores
961 3765 1045 3818 modo
1058 3782 1121 3818 cum
1134 3781 1272 3819 manuum
1287 3769 1335 3820 im-

239 3853 384 3921 positione,
402 3853 487 3905 modo
500 3852 562 3906 sine
575 3853 610 3905 ea
620 3852 811 3918 conferuntur3
831 3855 881 3908 sed
895 3853 1070 3919 diaconatus,
1081 3853 1296 3921 presbyteratus
1308 3867 1334 3906 et

155 3957 158 3963 ·
238 3940 418 4006 episcopatus
441 3955 552 4007 semper
576 3939 757 3993 conteruntur
783 3955 918 3993 manuum
943 3939 1131 4010 impositione,
1153 3956 1217 4008 quae
1236 3939 1335 4010 incipit

239 4023 351 4090 quando
371 4025 515 4076 ordinator
534 4023 601 4077 dicit
618 4043 624 4077 :
650 4026 763 4076 Divina
771 4027 1028 4094 gratiapromovet
1039 4027 1114 4080 hunc
1125 4027 1156 4078 in
1174 4026 1335 4090 ducenum,

236 4108 425 4174 presbyterum
438 4109 485 4160 vel
502 4111 667 4177 episcopum,
681 4121 709 4163 et
722 4111 900 4167 continuatur
911 4113 977 4166 dum
992 4113 1020 4166 fit
1034 4113 1209 4166 consecratio
1222 4129 1273 4181 per
1293 4131 1333 4166 so·

240 4192 361 4244 lemnem
383 4196 581 4262 precationem,
602 4197 658 4264 qud
677 4199 754 4251 Deus
777 4208 870 4251 oratur
891 4208 920 4251 ut
945 4197 1066 4265 gratiam
1087 4197 1246 4251 ordinando
1270 4215 1334 4250 con·

241 4276 330 4329 cedat.
