2770 4652
246 151 315 200 47⁴
616 153 672 204 DE
691 154 982 203 Poemrssnm.

246 353 348 414 quum
364 353 408 394 ex
425 338 491 395 una
507 345 601 415 parte
616 355 705 416 saepe
721 337 843 417 saepius
856 336 982 400 Fideles
997 337 1038 399 ad
1056 355 1185 398 sacrum
1204 332 1338 397 tribunal

248 447 429 512 recurrant,
449 449 544 500 etex
566 438 670 502 altera
692 451 763 502 tum
786 441 1009 503 Protestantes
1028 451 1101 504 tum
1124 439 1340 501 Rationalrstae

248 540 375 602 nullum
398 542 574 604 immotum
599 544 790 624 reliquerint
812 545 957 627 lapidem
977 546 1020 608 ad
1044 544 1180 606 remedii
1197 553 1258 605 tam
1274 541 1338 603 effi-

249 645 335 707 cacis
351 647 524 708 veritatem
541 649 764 713 evertendam.

290 762 320 812 2.
370 749 479 829 Hujus
507 753 704 812 sacramenti
737 751 868 814 nonnisi
898 751 1114 830 dogmaticam
1143 759 1263 829 partem
1291 746 1339 808 lric

249 872 468 933 exponemus,
493 873 596 934 quum
621 855 664 916 de
691 855 807 918 morali
833 865 927 936 parte
955 855 987 914 in
1015 853 1156 934 Synopsi
1181 851 1340 930 strategia-

251 957 385 1018 moralis
410 955 513 1019 acturi
542 958 666 1034 simus;
701 960 932 1040 expendemus
959 957 1113 1018 videlicet
1143 954 1338 1024 existentiam,

242 1071 355 1142 partes
370 1071 403 1124 et
419 1063 546 1144 affatius
560 1063 759 1125 sacramenti
777 1061 997 1134 Poenitentiae,
1008 1079 1114 1141 pauca
1125 1061 1168 1122 de
1181 1057 1338 1136 Indulgen-

250 1167 307 1228 tiis
322 1187 380 1248 per
395 1169 531 1231 modum
552 1167 758 1249 Appendicis
775 1169 945 1230 addentes,

252 1348 559 1409 PROLEGOMENA:
583 1346 625 1408 de
642 1346 854 1409 Poenitentiae
871 1345 1015 1409 virtute:
1034 1323 1042 1428 i
1059 1311 1183 1400 ηοω.

1058 1395 1258 1451 necessrtate.

837 1564 988 1626 Potestas
1021 1563 1164 1626 clavium
1197 1558 1338 1622 Ecclesia

880 1670 1047 1722 concessa,

549 1737 751 1801 Existentia.
840 1739 900 1800 Per
916 1739 1053 1800 modum
1068 1735 1192 1816 judicii,

808 1783 826 1990 l
840 1825 921 1886 Ritu
938 1823 1179 1896 sacramentali,

842 1911 972 1972 Fideles
984 1911 1165 1992 obligante.

848 2128 990 2190 Materia
1065 2093 1224 2183 'remia'

1064 2179 1073 2239 t
1089 2187 1249 2251 proxima

1371 2257 1372 2303 l

594 2392 715 2454 Parte&
848 2345 978 2407 Forma.

455 2607 461 2619 .
847 2562 1045 2624 Poenitentis
1090 2516 1253 2618 contritio·
1369 2531 1370 2597 l

256 2603 462 2667 Sacramenn
1066 2578 1073 2668 Ι
1092 2603 1259 2666 consessio.

256 2689 467 2755 Paenitentia
889 2647 1007 2713 ³8¹⁰&
1066 2679 1074 2770 Ι
1091 2687 1277 2753 satisfactio.
1368 2695 1369 2741 l

814 2873 829 2996 ί
846 2867 1011 2932 Remissio
1028 2866 1163 2946 peccati.
1367 2849 1368 2888 ¹

576 2953 732 3018 Effettus
844 2953 1010 3018 Remissio
1026 2973 1144 3035 poenae.
1366 2981 1367 3038 p

845 3041 1089 3104 Reviviscentia
1106 3039 1295 3101 meritomm.

573 3260 725 3322 Minister
823 3257 830 3316 1
850 3218 902 3278 De
918 3222 1086 3297 potestate
1101 3211 1230 3311 prdinis
1249 3297 1254 3307 .
1296 3291 1302 3302 .

727 3311 733 3324 “
823 3304 902 3384 [De
918 3310 1084 3384 potestate
1098 3293 1321 3380 Junsdrtttoms.
1364 3283 1365 3329 l

745 3467 749 3474 ¹
851 3475 962 3538 Notio.

551 3564 758 3645 Appendix:
819 3486 834 3818 {

512 3653 554 3713 de
573 3649 793 3730 Indulgentiis
850 3648 1052 3712 Existentia.
1361 3689 1362 3700 ,

851 3735 1042 3800 Corollaria.
1361 3705 1362 3768 l
