2770 4652
357 171 412 220 DE
431 168 672 222 sscx11=1c10
690 169 843 218 MlsSAE.
1085 169 1152 218 453

58 348 178 430 justum
195 360 244 412 est
261 351 349 413 enim
374 361 410 413 ut
434 351 489 433 qui
513 350 607 413 altari
633 350 823 412 deserviunt
845 350 887 411 de
910 346 1005 410 altari
1030 347 1151 410 vivant.

61 452 201 534 Quando
216 455 419 536 stipendium
442 463 616 536 acceptum
634 463 692 528 est,
709 454 812 516 oritur
827 451 988 533 obligatio
1000 449 1152 534 justitia,

59 557 133 637 quia
156 555 350 638 accipiendo
372 558 585 632 oblationem,
601 559 754 620 sacerdos
774 575 814 618 eo
834 557 905 637 ipso
928 555 1094 637 promittit
1117 573 1152 616 se

59 659 298 741 applicaturum
312 661 425 723 Missae
441 659 583 724 srudium
597 659 774 742 specialem
787 658 845 722 tali
858 659 909 721 vel
923 657 980 720 tali
993 677 1152 740 personae,

59 762 131 824 etsi
147 763 401 845 promissionem
419 783 484 826 non
503 763 673 845 adimplet,
690 760 792 825 violat
805 759 979 842 justitiam,
995 761 1086 823 etad
1104 780 1152 822 re-

58 864 263 928 stitutionem
282 874 421 928 tenetur.

101 962 168 1053 (Β)
190 966 367 1044 Quantitas
383 967 538 1050 stipendii
562 968 605 1029 ab
622 965 792 1048 Episcopo
807 964 1019 1028 determinari
1043 964 1152 1040 debet,

58 1072 238 1133 secundum
264 1071 371 1133 varias
399 1071 546 1133 locorum
570 1071 827 1133 consuetudines
840 1090 847 1144 ;
879 1078 913 1130 et
936 1088 1060 1144 omnes,
1084 1067 1152 1129 sive

58 1174 221 1254 regulares
245 1176 313 1237 sive
336 1173 509 1249 seculares,
534 1183 624 1236 taxae
651 1174 694 1235 ab
718 1171 886 1255 Episcopo
908 1181 1042 1234 statutae
1066 1181 1153 1234 stare

57 1275 186 1339 debent.
235 1277 324 1340 Hinc
340 1297 406 1340 non
424 1276 498 1339 licet
514 1277 716 1358 stipendium
732 1296 832 1356 supra
848 1276 990 1356 pretium
1007 1275 1153 1356 exigere,

57 1389 165 1460 potest
182 1391 293 1444 tamen
311 1383 463 1444 sacerdos
480 1381 554 1463 plus
571 1381 724 1462 recipere,
740 1381 767 1442 si
784 1391 903 1461 sponte
919 1378 1083 1453 offeratur,
1096 1388 1153 1441 aut

56 1485 157 1546 etiam
179 1483 206 1546 si
230 1485 324 1548 labor
338 1483 618 1547 extraordinarius
635 1484 794 1565 exigatur,
810 1505 837 1546 v.
855 1503 884 1565 g.
901 1504 960 1566 pro
978 1483 1081 1545 Missa
1105 1483 1152 1544 in·

56 1587 266 1651 convenienti
283 1588 364 1650 hora
380 1585 585 1662 celebrandi,
596 1585 784 1651 nullatenus
800 1597 909 1650 tamen
926 1607 986 1670 pro
999 1587 1103 1649 Missa
1119 1587 1152 1648 in

56 1690 151 1752 altari
177 1691 393 1772 privilegiato,
410 1691 442 1753 in
467 1691 540 1752 loco
556 1690 755 1753 miraculoso
771 1700 830 1753 etc.
847 1691 994 1753 dicenda.
1042 1690 1153 1771 Regu-

57 1792 168 1856 lariter
183 1795 284 1856 etiam
301 1813 367 1857 non
384 1794 484 1856 debet
504 1794 609 1874 accipi
631 1794 834 1874 stipendium
857 1794 964 1854 minus
986 1797 1066 1854 taxa
1088 1803 1153 1855 sta-

55 1899 138 1970 tuta,
154 1917 196 1958 ne
212 1896 287 1958 talis
303 1897 417 1978 praxis
433 1895 505 1958 aliis
521 1896 747 1958 sacerdotibus
763 1896 880 1958 nociva
896 1895 961 1957 fiat.

100 1994 167 2083 (C)
191 1999 250 2062 Tot
271 2001 380 2062 missae
403 1997 609 2061 celebrandae
632 2008 709 2060 sunt
732 2007 808 2079 quot
829 1998 994 2080 stipendia
1017 2006 1153 2078 accepta
1213 2009 1216 2012 '

54 2110 142 2174 sunt,
158 2108 201 2176 et,
214 2101 314 2181 juxta
338 2099 592 2184 probabiliorem
614 2101 822 2174 sententiam,
839 2100 981 2181 graviter
1004 2101 1154 2181 pecca'ret

54 2204 111 2283 qui
129 2205 230 2266 etiam
247 2204 380 2268 unicam
395 2206 533 2268 Missam
550 2205 714 2268 celebrare
729 2206 906 2278 omitteret,
916 2204 993 2286 quia
1009 2205 1154 2286 gravitas

55 2306 206 2368 materiae
230 2327 296 2370 non
320 2318 371 2370 est
394 2308 622 2370 mensuranda
633 2309 664 2370 in
681 2309 796 2370 ordine
813 2309 854 2370 ad
871 2308 1079 2390 stipendium,
1095 2308 1153 2371 sed

55 2409 87 2470 in
105 2409 224 2470 ordine
239 2409 282 2471 ad
300 2408 441 2474 lrut'tum
456 2410 576 2486 Missae,
589 2431 656 2492 quo
672 2411 819 2491 privatur
835 2411 890 2492 qui
907 2410 1153 2492 eleemosynam

55 2511 204 2575 tradidit.
252 2511 337 2573 Item
364 2513 488 2576 debent
511 2513 626 2575 sedulo
649 2513 823 2596 adimpleri
847 2513 1053 2576 conditiones
1077 2534 1154 2576 con·.

55 2611 183 2686 traditis
207 2617 317 2695 quoad
342 2625 473 2697 tenatur,
496 2616 644 2697 aliasque
669 2617 956 2690 circumstantias',·
987 2618 1154 2698 undequi

55 2715 211 2795 promisit
223 2714 388 2777 celebrare
401 2717 433 2777 in
447 2714 542 2778 altari
555 2715 763 2797 privilegiato
777 2739 843 2780 non
856 2719 1060 2782 satisfaceret
1072 2721 1154 2783 obli-

54 2819 185 2899 gationi
201 2839 268 2880 suae
291 2819 322 2880 in
343 2819 409 2880 alio
425 2818 519 2881 altari
536 2817 706 2881 celebrans
722 2841 729 2896 ;
757 2840 817 2883 nec
833 2823 1063 2902 compensatio
1086 2821 1154 2884 fieri

54 2929 169 3002 potest
193 2920 350 2983 lucrando
370 2922 613 3001 indulgentiam
637 2922 818 3002 plenariam
834 2920 993 2986 defundio
1009 2924 1155 3004 applica·

745 3019 1157 3038 —-·—-—-—————„-

55 3053 181 3119 immitti,
191 3054 295 3107 deinde
308 3055 344 3109 ad
358 3054 449 3123 ipsum
460 3055 548 3108 altare
559 3056 644 3124 coepit
658 3055 758 3119 offerri,
769 3072 826 3108 non
836 3056 950 3125 quidem
960 3065 991 3110 ut
1003 3056 1054 3110 soli
1065 3074 1156 3112 sacer-

54 3141 116 3194 doti
130 3139 268 3204 offerenti,
284 3140 334 3195 sed
353 3140 460 3195 clericis
477 3141 505 3194 in
522 3141 663 3194 communi
682 3141 836 3209 prodesset.
875 3141 970 3209 Quum
983 3160 1048 3197 vero
1062 3144 1156 3198 laben-

55 3228 133 3282 tibus
144 3227 317 3295 temporibus
328 3227 486 3281 communis
496 3229 553 3281 vita
566 3229 729 3282 clericorum
743 3229 891 3294 cessasset,
901 3239 978 3284 certa
991 3247 1056 3299 pars
1070 3231 1155 3285 bono-

54 3331 119 3368 rum
133 3313 272 3367 Ecclesiae
285 3314 322 3366 ad
335 3312 508 3382 singulorum
525 3315 703 3369 sacerdotum
721 3315 917 3371 sustentationi
934 3310 1156 3373 subveniendum

54 3397 189 3455 detracta
211 3411 276 3465 est;
304 3411 332 3454 et
351 3401 425 3455 circa
443 3418 508 3465 saec.
530 3402 617 3466 Vlll,
639 3418 701 3455 mos
723 3401 851 3456 invectus
873 3414 916 3456 est
941 3414 971 3456 ut
996 3405 1156 3459 sacerdotes

54 3504 176 3542 inunera
188 3487 347 3555 acciperent
360 3506 377 3541 a
391 3487 521 3542 fidelibus
535 3489 581 3558 qui
595 3489 733 3556 rogabant
743 3501 773 3542 ut
785 3489 883 3543 Missae
894 3487 999 3544 lrudtus
1010 3491 1156 3559 speciatim

54 3575 112 3630 sibi
132 3574 326 3644 applicaretur.
365 3575 449 3644 Quod
468 3586 563 3630 tamen
582 3593 639 3628 non
658 3575 719 3630 sine
738 3576 901 3631 difficultate
920 3575 1087 3645 permissum
1102 3590 1154 3642 est,

53 3660 201 3716 nonnullis
212 3662 445 3716 contendentibus
456 3663 508 3717 hoc
518 3680 581 3716 esse
592 3663 784 3716 simoniacum.
816 3665 950 3716 Attamen
961 3663 1053 3732 praxis
1063 3664 1157 3733 hujus·

52 3750 135 3804 modi
155 3749 192 3802 ab
211 3749 339 3804 Ecclesia
361 3752 479 3804 tolerata
500 3751 563 3814 luit,
584 3753 798 3820 communisque
817 3752 914 3817 evasit,
937 3761 964 3805 et
987 3751 1015 3804 S.
1038 3751 1157 3807 Thomae

53 3837 178 3907 probata
191 3835 241 3889 luit
259 3854 265 3889 :
285 3837 301 3862 “
310 3837 457 3904 Sacerdos,
472 3836 570 3906 inquit,
584 3854 641 3890 non
654 3836 756 3906 accipit
774 3836 923 3906 pecuniam
940 3837 1020 3906 quasi
1036 3839 1157 3907 pretium

53 3921 280 3979 consecrationis
303 3923 496 3992 Eucharistiae,
518 3926 572 3978 hoc
594 3924 670 3979 enim
692 3935 766 3978 esset
788 3923 982 3988 simoniacum,
1004 3925 1055 3979 sed
1077 3927 1156 3995 quasi

53 4009 231 4080 stipendium
240 4026 297 4062 suae
307 4010 540 4064 sustentationis”
553 4011 588 4077 (a.
599 4029 622 4064 2.
632 4029 658 4080 q.
672 4026 727 4077 100,
737 4028 761 4065 a.
772 4029 797 4078 2,
805 4011 842 4064 ad
852 4011 887 4074 2).
916 4012 956 4066 Cf.
966 4012 1067 4065 Bened.
1077 4013 1156 4079 XIV,

53 4099 91 4152 de
105 4095 206 4150 Missae
219 4095 333 4148 sacrific.
344 4096 360 4148 l.
375 4097 430 4162 111,
439 4113 461 4150 c.
474 4113 518 4162 εις
540 4099 633 4167 Geyer,
643 4098 679 4152 de
695 4097 847 4152 Missarum
860 4099 1017 4168 stipendiis,
1028 4100 1155 4167 Mogunt.

55 4185 144 4252 1864;
164 4182 286 4236 Barbr'cr
295 4183 329 4235 de
339 4182 496 4252 Momault,
511 4185 551 4236 La
564 4182 693 4252 question
707 4184 758 4238 des
771 4201 888 4251 messes,
904 4185 1002 4252 Rome,
1019 4185 1099 4253 1864,
1119 4185 1158 4237 Le

50 4272 199 4325 cartoniste
210 4272 427 4338 contemporain,
439 4269 493 4324 on.
512 4271 587 4338 1891,
599 4271 662 4338 Jan.
682 4271 747 4337 1892
761 4280 814 4325 etc.
