2758 4652
460 215 517 262 DE
536 210 713 263 ORDINE.
1070 205 1129 257 601

28 398 132 459 tertio
147 399 274 461 circiter
289 397 431 473 saeculo;
455 397 546 478 atqui
562 397 645 459 ordo
666 396 722 476 qui
739 414 805 456 non
823 403 873 456 est
889 413 909 455 a
925 391 1065 460 Christo.
1082 411 1131 452 sa-

27 510 238 563 cramentum
255 521 326 563 esse
343 502 467 582 nequit.
515 503 677 563 Praeterea
701 499 733 561 in
757 499 828 561 istis
850 496 1021 559 ordinibus
1038 495 1133 557 deest

27 604 179 678 materia,
189 603 345 668 videlicet
357 622 516 666 manuum
530 603 709 683 impositio,
721 610 755 664 et
772 600 886 675 forma,
897 599 1024 661 scilicet
1035 597 1133 660 verba

26 706 245 767 collationem
261 707 378 786 gratiae
394 706 626 786 exprimentia.

76 807 111 871 Si
129 819 276 871 mentem
293 817 442 871 nostram
460 809 586 889 aperire
603 808 724 882 liceret,
737 826 813 868 cum
836 806 866 867 T
863 803 1067 888 tornasst'no1
1085 804 1133 865 di-

25 929 207 978 ceremus:
242 911 416 973 “minores
443 912 585 986 ordines,
612 909 854 990 comprehenso
881 908 1133 980 subdiaconatu,

24 1013 121 1075 velut
138 1013 300 1093 quasdam
311 1014 507 1093 partitiones
523 1034 588 1076 csse
602 1013 792 1074 diaconatus
807 1011 879 1072 aliis
895 1010 1034 1089 aliisque
1050 1019 1132 1070 tem·

25 1117 167 1196 poribus
184 1115 228 1178 ab
244 1135 284 1178 eo
300 1117 482 1197 decerptas,
529 1113 758 1197 Quamobrem
779 1113 891 1193 aliquo
912 1131 1010 1173 sensu
1027 1129 1133 1190 coque

24 1237 109 1279 vero
132 1215 220 1280 recte
236 1219 363 1281 dixeris
380 1219 524 1280 minores
541 1217 674 1280 ordines
698 1218 731 1277 in
756 1215 849 1278 fonte
870 1234 931 1277 suo
947 1223 981 1276 et
997 1213 1133 1294 origine,

23 1321 47 1381 i.
60 1340 87 1382 e.
102 1321 135 1382 in
152 1321 330 1384 diaconatu
347 1321 565 1384 institutionis
577 1339 650 1382 esse
666 1319 788 1382 divina:
799 1319 822 1381 ”.
870 1318 1029 1380 Fatemur
1040 1317 1132 1396 equi-

24 1421 106 1483 dem
132 1423 213 1485 istos
237 1423 370 1486 ordines
394 1443 460 1486 non
484 1422 584 1484 fuisse
607 1441 739 1503 semper
763 1422 795 1483 in
820 1441 903 1497 usu;
930 1440 1007 1482 nam
1030 1419 1132 1483 Urba-

24 1545 92 1586 nus
107 1525 150 1586 H
163 1527 195 1587 in
213 1525 314 1590 Conc.
331 1527 555 1590 Beneventano
571 1525 686 1606 (1031)
702 1526 749 1587 sic
765 1524 883 1587 statuit
901 1547 908 1585 ε
932 1521 1080 1584 “Nullus
1100 1523 1132 1582 in

25 1625 273 1709 Episcopatum
304 1628 446 1711 eligatur
480 1629 541 1690 nisi
577 1629 610 1689 in
646 1629 746 1690 sacris
778 1626 949 1689 ordinibus
983 1625 1133 1716 religiose

23 1729 144 1792 vivens
161 1729 259 1793 fuerit
276 1732 438 1794 inventus.
485 1730 605 1794 Sacros
622 1741 733 1794 autem
753 1731 897 1795 Ordines
910 1732 1051 1794 dicimus
1063 1728 1133 1791 dia·

22 1840 188 1908 conatum,
204 1842 238 1894 et
246 1832 469 1914 presbyterum
480 1855 493 1902 ,·
514 1833 571 1894 lios
586 1833 751 1913 siquidem
767 1833 849 1895 salas
862 1832 1040 1914 priminba
1055 1832 1133 1913 legi-

24 1941 86 1993 tnr
96 1933 248 1997 habuisse
260 1934 403 1998 Ecclesia
413 1937 437 1998 ”.
484 1935 729 1998 Exindemulti
743 1935 947 2003 concludunt
959 1935 1132 1997 subdiaco-

25 2045 146 2097 natum
164 2045 197 2098 et
214 2037 358 2099 minores
374 2038 507 2100 ordines
526 2038 687 2100 rationem
704 2039 903 2100 sacramenti
921 2057 986 2099 non
1003 2037 1132 2108 habere,

25 2137 138 2200 Nobis
155 2149 267 2202 autem
284 2141 415 2203 videtur
430 2141 516 2202 hanc
532 2140 778 2203 conclusionem
801 2159 845 2202 ex
867 2139 1047 2221 praemissis
1066 2159 1132 2200 non

24 2239 138 2303 fluere.
185 2241 221 2306 Si
245 2244 334 2305 enim
358 2245 556 2307 admittatur
576 2241 746 2305 Christum
770 2263 836 2305 non
861 2242 1133 2305 determinavissc

25 2345 58 2405 in
74 2345 187 2426 specie
200 2347 372 2409 materiam
389 2358 423 2411 et
440 2347 580 2408 sormam
594 2344 741 2420 Ordinis,
754 2347 812 2408 scd
827 2345 985 2407 Ecclesiae
1003 2345 1134 2407 dedisse

24 2457 232 2528 potestatem
256 2459 432 2531 utramque
455 2448 713 2524 determinandi,
729 2448 894 2528 simulque
917 2448 1131 2510 diaconatum

25 2547 60 2608 in
73 2548 184 2610 varios
202 2547 370 2612 inferiores
387 2550 520 2612 ordines
537 2551 716 2625 dividendi,
729 2561 827 2632 prout
844 2545 998 2613 sedabat
1014 2569 1130 2632 oppor-

25 2651 164 2726 tunitaS,
181 2652 227 2713 nil
251 2652 405 2732 prohibet
427 2654 507 2734 quin
533 2653 724 2734 hujusmodi
748 2656 881 2718 ordines
905 2655 937 2716 in
954 2655 1132 2716 diaconatu

24 2761 191 2832 tanquam
209 2753 242 2814 in
260 2754 370 2817 radice
386 2756 545 2830 contenti,
561 2757 704 2836 gratiam
721 2776 765 2817 ex
782 2777 882 2839 opere
899 2767 1037 2839 operato
1058 2777 1133 2838 pro·

25 2857 156 2919 ducant
179 2859 362 2920 secundum
385 2878 573 2922 mensuram
593 2861 815 2922 ministerialis
836 2862 1011 2941 potestatis
1028 2860 1070 2922 ab
1086 2862 1133 2921 eis

25 2958 169 3033 collatae,
186 2960 298 3040 sicque
321 2962 484 3024 rationem
508 2965 707 3026 sacramenti
731 2964 884 3028 habeant.
933 2965 1008 3026 Hoc
1032 2964 1133 3026 modo

25 3059 219 3139 explicatur
241 3081 298 3122 cur
323 3063 423 3124 modo
446 3063 522 3138 du0,
547 3066 647 3128 modo
675 3077 741 3128 tres
769 3078 827 3130 aut
854 3067 964 3148 plures
990 3067 1133 3129 minores

25 3160 163 3223 ordines
176 3182 237 3243 pro
249 3164 409 3227 varietate
422 3175 610 3247 temporum
624 3168 668 3229 ab
681 3169 831 3231 Ecclesia
847 3170 990 3232 instituti
1005 3169 1134 3244 suerint,

25 3275 62 3326 et
79 3285 137 3326 cur
154 3285 219 3327 non
243 3267 330 3328 idem
354 3267 451 3331 fuerit
473 3289 532 3330 nec
550 3271 593 3331 sit
616 3290 771 3334 numerus
793 3273 946 3334 ordinum
969 3273 1132 3333 minorum

25 3369 62 3430 in
78 3369 229 3431 Ecclesia
245 3376 349 3450 graecai
361 3381 394 3434 ct
412 3372 514 3434 latina
528 3394 535 3450 ;
559 3374 677 3435 eodem
691 3375 814 3454 pariter
827 3375 928 3436 modo
940 3373 1135 3454 intelligitur

26 3491 89 3533 cur
106 3471 304 3534 Scholastici
329 3473 396 3536 iere
419 3495 535 3537 omnes
558 3476 732 3537 docuerint
755 3475 815 3537 hos
839 3477 971 3538 ordines
987 3495 1063 3537 vere
1086 3495 1156 3536 sa··

26 3577 191 3637 cramenti
215 3578 377 3639 rationem
399 3578 528 3641 habere.
578 3579 677 3640 Hanc
694 3599 766 3641 esse
785 3581 820 3643 S.
843 3580 873 3641 Τ
869 3580 970 3641 horna
986 3589 1132 3640 mentem

28 3676 126 3738 nobis
143 3696 216 3738 esse
232 3677 362 3741 videtur
378 3699 421 3740 ex
438 3680 489 3740 his
506 3690 539 3742 et
556 3681 718 3744 similibus
735 3684 842 3745 verbis
862 3689 899 3744 :⁶⁶
913 3683 952 3744 In
969 3683 1135 3763 primitiva

29 3777 190 3853 Ecclesia,
208 3789 343 3860 propter
365 3783 570 3862 paucitatem
596 3786 831 3859 ministrorum,
847 3785 959 3846 omnia
982 3784 1136 3847 inferiora

30 3882 216 3944 ministeria
231 3883 381 3946 diaconis
397 3886 731 3950 committebantur..
746 3937 752 3950 .
799 3886 1024 3949 Nihilominus
1041 3897 1135 3950 erant

28 4004 148 4046 ornnes
172 3983 341 4065 praedietae
364 3997 559 4067 potestates
583 3990 640 4050 sed
666 3988 833 4070 implicite,
857 3989 889 4049 in
914 3994 980 4051 una
1003 3989 1134 4050 diaconi

28 4097 207 4171 potestate.
254 4088 320 4152 Sed
349 4101 466 4171 postca
493 4091 672 4172 ampliatus
700 4100 750 4152 est
778 4091 885 4152 cultus
913 4091 1067 4166 divinus;
1100 4100 1135 4152 et

65 4307 152 4361 ²Vet.
167 4315 195 4360 et
211 4307 282 4361 Nov.
296 4307 405 4376 discipl.
423 4326 449 4378 p.
468 4309 490 4374 1,
504 4309 521 4361 l.
538 4325 561 4374 2,
576 4325 599 4361 c.
616 4325 659 4374 40.
