2780 4646
352 162 407 211 DE
425 163 585 212 onam
604 163 855 215 flammam.
1084 162 1145 215 100

45 353 66 396 o
79 335 195 410 hom0,
211 345 244 399 et
260 335 367 417 pitius
383 359 402 401 a
416 339 564 402 Domino
576 340 650 402 Deo
666 351 731 403 tuo.
779 341 909 402 Bonum
926 338 1029 402 habes
1045 339 1144 403 artifi-

45 457 115 500 cem
144 448 249 520 atque
274 437 442 521 pic'iorem.
490 441 568 504 Noli
594 442 716 505 bonam
745 443 854 506 delere
883 439 1056 524 pitturam,
1074 463 1140 506 non

45 539 119 604 luco
135 544 197 606 sed
215 545 353 607 veritate
371 545 563 628 fulgentem,
581 567 646 609 non
671 549 745 608 cera
768 565 972 626 expressam,
988 547 1046 608 sed
1070 566 1143 627 gra·

43 645 88 705 tia
101 647 127 708 ''.
177 645 325 710 Aliunde
341 649 553 729 pulchritudo
576 660 628 713 est
649 648 798 730 splendor
812 649 956 722 ordim's,·
986 648 1144 730 jamvero,

43 748 72 808 vi
89 750 218 829 gratiae,
234 751 318 813 ordo
334 749 498 832 perlectus
516 753 548 814 in
566 753 677 815 anima
695 763 812 834 regnat
829 777 836 815 :
871 753 1039 816 inferiores
1054 753 1143 816 enim

43 848 221 914 facultates
237 853 400 916 voluntati
418 855 614 929 subduntur,
625 855 779 918 voluntas
792 867 904 919 autem
918 856 1005 934 Deo;
1032 857 1142 937 splen-

43 955 97 1017 det
114 958 217 1019 etiam
236 959 349 1020 anima
371 957 478 1038 gratia
494 966 620 1032 ornata,
637 958 716 1039 quia
733 957 769 1020 lit
785 958 887 1022 veluti
904 959 1076 1040 speculum
1093 958 1142 1021 di-

43 1056 127 1119 vinae
156 1070 293 1122 naturae.
341 1061 408 1122 Res
431 1061 680 1140 comparatione
704 1060 911 1124 illustratur:
944 1060 1142 1143 “Quemad-

44 1161 180 1223 modum
208 1163 375 1243 purissimi
401 1163 548 1245 crystalli
572 1164 692 1245 globus
717 1164 805 1228 lucet
827 1174 928 1246 atque
954 1164 1143 1246 resplendet

43 1263 145 1327 ueluti
170 1264 230 1338 sol,
258 1266 339 1327 dum
374 1265 453 1326 solis
478 1265 560 1328 radii
585 1275 686 1346 atque
711 1266 769 1328 lux
803 1269 835 1329 in
869 1288 909 1330 eo
932 1267 1142 1347 colliguntur,

44 1363 87 1425 ita
111 1376 147 1429 et
169 1369 282 1429 anima
305 1378 423 1430 ornata
446 1368 553 1450 gratii
577 1369 691 1431 divino
724 1369 851 1450 fulgore
884 1371 1074 1453 resplendet
1108 1379 1143 1432 et

43 1468 272 1535 deificatur”¹.

83 1603 152 1682 146.
199 1607 299 1665 rhesis
319 1609 405 1665 Νι·
442 1605 512 1670 Per
532 1605 687 1684 gratiam
713 1606 1000 1672 sanctificantem
1017 1605 1142 1685 justus

46 1700 198 1862 ecflicitur
241 1704 417 1782 templum
457 1703 613 1784 Spiritus
648 1705 684 1770 S.
717 1707 902 1786 totiusque
942 1704 1139 1770 Trinitatis.

73 1812 178 1865 ertum
193 1815 267 1865 est².

91 1919 124 1966 10
151 1907 353 1987 Explicatur.
401 1905 455 1969 Ad
492 1907 746 1988 intelligentiam
774 1907 872 1990 hujus
896 1907 1140 1990 propositionis,

51 2010 219 2073 sciendum
237 2019 287 2072 est
305 2010 414 2073 Deum
432 2031 504 2072 esse
520 2010 642 2091 ubique
666 2031 725 2091 per
746 2012 957 2092 praesentiam
974 2010 1140 2091 operatio·

48 2130 117 2174 nem
134 2125 167 2176 et
184 2115 372 2188 essentiam,
389 2134 428 2175 ac
445 2113 584 2196 proinde
607 2115 639 2175 in
663 2116 818 2176 omnibus
834 2114 991 2176 creaturis
1015 2113 1140 2192 aliquo·

49 2217 145 2279 modo
162 2217 362 2294 inhabitare;
383 2218 451 2293 sed,
461 2227 582 2299 praeter
592 2217 682 2280 illam
693 2238 905 2281 communem
919 2217 1141 2299 praesentiam,

48 2331 93 2380 est
111 2320 173 2383 alia
184 2321 247 2384 Dei
266 2321 463 2383 inhabitatio
481 2322 513 2383 in
530 2323 641 2384 anima
654 2321 745 2401 justi,
755 2341 830 2402 quae
846 2329 896 2382 est
913 2319 1050 2383 omnino
1067 2338 1139 2400 spe-

50 2422 145 2498 cialis,
161 2435 193 2486 et
215 2444 291 2504 quae
308 2424 460 2487 consistit
477 2425 509 2485 in
527 2445 567 2486 eo
583 2426 673 2505 quod
692 2425 785 2486 Deus
802 2425 834 2486 in
853 2424 998 2485 animam
1016 2422 1137 2496 veniat,

50 2535 78 2586 et
88 2526 120 2587 in
133 2531 170 2588 ea
181 2535 325 2601 maneat,
331 2537 394 2607 per
408 2525 537 2589 modum
552 2527 653 2589 amici
665 2528 779 2589 intime
793 2525 910 2602 dr'ler‘li,
921 2535 957 2588 ut
973 2525 1043 2606 ejus
1057 2545 1139 2606 prae·

50 2609 150 2690 sentia
165 2641 198 2692 et
216 2631 361 2693 amicitia
379 2629 437 2692 irui
454 2631 576 2710 possit;
600 2641 678 2693 tunc
695 2631 807 2691 anima
824 2628 860 2692 fit
876 2649 951 2691 vere
974 2627 1137 2709 templum

50 2732 145 2793 totius
161 2733 344 2806 Trinitatis
361 2733 438 2812 quia
454 2741 505 2793 est
522 2732 613 2794 locus
631 2729 770 2802 sandius,
788 2731 819 2792 in
845 2751 911 2811 quo
935 2741 1000 2793 tres
1017 2730 1139 2792 divinae

51 2853 192 2911 personae
217 2835 416 2906 inhabitant,
441 2835 587 2916 ipsisque
612 2835 727 2897 laudes
751 2854 788 2894 ac
822 2833 981 2896 sacrificia
1015 2830 1138 2914 persol-

51 2948 172 3001 vuntur.
233 2938 295 3001 Illa
330 2938 528 3001 inhabitatio
562 2939 749 3000 communis
784 2947 835 2999 est
870 2937 973 2999 tribus
1010 2936 1041 3000 S.
1067 2936 1138 2997 Tri-

52 3041 155 3104 nitatis
178 3043 338 3124 personiS,
363 3043 419 3104 sed
445 3050 556 3104 tamen
581 3042 715 3124 speciali
741 3041 841 3102 modo
859 3040 995 3122 Spiritui
1013 3037 1139 3104 Sancto

52 3146 285 3225 appropriatur,
313 3145 400 3224 quia,
428 3154 464 3206 ut
490 3145 638 3206 diximus
666 3145 698 3206 in
723 3145 774 3207 Tr.
789 3145 829 3206 de
848 3145 1017 3219 Trim'tate,
1038 3165 1139 3224 opera

52 3245 324 3320 sanitilicationis,
342 3266 417 3326 quae
443 3247 549 3309 tribus
574 3248 723 3329 personis
747 3247 937 3309 communia
961 3257 1046 3320 sunt,
1066 3266 1138 3327 spe-

52 3349 165 3413 cialiter
181 3351 211 3412 ei
230 3351 429 3425 tribuuntur,
444 3349 537 3430 cujus
554 3349 707 3432 specialis
725 3350 837 3411 missio
853 3360 903 3412 est
919 3351 1047 3412 animas
1064 3369 1138 3410 san-

53 3449 193 3518 llificare.

89 3571 152 3638 147.
202 3569 238 3618 20
248 3555 416 3618 Probatur.
455 3555 515 3636 (A)
533 3555 648 3636 Script.
669 3552 724 3640 (a)
740 3555 882 3618 Constat
898 3555 1059 3635 imprimis
1078 3556 1137 3616 Pa-

53 3665 125 3721 trem
149 3671 183 3722 et
203 3660 324 3721 Filium
342 3660 374 3720 in
400 3659 512 3720 anima
534 3657 614 3738 justi
640 3657 841 3732 inhabitare;
878 3657 1029 3720 Christus
1046 3657 1134 3718 enim

54 3759 128 3824 dixit
147 3785 153 3824 :
178 3769 194 3793 ‘⁶
208 3761 245 3826 Si
263 3761 336 3842 quis
352 3759 461 3841 diligit
480 3780 576 3836 me,...
593 3770 625 3822 et
644 3761 742 3822 Pater
759 3780 851 3823 meus
868 3760 986 3840 diliget
1001 3779 1086 3836 eum,
1103 3768 1137 3822 et

81 3983 472 4059 11131333111131113,(136131.
487 4003 514 4038 n.
532 3987 591 4054 258.

82 4075 151 4128 'Cic
161 4077 189 4129 S.
204 4077 333 4138 Thomas,
348 4076 369 4140 1,
380 4090 407 4142 q.
422 4086 466 4141 43,
482 4088 506 4126 a.
521 4071 576 4140 5·6;
605 4073 723 4134 Suarea,
737 4072 772 4126 de
785 4073 885 4128 Trinit.
899 4073 916 4126 1.
932 4074 1001 4136 Χ11,
1018 4089 1039 4126 c.
1054 4089 1071 4138 4
1085 4089 1124 4141 sq.
1131 4092 1138 4136 ;

54 4159 204 4228 Franaelin‚
224 4161 260 4216 de
277 4163 339 4215 Deo
358 4161 441 4228 trino,
458 4162 497 4217 th.
515 4178 561 4231 44;
587 4163 738 4230 Mursella,
753 4179 777 4214 n.
796 4173 860 4230 1025
875 4178 928 4231 sq.;
957 4160 1137 4228 Oberdoeffer,

59 4245 97 4299 De
107 4247 312 4303 inhabitatione
325 4247 445 4317 Spiritus
460 4248 486 4302 S.
491 4264 500 4318 3
523 4249 549 4301 T
546 4251 648 4313 errr'cn,
667 4249 688 4312 1,
705 4266 729 4317 p.
745 4251 795 4302 216
810 4266 849 4318 sq.
