2808 4664
250 174 316 227 748
526 172 584 221 DE
603 171 686 221 DEO
704 167 1073 220 REMUNERATORE.

248 347 422 419 opinionem
437 346 681 418 improbaverunt
691 359 720 404 et
730 347 918 416 rejecerunt¹,
928 346 967 402 ita
977 355 1009 401 ut
1019 361 1088 400 cum
1099 340 1278 398 Muzaurelli
1284 340 1338 410 (op.

248 433 310 505 cit)
323 433 462 491 concludi
478 433 572 504 possit
587 454 594 490 :
618 433 828 505 “Respondeo
841 449 889 488 me
902 440 1097 502 temperatam
1117 427 1340 484 millenariorum

248 519 427 576 sententiam
441 536 501 575 uon
517 529 548 576 ut
560 518 730 576 haereticam
744 518 906 582 traducere,
921 516 974 574 sed
988 529 1088 574 tamen
1100 513 1255 572 contendo
1266 511 1340 584 quod

249 605 279 660 in
290 605 427 678 praesenti
441 616 576 678 ternpore
586 606 624 664 sit
636 606 676 664 ad
689 606 846 663 minimum
857 603 1145 677 improbabilisquia
1154 621 1191 660 ex
1201 603 1260 658 una
1266 611 1341 672 parte

249 701 293 746 est
305 690 447 748 destituta
459 690 541 748 omni
554 691 633 762 gravi
646 690 834 759 auctoritate,
851 707 887 748 ex
899 690 990 746 altera
1002 707 1073 747 vero
1085 687 1179 746 babet
1194 685 1339 744 auctoru-

249 789 293 836 tes
305 789 410 836 contra
422 796 454 835 se
468 779 654 850 gravissimas
667 789 697 836 et
710 777 916 836 ineluctabiles
924 778 949 833 ”.

283 865 325 930 9⁶·
364 865 411 936 (C)
420 865 633 936 Improbabilis
643 867 732 924 etiarn
743 875 787 923 est
800 866 903 937 opinio
913 864 1136 924 admittentium
1150 862 1338 920 felicissimam

249 960 279 1006 et
291 950 470 1022 singularem
484 951 547 1010 lore
558 953 702 1010 Ecclesiae
713 951 1092 1023 conditionem-perplura
1104 949 1214 1006 saecula
1226 957 1291 1004 ante
1302 964 1337 1002 se·

249 1037 384 1096 cundum
399 1038 523 1095 Domini
542 1039 715 1109 adventum,
731 1040 791 1111 qua
810 1039 952 1096 immunis
965 1037 1019 1096 erit
1037 1037 1077 1094 ab
1096 1036 1237 1094 omnibus
1255 1035 1339 1105 impu·

249 1125 440 1193 gnationibus
453 1135 484 1183 et
497 1127 594 1192 malis;
613 1143 683 1183 narn
702 1126 844 1185 “Omnes
857 1127 906 1198 qui
928 1126 977 1198 pie
990 1125 1093 1182 volunt
1106 1125 1204 1182 vivere
1223 1123 1252 1179 in
1264 1121 1337 1180 Clui-

251 1221 298 1267 sto
310 1209 392 1283 Jesu‚
408 1212 647 1283 persecutionem
662 1211 868 1285 patientur”,²;
890 1229 1092 1283 necunquam
1106 1210 1241 1267 Ecclesia
1252 1209 1280 1264 in
1292 1217 1337 1264 ter-

251 1295 290 1352 ris
302 1297 431 1354 cessabit
442 1315 507 1355 esse
521 1299 650 1356 militans
664 1322 671 1366 ;
693 1299 840 1372 usquead
855 1299 944 1358 tinem
958 1298 1061 1355 mundi
1080 1297 1219 1355 homines
1237 1295 1337 1368 peccati

251 1381 401 1454 originalis
414 1384 570 1442 effectibus
583 1395 669 1443 erunt
688 1386 819 1456 obnoxii,
836 1396 865 1442 et
881 1384 1014 1443 Ecclesia
1033 1385 1163 1442 triticum
1183 1393 1213 1441 et
1230 1382 1336 1448 zizania,

252 1465 348 1525 bonos
361 1469 516 1541 malosque
529 1470 753 1543 complectetur.

288 1554 441 1626 Negleclis
459 1557 546 1627 igitur
560 1557 730 1628 hujusmodi
750 1556 953 1630 opinionibus,
968 1574 1037 1614 cum
1052 1557 1079 1613 S.
1094 1556 1188 1613 Paulo
1206 1555 1245 1613 ad
1262 1553 1341 1611 desti-

252 1650 354 1697 natum
374 1658 590 1714 prosequamur
603 1643 736 1701 bravium
750 1661 886 1716 supernae
899 1645 1086 1702 vocationis:
1112 1643 1205 1713 “Ego
1224 1659 1270 1698 me
1288 1657 1341 1696 nou

251 1722 376 1780 arbitror
394 1726 665 1798 comprehendisse.
705 1727 809 1786 Unum
828 1739 938 1798 autem,
960 1745 1026 1800 quae
1045 1726 1169 1799 quidem
1189 1737 1265 1783 retro
1282 1733 1343 1780 sunt

252 1807 440 1876 obliviscens,
461 1811 500 1870 ad
519 1830 553 1870 ea
572 1831 643 1871 vero
661 1831 729 1885 quae
748 1824 817 1872 sunt
836 1814 934 1886 priora
952 1814 1116 1872 extendens
1135 1813 1290 1884 meipsum,
1308 1809 1343 1865 ad

252 1893 434 1954 destinatum
447 1915 618 1970 persequor,
630 1899 668 1956 ad
684 1900 816 1957 bravium
830 1917 966 1972 supernae
979 1899 1144 1957 vocationis
1159 1898 1215 1956 Dei
1228 1899 1258 1954 in
1269 1895 1342 1955 Clui-

253 1989 301 2038 sto
312 1980 392 2053 Jesu.
431 1982 623 2056 Quicumque
635 2002 706 2056 ergo
719 1986 841 2058 perfecti
856 2004 967 2057 sumus,
984 1987 1042 2043 hoc
1055 1987 1220 2042 sentiamus
1229 1984 1244 2008 '’
1253 1989 1270 2040 ³.

297 2285 414 2347 Finem
432 2283 508 2345 huic
526 2281 671 2363 Synopsi
688 2282 867 2362 theologiae
889 2284 1091 2364 dogmaticae
1112 2285 1296 2366 imponens,
1310 2307 1343 2348 ea

254 2389 366 2450 omnia
387 2405 462 2468 quae
486 2386 600 2466 scripsi
622 2385 749 2465 judicio
767 2384 925 2448 Ecclesiae
949 2387 1118 2449 humiliter
1139 2390 1301 2470 subjicio:
1321 2390 1344 2450 si

254 2509 329 2570 quae
345 2490 420 2563 sint,
433 2500 553 2570 praeter
570 2489 800 2563 intentionem,
813 2489 922 2551 minus
939 2487 1026 2552 redte
1042 2489 1142 2568 dicta,
1156 2513 1196 2555 ea
1212 2513 1344 2574 pronon

253 2592 385 2672 scriptis
401 2591 515 2653 haberi
535 2589 618 2666 v010‚
635 2600 668 2654 et
684 2611 704 2654 a
722 2589 898 2654 lettoribus
915 2593 1094 2655 emendari.

292 3835 299 3858 ¹
315 3833 371 3886 Hic
384 3834 505 3887 babetur
517 3833 677 3902 exemplum
691 3834 823 3886 humanae
836 3832 1005 3900 traditionis,
1014 3848 1087 3898 quae,
1100 3831 1225 3899 primum
1238 3829 1256 3885 'a
1269 3829 1352 3885 multis

259 3919 388 3972 Patribus
401 3928 527 3986 accepta,
541 3917 706 3988 etquidem,
720 3929 750 3972 ut
763 3919 910 3987 putabant,
925 3918 1077 3985 Scripturae
1091 3917 1196 3985 innixa,
1210 3917 1311 3972 deinde
1321 3915 1352 3968 ab

257 4002 386 4057 Ecclesia
396 4003 544 4070 reprobata
556 4003 609 4056 luit
622 4015 756 4073 tanquam
769 4005 925 4058 humanum
934 4005 1097 4057 inventum:
1117 4019 1151 4056 ex
1160 4019 1219 4073 quo
1229 4003 1315 4071 magis
1323 4016 1352 4052 ac

256 4087 347 4154 magis
367 4097 444 4154 patet
456 4088 601 4142 *Ecclesiae
620 4089 796 4143 infallibilem
814 4089 1012 4144 auctoritatem
1030 4089 1226 4144 necessariam
1245 4106 1305 4144 esse
1321 4085 1351 4139 ad

257 4169 363 4224 retiam
377 4171 635 4240 interpretationem
651 4174 802 4243 Scripturae
815 4193 848 4228 ac
865 4178 988 4230 Parrum.
1388 4173 1389 4186 ¹

292 4256 349 4307 'II
359 4257 431 4308 Tim.
447 4257 502 4323 ΙΙΙ,
520 4273 558 4310 12.
570 4262 623 4298 -³
636 4260 712 4313 Phil.
726 4261 781 4324 ΙΙΙ,
797 4274 883 4330 1s·¹5·
