2758 4652
235 178 304 231 sar
518 171 577 240 ‚on
596 169 810 221 uxrnmra
828 169 1050 222 uncrronn.

278 359 336 442 (C)
351 359 511 420 Attamen
530 356 562 416 in
582 353 731 416 Ecclesia
749 353 912 429 Romana,
925 354 1119 436 regulariter
1131 355 1194 420 Ex.
1210 355 1320 421 Untlio

235 467 278 528 ab
294 483 361 526 uno
377 461 563 539 eodemque
579 457 730 519 ministro
747 457 849 520 debet
864 457 1052 534 ministrari,
1068 469 1102 522 et
1122 461 1252 540 quidem
1268 465 1322 525 sub

235 567 335 650 gravi.
382 562 560 642 Excipitur
572 568 683 623 autem
701 579 797 624 casus
810 561 1026 636 necessitatis,
1038 563 1065 625 si
1078 562 1229 627 videlicet
1245 564 1321 627 infir-

237 691 310 733 mus
326 664 563 749 praevideretur
579 663 767 738 moriturus,
783 663 974 745 priusquam
993 683 1078 728 unus
1094 667 1245 729 sacerdos
1260 689 1322 731 om-

236 793 294 837 nes
307 768 477 835 unctiones
490 767 646 850 perficere
658 775 779 849 posset.
828 767 840 829 l
845 777 922 844 tem,
936 769 963 832 si
979 771 1134 832 sacerdos
1147 785 1324 850 moreretur,

236 877 294 940 aut
309 873 465 940 deficeret
487 880 563 954 post
585 871 748 950 incoeptas
764 868 947 949 unctiones,
962 871 1047 935 alius
1063 873 1171 936 valide
1191 885 1224 937 et
1246 877 1325 940 licite

235 981 403 1063 complere
427 988 540 1060 posset
563 976 885 1040 administrationem
912 979 1120 1051 sacramenti,
1145 981 1244 1042 modo
1266 1001 1323 1042 non

236 1087 367 1148 adesset
381 1079 591 1145 intervallum
604 1078 700 1142 unius
714 1079 843 1142 circiter
855 1081 1068 1160 quadrantis;
1091 1081 1118 1142 si
1131 1091 1242 1145 autem
1254 1104 1325 1165 qua·

236 1190 336 1251 drans
349 1186 481 1267 elapsus
499 1183 604 1259 suerit,
618 1185 807 1264 repetendae
820 1193 898 1266 sunt
914 1181 1087 1248 undtiones
1100 1205 1141 1248 ne
1158 1184 1249 1262 sorte,
1261 1209 1327 1270 pro-

237 1303 311 1375 pter
335 1289 623 1371 interruptionem,
639 1285 773 1350 deficiat
796 1288 906 1351 unitas
931 1287 1065 1350 moralis
1089 1289 1121 1350 in
1145 1288 1208 1352 hoc
1231 1311 1325 1352 sacra-

238 1406 352 1460 mento
369 1393 535 1475 requisita.

280 1509 329 1576 25„
379 1509 412 1577 30
423 1495 478 1558 Ad
496 1496 630 1572 licitam,
644 1516 710 1558 non
728 1505 840 1558 autem
853 1495 998 1558 validam
1015 1497 1329 1560 administrationem
1368 1509 1369 1546 l

239 1602 337 1682 hujus
360 1599 558 1661 sacramenti
584 1599 766 1680 requiretur
776 1599 970 1680 sirnsdiflrb
992 1599 1172 1674 ordinaria,
1188 1601 1242 1662 vel
1259 1601 1331 1662 del-

235 1713 318 1787 gata
328 1725 342 1774 ,·
371 1721 449 1764 nam
473 1701 514 1763 ad
539 1703 709 1783 proprium
736 1712 903 1785 pastorem
926 1703 1070 1783 pertinet
1090 1722 1170 1765 oves
1191 1705 1331 1785 proprias
1368 1769 1369 1796 ¹

239 1825 383 1890 pascere.
432 1804 521 1866 Hinc
538 1805 588 1886 (a)
601 1816 754 1887 peccaret
769 1806 914 1888 graviter
929 1806 1092 1880 sacerdos,
1104 1807 1161 1886 qui
1178 1807 1249 1870 sine
1264 1827 1333 1869 con-

240 1931 338 1975 sensu
356 1908 474 1972 saltem
497 1919 703 1990 praesumpto
721 1910 876 1983 Pastoris,
893 1909 957 1972 Ex.
975 1905 1179 1973 Unctionem
1201 1909 1334 1973 admini-

240 2023 382 2092 straret;
414 2013 482 2074 imo
507 2011 690 2093 Regulares
713 2013 748 2094 (i,
771 2033 797 2076 e.
823 2012 983 2094 Religiosi
1006 2013 1139 2094 proprie
1161 2011 1242 2077 didti
1266 2025 1335 2076 uota

241 2117 403 2180 solemnia
420 2115 572 2191 edentes)
591 2116 636 2178 ita
652 2116 785 2195 agendo
801 2116 1184 2179 excommunicationem
1202 2117 1335 2178 incurre-

242 2228 315 2283 rent
339 2219 372 2282 S.
396 2216 548 2280 Pontifici
572 2218 767 2299 simpliciter
790 2227 1014 2294 reservatam;
1045 2219 1116 2280 haec
1140 2227 1253 2280 tamen
1277 2239 1335 2280 non

242 2321 418 2384 incurritur
433 2321 496 2383 nisi
519 2321 549 2382 in
574 2319 637 2382 illis
660 2319 740 2383 locis
757 2322 789 2383 in
807 2322 927 2403 quibus
943 2321 1067 2382 adsunt
1082 2339 1170 2382 verae
1191 2322 1337 2402 parceciae

241 2426 376 2505 verique
404 2423 549 2504 parochi,
573 2423 779 2505 proindeque
806 2444 872 2487 non
902 2425 934 2485 in
960 2423 1111 2488 Statibus
1136 2422 1336 2492 Foederatis;

243 2527 295 2608 (b)
312 2528 344 2588 in
363 2545 439 2587 casu
457 2527 671 2598 necessitatis,
690 2546 821 2608 semper
837 2527 1049 2608 praesumitur
1064 2533 1255 2604 consensus,
1268 2529 1335 2608 quia

243 2641 323 2693 tunc
340 2628 502 2710 parochus
520 2649 585 2692 non
603 2640 689 2693 esset
708 2630 948 2694 rationabiliter
964 2631 1095 2693 invitus,

551 2793 600 2851 11.
625 2794 680 2851 De
702 2791 838 2852 officiis
862 2795 1043 2853 ministri.

289 2947 339 3012 26.
391 2961 422 3010 10
441 2946 561 3026 Quoad
570 2956 809 3010 sacramentum
825 2947 937 3028 rjosurn.

290 3053 350 3134 (A)
365 3053 527 3124 Pastores‚
540 3059 597 3112 aut
613 3050 668 3112 alii
685 3069 797 3114 curam
811 3052 996 3114 animarum
1009 3051 1182 3128 habentes,
1195 3061 1335 3114 tenentur

246 3175 290 3216 ex
319 3152 438 3229 officio,
461 3154 524 3216 sub
550 3153 652 3235 gravi,
677 3156 862 3218 ministrare
887 3155 950 3217 Ex.
976 3152 1182 3219 Undtionem
1209 3154 1335 3217 subditis

247 3257 429 3340 periculose
442 3257 690 3337 aegrotantibus,
702 3275 844 3336 eamque
858 3255 1056 3337 petentibus,
1069 3255 1132 3317 nisi
1146 3265 1336 3318 excusentur

171 3377 175 3384 ’
247 3360 337 3442 gravi
356 3363 455 3421 causa
469 3383 476 3438 ;
504 3359 572 3421 imo
595 3360 621 3420 si
646 3361 898 3440 procrastinent,
915 3379 990 3421 cum
1015 3357 1180 3440 probabili
1206 3357 1335 3440 periculo

248 3482 308 3545 pro
332 3461 472 3536 infirmo,
497 3469 636 3542 peccant
660 3463 811 3542 grauiter.
863 3462 960 3524 Patet
983 3481 1026 3522 ex
1050 3457 1148 3524 dictis
1174 3461 1207 3522 in
1238 3461 1288 3522 Tr.
1308 3459 1336 3520 dr

251 3563 474 3628 Sacrarnentis
489 3563 523 3624 in
534 3584 650 3645 genere
665 3563 709 3644 (n.
731 3581 791 3641 104
806 3564 868 3644 sq.)

294 3666 361 3754 (B)
385 3670 557 3732 Tenentur
580 3669 691 3742 etiam,
712 3667 812 3748 juxta
837 3665 872 3730 S.
897 3665 1069 3748 Ligerim
1093 3665 1139 3747 (n.
1164 3668 1254 3744 729),
1275 3684 1334 3726 curn

249 3773 382 3854 proprio
399 3774 477 3834 vitae
494 3771 646 3853 periculo,
662 3771 725 3832 hoc
742 3779 986 3832 sacramentum
1009 3770 1199 3833 ministrare
1222 3767 1335 3831 infirmo

249 3877 306 3955 qui
322 3884 472 3936 versatur
488 3876 520 3936 in
539 3874 670 3936 mortali
694 3883 842 3954 peccat0,
859 3882 893 3935 et
914 3893 977 3935 usu
1001 3877 1158 3934 sensuu'm
1185 3873 1335 3953 privatur:

251 3985 331 4038 tunc
348 3976 436 4038 enim
454 3976 621 4038 absolutio
638 3977 719 4039 data
742 3985 892 4038 remanet
914 3975 1025 4051 dubia,
1042 3993 1145 4056 quum
1171 3975 1214 4036 ad
1239 3973 1335 4036 validi-

252 4085 355 4139 tatem
388 4097 466 4138 sacr.
498 4079 708 4141 Poenitentiae
740 4078 936 4159 requiratur,
961 4077 1061 4158 juxta
1091 4076 1334 4158 probabiliorem

253 4178 453 4259 opinionem,
480 4181 606 4242 attritio
639 4183 739 4244 modo
772 4181 919 4244 sensibili
949 4181 1187 4256 manifestata;
1226 4189 1336 4242 tenetur

258 4281 359 4360 igitur
372 4281 489 4342 Pastor
500 4281 597 4344 saluti
614 4282 712 4362 hujus
729 4285 921 4364 aegrotantis
935 4283 1107 4366 providere
1120 4281 1188 4346 alio
1200 4281 1336 4345 securiori
