2770 4652
231 124 299 175 ⁴88
437 123 494 174 DE
512 123 805 175 POENITENTIAE
824 125 1127 178 sncnnuuttw.

231 240 467 252 -ο--.--.-.

231 303 426 369 decreverint,
441 303 605 372 statuerint,
622 302 789 362 definierint
808 303 838 360 in
858 309 942 374 terri,
956 315 1043 364 erunt
1062 305 1092 364 in
1110 306 1188 366 coelo
1201 307 1319 376 decreta,

231 403 348 460 statuta,
362 390 486 450 delinita
498 391 528 474 iu
542 390 638 461 coelo;
657 392 780 450 taudem
797 393 931 451 extensio
950 392 1039 464 hujus
1058 394 1211 465 potestatis
1228 395 1318 467 colligi

232 488 330 626 ξοὲεεὶ
343 479 488 598 exlverbis
502 479 658 551 parallelis
675 479 756 552 apud
770 479 799 537 S.
814 480 970 552 Joannem,
987 498 1054 553 quae
1071 482 1133 554 jam
1152 484 1319 556 exponenda

252 587 269 625 a
293 585 377 626 emus
395 611 401 622 .

277 689 323 752 18.
370 688 431 770 (B)
442 689 552 772 Quam
567 691 763 772 promiserat
774 702 975 775 potestatem
990 692 1143 758 Christus
1156 694 1319 777 Apostolis

232 795 396 872 contulit;
419 793 582 875 siquidem
600 815 619 856 a
637 796 775 857 mortuis
792 796 966 872 redivivus,
982 797 1076 860 stetit
1089 798 1132 867 in
1157 799 1263 862 medio
1276 801 1319 861 di·

233 898 433 980 scipulorum
457 905 491 958 et
515 897 602 960 dixit
626 898 672 959 eis
685 909 720 960 ²:
747 899 850 960 “Pax
872 899 965 961 vobis
978 949 984 960 .
997 949 1003 962 .
1017 948 1043 962 ..
1060 899 1147 964 sicut
1169 902 1257 964 misit
1274 922 1320 964 me

234 1003 340 1078 Pater,
356 1011 390 1064 et
412 1021 476 1082 ego
497 1000 589 1062 mitto
604 1021 670 1062 vos.
719 1001 802 1064 Haec
826 1021 900 1064 cum
924 1001 1076 1078 dixisset,
1093 1003 1273 1088 insufflavit
1291 1017 1319 1066 et

232 1107 320 1169 dixit
341 1105 413 1167 eis:
440 1104 583 1184 Accipite
599 1103 764 1185 Spiritum
783 1106 930 1167 santium
948 1129 960 1168 .·
986 1125 1122 1186 quorum
1144 1109 1319 1170 remiseritis

229 1218 356 1292 peccata
394 1207 607 1270 remittuntur
642 1207 695 1283 eis,
732 1217 763 1270 et
798 1229 934 1289 quonum
973 1209 1176 1273 retinueritis
1211 1220 1319 1273 retenta

231 1313 344 1377 sunt''.

279 1415 383 1496 Atqui
401 1422 557 1496 potestas,
569 1414 611 1476 de
627 1416 693 1494 qud
708 1414 761 1476 hic
778 1415 896 1497 agitur,
912 1434 979 1477 non
996 1424 1054 1489 cst,
1067 1426 1106 1479 ut
1120 1415 1237 1479 volunt
1253 1417 1320 1478 Pro·

233 1527 395 1582 testantes
419 1537 509 1580 mera
533 1517 671 1582 facultas
695 1519 898 1600 praedicandi
923 1519 1151 1583 remissionem
1180 1529 1321 1602 peccato-

233 1641 317 1696 rum,
333 1621 383 1683 vel
400 1620 590 1684 declarandi
615 1631 752 1702 peccata
767 1623 1008 1704 poenitentibus
1024 1643 1096 1686 esse
1113 1624 1257 1700 remissa,
1272 1625 1322 1686 sed

234 1733 382 1806 potestas
405 1743 481 1785 vere
505 1724 694 1787 remittendi
719 1735 864 1807 peccata,
881 1735 918 1788 ut
941 1724 1108 1807 colligitur
1130 1726 1181 1806 (a)
1197 1745 1241 1788 ex
1263 1747 1322 1788 con-

233 1837 321 1892 textu
336 1851 349 1898 ,·
373 1847 449 1889 nam
468 1826 619 1891 Christus
635 1828 682 1889 sic
698 1828 893 1892 exorditur:
915 1828 999 1890 sicut
1014 1829 1106 1892 misit
1121 1851 1171 1892 me
1182 1831 1289 1908 Pater,
1300 1840 1325 1891 et

233 1953 288 2013 ego
304 1932 397 1994 mitto
413 1951 489 2002 vos;
512 1931 634 2011 quibus
650 1931 758 1993 verbis
774 1931 962 1993 declaratur
978 1933 1169 1995 missionem
1189 1933 1322 2015 Aposto·

234 2037 275 2099 lis
297 2035 444 2100 dandam
468 2034 610 2096 similem
634 2054 706 2096 esse
730 2035 877 2097 missioni
901 2054 1001 2116 quam
1019 2034 1171 2099 Christus
1195 2057 1215 2098 a
1239 2037 1322 2099 Patre

235 2141 387 2220 accepit;
412 2139 563 2219 jamvero
579 2137 730 2202 Christus
752 2157 818 2200 non
841 2138 948 2200 solum
968 2139 1207 2219 praedicaverat
1224 2140 1322 2202 remis·

237 2244 365 2306 sionem
384 2252 605 2324 peccatorum,
617 2241 674 2304 sed
691 2261 731 2304 ea
742 2261 819 2304 vere
831 2241 1011 2314 dimiserat,
1024 2243 1091 2304 imo
1104 2243 1146 2305 ad
1164 2242 1227 2305 hoc
1239 2263 1322 2304 vene·
1360 2261 1361 2291 t

237 2357 287 2410 rat
304 2348 337 2409 in
355 2347 517 2410 mundum
535 2356 571 2408 ut
587 2365 626 2407 ea
639 2365 715 2408 vere
730 2347 914 2408 destrueret
925 2357 959 2423 3;
982 2365 1062 2428 ergo
1076 2345 1232 2427 Apostoli
1247 2365 1321 2408 rece·
1359 2339 1360 2369 ¹

237 2459 357 2532 perunt
373 2457 574 2530 potestatem
591 2470 667 2512 vere
683 2460 820 2532 peccata
837 2451 1035 2512 remittendi.
1048 2487 1092 2496 -
1105 2450 1226 2512 Postea
1242 2449 1320 2513 Chri·
1357 2431 1359 2522 r*

237 2563 317 2628 stus
334 2552 480 2614 sensibili
498 2553 593 2633 signo
609 2553 850 2636 r'nsrtfflationis,
868 2543 1041 2635 Apostolis
1057 2554 1245 2634 impertitur
1260 2553 1320 2633 Spi-
1356 2585 1357 2599 r

237 2657 337 2720 ritum
361 2652 523 2731 muitum,
541 2666 576 2718 ut
600 2659 646 2719 sic
670 2658 824 2720 omnibus
841 2656 1054 2720 manifestum
1071 2657 1114 2718 sit
1133 2663 1318 2738 potestatem
1355 2669 1356 2677 ¹

238 2761 318 2841 ipsis
335 2760 568 2823 conferendam
583 2780 654 2822 esse
671 2761 878 2842 privilegium
893 2781 1011 2830 neurim
1022 2771 1056 2823 et
1067 2759 1235 2842 singulare
1245 2757 1318 2841 quod
1353 2749 1355 2831 ᾗ

238 2863 369 2928 nonnisi
395 2863 521 2946 Spiritu
539 2863 571 2928 S.
588 2864 768 2944 adjuvante
791 2883 945 2926 exercere
968 2872 1132 2946 possunt:
1160 2883 1256 2945 porro
1274 2881 1318 2922 an·
1352 2889 1353 2909 t

238 2969 391 3046 nuntiare
408 2967 635 3031 remissionem
653 2977 864 3049 peccatorum
882 2987 947 3030 non
966 2976 1015 3030 est
1032 2966 1240 3049 privilegium
1262 2979 1315 3030 tatu

238 3091 361 3133 novum
375 3081 408 3133 et
424 3070 599 3152 singulare,
609 3091 711 3152 quum
728 3071 902 3152 Prophetae
916 3071 947 3132 id
962 3068 1185 3150 praestiterint‚
1196 3079 1228 3132 et
1239 3067 1316 3149 quili·
1349 3097 1350 3138 r

629 3199 1307 3211 ‚u-—ffl
1348 3163 1349 3217 l

273 3279 282 3310 ¹
297 3278 423 3332 Similem
441 3278 634 3332 difficultatem
650 3278 709 3346 jam
729 3277 920 3330 confutaverat
934 3273 1074 3326 Ricardres
1086 3289 1104 3325 a
1118 3273 1149 3326 S.
1172 3269 1314 3334 Viliorclde
1347 3241 1348 3295 l

238 3373 340 3431 potest.
357 3361 462 3430 ligandi
477 3372 560 3431 atque
573 3362 640 3414 solv.
658 3379 682 3414 c.
701 3361 744 3426 12)
761 3380 767 3414 :
790 3359 919 3414 “Exstat
935 3359 1122 3430 quorumdam
1141 3359 1178 3413 de
1198 3367 1314 3428 potestate

239 3451 343 3519 ligandi
357 3461 442 3519 atque
456 3447 582 3503 solvendi
596 3447 736 3503 sententia
750 3459 808 3502 tam
821 3449 919 3503 frivola
933 3458 962 3502 ut
976 3447 1094 3501 ridenda
1106 3447 1200 3516 potius
1210 3447 1314 3499 videatur

239 3553 323 3606 quam
343 3535 503 3590 refellenda
543 3535 646 3588 Putant
660 3535 777 3590 enimet
796 3535 961 3604 praedicant,
974 3533 1137 3588 sacerdotes
1157 3549 1213 3587 non
1232 3533 1313 3584 habere

238 3632 408 3692 potestatem
422 3621 527 3690 ligandi
542 3631 627 3692 atque
640 3624 775 3692 solvendi,
790 3621 840 3678 sed
857 3619 1026 3676 ostendendi
1046 3619 1175 3674 homines
1188 3635 1247 3674 esse
1258 3617 1313 3671 solu·

238 3721 282 3766 tos
297 3712 355 3765 sive
369 3711 477 3778 ligatos.
516 3710 573 3764 Sed
591 3710 727 3778 numquid
743 3709 883 3764 Dominus
897 3709 964 3764 dicit
982 3727 988 3762 :
1007 3708 1204 3778 quodcumque
1220 3707 1312 3776 ligarunt

238 3797 390 3850 ostendens
409 3797 461 3851 erit
479 3797 604 3866 ligatum,
621 3807 649 3852 et
668 3797 865 3867 quodcumque
884 3797 1004 3850 solutum
1024 3796 1176 3850 ostenderis
1194 3796 1241 3848 erit
1257 3793 1311 3847 solu·

239 3885 318 3940 tum?
356 3886 463 3938 Dicunt
476 3885 646 3954 apostolicos
659 3887 733 3938 viros
746 3895 865 3954 peccata
878 3883 1037 3938 remittendi
1052 3883 1094 3937 vel
1108 3883 1242 3937 retinendi
1254 3891 1310 3951 pote·

240 3980 342 4025 statem
356 3987 412 4024 non
425 3972 538 4036 habere,
549 3988 611 4024 cum
624 3973 764 4026 Dominus
777 3973 831 4026 hoc
844 3972 927 4026 dicat.
968 3971 1072 4025 Dicunt
1082 3985 1131 4024 eos
1142 3967 1311 4025 tantummodo

239 4057 345 4112 habere
356 4066 524 4125 potestatem
537 4067 685 4128 utrumque
693 4059 861 4126 ostendendi,
870 4076 934 4114 cum
945 4057 1083 4112 Dominus
1096 4057 1151 4112 hoc
1162 4075 1216 4111 non
1227 4055 1308 4110 dicat*¹

275 4141 285 4172 ²
305 4143 370 4211 soa.
398 4144 462 4208 XX,
488 4158 576 4210 ²1·²3·
605 4175 638 4183 -
664 4147 772 4200 ³Matt.
802 4149 851 4214 IX,
878 4147 935 4212 2-8;
967 4149 1034 4200 Luc.
1062 4146 1097 4211 V,
1122 4162 1168 4210 ao;
1200 4147 1258 4208 Vll,
1278 4155 1310 4206 473

242 4230 327 4298 Apoc.
344 4231 365 4295 l,
380 4244 404 4298 5.
