2738 4646
249 175 316 232 262
695 175 835 228 CAPUT
852 173 901 224 tv,

248 269 1320 302 Μ,-

248 353 281 418 S.
293 356 443 422 Thomas
456 355 727 430 Cantuariensis;
750 361 808 416 aut
824 352 868 414 ob
885 349 1030 431 sigillum
1047 337 1320 410 sacramentalem

249 456 281 521 S.
298 459 446 540 Joannes
463 458 746 540 Nepomucenus3
768 455 820 519 vel
844 463 981 536 propter
1000 449 1187 512 castitatem
1208 455 1320 504 servan-

247 560 335 633 dam,
351 568 388 622 ut
412 558 526 622 multae
542 559 709 639 virgines;
735 556 787 619 vel
811 557 855 619 ob
878 556 978 618 aliam
1001 554 1158 615 virtutem
1175 545 1320 610 aChristo

247 661 483 743 praescriptam.
529 659 575 741 (c)
594 660 765 723 patienter
779 661 919 724 tolerata
933 683 940 736 ;
964 661 1053 722 unde
1070 665 1193 736 martyr
1205 671 1261 714 non
1272 649 1321 709 de·

247 763 302 826 bet
326 765 357 825 vi
382 764 541 840 resistere,
557 765 614 826 sed
632 763 815 828 voluntarie
836 764 940 827 vitam
964 780 1058 824 suam
1083 761 1183 832 dare;
1204 751 1322 836 proinde

246 866 302 946 qui
326 866 496 929 dormiens
519 867 552 929 in
570 865 692 930 Christi
716 867 830 930 odium
852 867 1065 940 occideretur,
1083 881 1151 926 non
1168 867 1248 922 esset
1259 873 1321 916 vere

246 978 381 1049 martyr,
397 969 459 1030 nisi
483 979 582 1032 antea
606 971 799 1050 martyrium
817 991 860 1032 ex
877 966 1119 1051 supernaturali
1143 962 1262 1026 motivo
1274 978 1322 1019 ex·

245 1077 402 1153 optasset.

291 1174 338 1238 Ut
357 1175 551 1256 martyrium
569 1175 702 1238 adultos
723 1174 905 1255 justificare
928 1175 1042 1256 possit,
1058 1173 1213 1254 quaedam
1230 1169 1321 1248 dispo

244 1276 381 1340 sitiones
406 1278 544 1340 internae
568 1278 804 1358 requiruntur:
835 1277 886 1359 (a)
903 1273 1173 1358 Supernaturalis
1196 1269 1324 1338 aurion·

246 1379 354 1443 nullus
371 1381 460 1443 enim
478 1380 613 1442 adultus
627 1379 799 1460 justificari
817 1391 938 1462 potest,
955 1381 1016 1442 nisi
1033 1400 1052 1442 a
1068 1389 1207 1460 peccato
1223 1376 1323 1438 saltem

244 1502 303 1563 per
315 1483 521 1546 attritionem
535 1503 571 1544 se
583 1492 711 1546 avertat
725 1507 732 1563 ;
755 1483 826 1546 haec
842 1494 954 1556 autem
967 1482 1143 1565 dispositio
1156 1483 1214 1543 vix
1227 1479 1323 1542 abesse

244 1594 355 1665 potest
383 1586 415 1646 in
440 1605 480 1647 eo
503 1586 559 1665 qui
588 1606 648 1666 pro
672 1587 747 1648 Deo
771 1586 873 1648 vitam
902 1583 1012 1646 tradit.
1071 1582 1223 1662 Insuper,
1241 1579 1324 1659 juxta

244 1687 420 1767 quosdam,
443 1689 619 1768 requiritur
647 1687 793 1771 perfecta
821 1686 1000 1762 contritio;
1034 1685 1092 1748 sed
1125 1685 1200 1747 talis
1228 1681 1323 1763 opinio

244 1791 466 1852 communiter
481 1791 634 1869 rejicitur,
650 1793 729 1872 quia
745 1792 791 1852 sic
808 1790 898 1853 nulla
915 1797 1003 1850 esset
1019 1787 1172 1868 specialis
1189 1788 1284 1848 virtus
1297 1783 1322 1842 in

245 1893 414 1973 martyrio,
426 1903 460 1955 et
477 1893 557 1956 illud
575 1895 722 1956 medium
736 1913 811 1956 cum
830 1893 937 1974 primo
953 1891 1212 1954 confunderetur
1222 1912 1229 1967 ;
1250 1884 1323 1970 quod

244 2003 294 2056 est
306 2004 422 2057 contra
435 1995 572 2058 modum
586 1996 743 2076 loquendi
758 1996 900 2076 Script1
917 2004 951 2057 et
965 1995 1109 2056 Petrum.
1157 1993 1208 2074 (b)
1227 1991 1324 2056 Votum

244 2097 362 2160 saltem
381 2098 579 2179 implicitum
598 2099 786 2180 Baptismi;
809 2101 899 2161 unde
915 2099 942 2159 si
959 2098 1033 2178 quis
1049 2107 1128 2159 ante
1145 2096 1322 2176 martyrium
1359 2181 1360 2184 Ἴ

243 2200 405 2281 baptizari
423 2211 546 2282 posset,
562 2201 699 2264 deberet
715 2201 778 2264 hoc
795 2211 1040 2265 sacramentum
1058 2200 1212 2282 recipere.

285 2353 334 2416 43.
382 2336 442 2417 (B)
458 2337 543 2418 Ejus
563 2337 724 2418 ffcacin:
753 2337 959 2416 ⁴Martyrium
977 2336 1145 2417 Baptismi
1165 2337 1247 2399 vices
1266 2343 1323 2413 snp-

237 2439 312 2520 plet,
328 2439 437 2517 quoad
449 2439 667 2502 remeksionem
683 2441 782 2520 culpce
803 2449 834 2501 et
848 2451 958 2520 poenoe,
975 2449 1043 2501 tum
1066 2440 1100 2501 in
1122 2441 1323 2511 adallindem

242 2541 277 2602 in
287 2541 448 2621 perutilis.
497 2542 632 2605 Certum
650 2551 708 2604 est.

285 2665 380 2728 Proh.
400 2666 518 2747 Scnpt.
536 2691 547 2729 :
572 2668 723 2731 Christus
747 2669 835 2730 enim
859 2668 1011 2729 absolute
1035 2669 1188 2748 promisit
1204 2670 1322 2731 salutem
1358 2638 1359 2663 ¹

243 2768 306 2829 illis
320 2769 475 2830 omnibus
486 2770 542 2850 qui
557 2791 677 2832 nomen
689 2769 759 2850 ejus
772 2769 1008 2832 confiterentur
1018 2791 1128 2834 coram
1140 2771 1324 2840 hominibus

242 2882 300 2932 aut
312 2871 368 2951 qui
383 2871 529 2933 animam
543 2893 637 2934 suam
652 2882 787 2954 propter
799 2873 1018 2954 Evangeliurn
1032 2876 1229 2954 perderent:
1250 2871 1323 2956 “Qui

242 2971 422 3052 perdiderit
454 2974 600 3035 animam
633 2995 727 3036 suam
760 2985 896 3056 propter
923 2995 985 3050 me,
1012 2977 1160 3040 inveniet
1187 2978 1323 3048 eam”²;
1357 2981 1358 3030 i

242 3073 392 3137 “Omnis
415 3076 471 3155 qui
495 3075 706 3138 confitebitur
730 3097 783 3142 me
806 3097 917 3139 coram
942 3077 1142 3154 hominibus,
1157 3079 1324 3143 confitebor

242 3188 275 3239 et
291 3197 354 3257 ego
370 3197 444 3238 eum
464 3198 575 3239 coram
590 3179 686 3240 Patre
704 3197 779 3240 mco
795 3179 851 3258 qui
869 3180 901 3238 in
918 3179 1011 3241 coelis
1027 3188 1079 3241 est
1090 3179 1150 3258 '’3;
1175 3183 1262 3262 atqui
1278 3179 1323 3240 ilia

242 3281 341 3341 verba
365 3278 517 3358 spectant
541 3281 612 3341 sine
635 3280 739 3342 dubio
762 3279 894 3342 adultos
918 3282 974 3362 qui
999 3281 1100 3343 libere
1124 3303 1218 3346 suam
1235 3285 1322 3344 vitam
1356 3305 1357 3312 ¹

241 3403 300 3464 pro
318 3381 452 3444 Christo
469 3384 613 3456 tradunt,
630 3394 663 3444 et
687 3384 787 3444 etiarn
812 3384 967 3462 paruulos
990 3387 1046 3464 qui
1072 3386 1103 3446 in
1129 3386 1201 3466 ejus
1223 3385 1322 3448 odium
1356 3351 1357 3397 ¹

241 3487 461 3548 occiduntur:
491 3486 536 3546 illi
561 3489 649 3548 enim
674 3508 740 3549 non
767 3488 933 3567 loquendo
950 3490 1007 3550 sed
1033 3492 1207 3554 moriendo
1230 3492 1322 3571 ipsum

241 3588 449 3662 confitentur,
466 3599 499 3649 et
520 3589 654 3668 insuper
670 3610 745 3650 vere
761 3591 907 3651 animam
925 3611 1017 3652 suam
1041 3592 1185 3672 perdunt
1205 3601 1323 3673 propter

241 3691 408 3754 Christum
426 3703 459 3753 et
478 3691 722 3772 Evangelium;
746 3712 832 3773 ergo,
1355 3729 1356 3763 r

276 3935 282 3956 ¹
293 3919 421 3972 Christus
431 3919 506 3971 enim
515 3917 669 3985 discipulos
679 3919 716 3971 ad
725 3919 890 3986 martyrium
900 3919 1002 3974 excitat
1011 3923 1183 3992 quandoque
1191 3941 1222 3976 ex
1232 3921 1320 3974 motivo
1354 3969 1355 3978 ,

240 4005 347 4058 timoris
363 4025 368 4057 ε
389 4006 509 4058 “Nolite
524 4007 622 4058 timere
633 4023 681 4057 eos
693 4007 738 4073 qui
753 4007 884 4059 occidunt
898 4024 1030 4076 corpus...
1046 4010 1096 4062 sed
1110 4010 1203 4077 potius
1213 4025 1270 4063 eum
1283 4001 1320 4072 qui

241 4103 331 4160 potest
346 4103 373 4144 et
386 4091 511 4143 animam
524 4103 551 4144 et
565 4108 666 4160 corpus
681 4092 797 4160 perdere
813 4093 838 4144 in
853 4093 1031 4159 gehennam”
1045 4097 1142 4160 (ridell.
1154 4098 1188 4162 X,
1199 4095 1250 4160 28>;
1266 4106 1321 4156 ergo

241 4177 376 4228 motivum
391 4177 498 4228 timoris
513 4177 611 4229 sufficit
626 4179 660 4229 nd
675 4179 845 4245 martyrium.
1353 4175 1354 4194 ¹

277 4263 383 4314 'Man¹
399 4263 433 4322 X,
446 4275 487 4328 39.
502 4291 529 4300 -
544 4261 650 4316 ³.1lnu.
666 4264 701 4326 X,
713 4281 754 4333 32.
