<?xml version="1.0" encoding="UTF-8"?>
<!DOCTYPE html PUBLIC "-//W3C//DTD XHTML 1.0 Transitional//EN"
    "http://www.w3.org/TR/xhtml1/DTD/xhtml1-transitional.dtd">
<html xmlns="http://www.w3.org/1999/xhtml" xml:lang="en" lang="en">
 <head>
  <title>
</title>
<meta http-equiv="Content-Type" content="text/html;charset=utf-8" />
  <meta name='ocr-system' content='tesseract 3.04.00' />
  <meta name='ocr-capabilities' content='ocr_page ocr_carea ocr_par ocr_line ocrx_word'/>
</head>
<body>
  <div class='ocr_page' id='page_1' title='image "./synopsistheolog01tanqgoog_0280.png"; bbox 0 0 2738 4646; ppageno 0'>
   <div class='ocr_carea' id='block_1_1' title="bbox 312 139 1114 220">
    <p class='ocr_par' dir='ltr' id='par_1_1' title="bbox 312 139 1114 220">
     <span class='ocr_line' id='line_1_1' title="bbox 312 139 1114 220; baseline -0.004 -1"><span class='ocrx_word' id='word_1_1' title='bbox 312 169 368 219; x_wconf 79' lang='lat' dir='ltr'>nn</span> <span class='ocrx_word' id='word_1_2' title='bbox 387 169 596 220; x_wconf 77' lang='lat' dir='ltr'>sunrncro</span> <span class='ocrx_word' id='word_1_3' title='bbox 615 139 826 218; x_wconf 68' lang='lat' dir='ltr'>numism.</span> <span class='ocrx_word' id='word_1_4' title='bbox 1049 164 1114 216; x_wconf 79' lang='lat'>20⁵</span> 
     </span>
    </p>
   </div>
   <div class='ocr_carea' id='block_1_2' title="bbox 9 347 1118 1152">
    <p class='ocr_par' dir='ltr' id='par_1_2' title="bbox 9 347 1118 1152">
     <span class='ocr_line' id='line_1_2' title="bbox 9 347 1118 431; baseline -0.006 -16"><span class='ocrx_word' id='word_1_5' title='bbox 9 347 57 428; x_wconf 67' lang='lat' dir='ltr'>sb)</span> <span class='ocrx_word' id='word_1_6' title='bbox 79 348 311 413; x_wconf 85' lang='lat' dir='ltr'>Confirmatur</span> <span class='ocrx_word' id='word_1_7' title='bbox 326 370 369 412; x_wconf 91' lang='lat' dir='ltr'>ex</span> <span class='ocrx_word' id='word_1_8' title='bbox 386 351 531 431; x_wconf 90' lang='lat' dir='ltr'>eoquod</span> <span class='ocrx_word' id='word_1_9' title='bbox 551 350 743 430; x_wconf 88' lang='lat' dir='ltr'>Baptismus</span> <span class='ocrx_word' id='word_1_10' title='bbox 759 347 955 410; x_wconf 86' lang='lat' dir='ltr'>christianus</span> <span class='ocrx_word' id='word_1_11' title='bbox 971 347 1015 408; x_wconf 92' lang='lat' dir='ltr'>sit</span> <span class='ocrx_word' id='word_1_12' title='bbox 1029 365 1118 409; x_wconf 89' lang='lat' dir='ltr'>com-</span> 
     </span>
     <span class='ocr_line' id='line_1_3' title="bbox 9 448 1118 534; baseline -0.004 -22"><span class='ocrx_word' id='word_1_13' title='bbox 9 452 116 532; x_wconf 86' lang='lat' dir='ltr'>pletio</span> <span class='ocrx_word' id='word_1_14' title='bbox 133 462 168 516; x_wconf 92' lang='lat' dir='ltr'>et</span> <span class='ocrx_word' id='word_1_15' title='bbox 184 451 345 534; x_wconf 69' lang='lat' dir='ltr'>perfectio</span> <span class='ocrx_word' id='word_1_16' title='bbox 360 454 634 530; x_wconf 91' lang='lat' dir='ltr'>circumcisionis;</span> <span class='ocrx_word' id='word_1_17' title='bbox 650 453 742 534; x_wconf 90' lang='lat' dir='ltr'>atqui</span> <span class='ocrx_word' id='word_1_18' title='bbox 755 450 960 514; x_wconf 85' lang='lat' dir='ltr'>circumcisio</span> <span class='ocrx_word' id='word_1_19' title='bbox 972 448 1034 511; x_wconf 91' lang='lat' dir='ltr'>sub</span> <span class='ocrx_word' id='word_1_20' title='bbox 1048 448 1118 509; x_wconf 87' lang='lat' dir='ltr'>An·</span> 
     </span>
     <span class='ocr_line' id='line_1_4' title="bbox 9 551 1117 638; baseline -0.004 -21"><span class='ocrx_word' id='word_1_21' title='bbox 9 558 107 636; x_wconf 74' lang='lat' dir='ltr'>u&#39;qua</span> <span class='ocrx_word' id='word_1_22' title='bbox 124 556 199 638; x_wconf 86' lang='lat' dir='ltr'>lege</span> <span class='ocrx_word' id='word_1_23' title='bbox 215 557 398 620; x_wconf 78' lang='lat' dir='ltr'>infantibus</span> <span class='ocrx_word' id='word_1_24' title='bbox 422 556 674 632; x_wconf 86' lang='lat' dir='ltr'>conserebatur;</span> <span class='ocrx_word' id='word_1_25' title='bbox 697 573 740 616; x_wconf 86' lang='lat' dir='ltr'>ex</span> <span class='ocrx_word' id='word_1_26' title='bbox 765 554 861 636; x_wconf 88' lang='lat' dir='ltr'>praxi</span> <span class='ocrx_word' id='word_1_27' title='bbox 877 551 1117 634; x_wconf 85' lang='lat' dir='ltr'>Apostolorum</span> 
     </span>
     <span class='ocr_line' id='line_1_5' title="bbox 9 657 1118 743; baseline -0.002 -23"><span class='ocrx_word' id='word_1_28' title='bbox 9 660 65 740; x_wconf 76' lang='lat' dir='ltr'>qui</span> <span class='ocrx_word' id='word_1_29' title='bbox 82 659 304 742; x_wconf 81' lang='lat' dir='ltr'>baptizabant</span> <span class='ocrx_word' id='word_1_30' title='bbox 317 680 405 743; x_wconf 85' lang='lat' dir='ltr'>saepe</span> <span class='ocrx_word' id='word_1_31' title='bbox 417 661 539 741; x_wconf 83' lang='lat' dir='ltr'>saepius</span> <span class='ocrx_word' id='word_1_32' title='bbox 552 680 808 722; x_wconf 89' lang='lat' dir='ltr'>neo-conversos</span> <span class='ocrx_word' id='word_1_33' title='bbox 820 679 896 723; x_wconf 92' lang='lat' dir='ltr'>cum</span> <span class='ocrx_word' id='word_1_34' title='bbox 909 658 1001 721; x_wconf 90' lang='lat' dir='ltr'>omni</span> <span class='ocrx_word' id='word_1_35' title='bbox 1016 657 1118 720; x_wconf 91' lang='lat' dir='ltr'>domo</span> 
     </span>
     <span class='ocr_line' id='line_1_6' title="bbox 9 762 1118 847; baseline -0.002 -23"><span class='ocrx_word' id='word_1_36' title='bbox 9 781 66 824; x_wconf 80' lang='lat' dir='ltr'>seu</span> <span class='ocrx_word' id='word_1_37' title='bbox 81 763 211 826; x_wconf 76' lang='lat' dir='ltr'>familia</span> <span class='ocrx_word' id='word_1_38' title='bbox 218 783 332 826; x_wconf 88' lang='lat' dir='ltr'>eorum</span> <span class='ocrx_word' id='word_1_39' title='bbox 342 788 348 826; x_wconf 96' lang='lat'><strong>:</strong></span> <span class='ocrx_word' id='word_1_40' title='bbox 358 763 552 847; x_wconf 88' lang='lat' dir='ltr'>“Baptizavi</span> <span class='ocrx_word' id='word_1_41' title='bbox 564 773 677 826; x_wconf 88' lang='lat' dir='ltr'>autern</span> <span class='ocrx_word' id='word_1_42' title='bbox 688 773 721 826; x_wconf 91' lang='lat' dir='ltr'>et</span> <span class='ocrx_word' id='word_1_43' title='bbox 734 763 917 843; x_wconf 69' lang='lat' dir='ltr'>Stephanae</span> <span class='ocrx_word' id='word_1_44' title='bbox 927 763 1065 824; x_wconf 90' lang='lat' dir='ltr'>domum</span> <span class='ocrx_word' id='word_1_45' title='bbox 1074 762 1118 836; x_wconf 89' lang='lat'><strong>&#39;’¹;</strong></span> 
     </span>
     <span class='ocr_line' id='line_1_7' title="bbox 9 864 1118 947; baseline -0.001 -21"><span class='ocrx_word' id='word_1_46' title='bbox 9 867 23 894; x_wconf 71' lang='lat'>²</span> <span class='ocrx_word' id='word_1_47' title='bbox 36 864 242 946; x_wconf 90' lang='lat' dir='ltr'>Baptizatus</span> <span class='ocrx_word' id='word_1_48' title='bbox 254 875 303 929; x_wconf 89' lang='lat' dir='ltr'>est</span> <span class='ocrx_word' id='word_1_49' title='bbox 317 866 387 947; x_wconf 92' lang='lat' dir='ltr'>ipse</span> <span class='ocrx_word' id='word_1_50' title='bbox 398 875 432 929; x_wconf 93' lang='lat' dir='ltr'>et</span> <span class='ocrx_word' id='word_1_51' title='bbox 444 865 550 927; x_wconf 91' lang='lat' dir='ltr'>omnis</span> <span class='ocrx_word' id='word_1_52' title='bbox 562 864 683 928; x_wconf 90' lang='lat' dir='ltr'>domus</span> <span class='ocrx_word' id='word_1_53' title='bbox 695 865 766 945; x_wconf 90' lang='lat' dir='ltr'>ejus</span> <span class='ocrx_word' id='word_1_54' title='bbox 776 865 936 927; x_wconf 89' lang='lat' dir='ltr'>continuo</span> <span class='ocrx_word' id='word_1_55' title='bbox 946 865 960 888; x_wconf 88' lang='lat'>’¹</span> <span class='ocrx_word' id='word_1_56' title='bbox 974 875 988 906; x_wconf 83' lang='lat'>²</span> <span class='ocrx_word' id='word_1_57' title='bbox 1003 885 1010 938; x_wconf 94' lang='lat'>;</span> <span class='ocrx_word' id='word_1_58' title='bbox 1026 867 1118 944; x_wconf 92' lang='lat' dir='ltr'>atqui</span> 
     </span>
     <span class='ocr_line' id='line_1_8' title="bbox 9 966 1118 1048; baseline 0 -21"><span class='ocrx_word' id='word_1_59' title='bbox 9 969 154 1029; x_wconf 91' lang='lat' dir='ltr'>omnino</span> <span class='ocrx_word' id='word_1_60' title='bbox 170 967 342 1048; x_wconf 89' lang='lat' dir='ltr'>probabile</span> <span class='ocrx_word' id='word_1_61' title='bbox 357 979 408 1031; x_wconf 89' lang='lat' dir='ltr'>est</span> <span class='ocrx_word' id='word_1_62' title='bbox 424 969 455 1030; x_wconf 90' lang='lat' dir='ltr'>in</span> <span class='ocrx_word' id='word_1_63' title='bbox 473 968 563 1030; x_wconf 88' lang='lat' dir='ltr'>hisce</span> <span class='ocrx_word' id='word_1_64' title='bbox 580 966 713 1029; x_wconf 84' lang='lat' dir='ltr'>familiis</span> <span class='ocrx_word' id='word_1_65' title='bbox 730 967 830 1030; x_wconf 89' lang='lat' dir='ltr'>luisse</span> <span class='ocrx_word' id='word_1_66' title='bbox 853 966 1016 1047; x_wconf 90' lang='lat' dir='ltr'>quosdam</span> <span class='ocrx_word' id='word_1_67' title='bbox 1040 985 1118 1046; x_wconf 91' lang='lat' dir='ltr'>pue-</span> 
     </span>
     <span class='ocr_line' id='line_1_9' title="bbox 9 1067 720 1152; baseline 0.003 -24"><span class='ocrx_word' id='word_1_68' title='bbox 9 1067 113 1144; x_wconf 63' lang='lat' dir='ltr'>rulos</span> <span class='ocrx_word' id='word_1_69' title='bbox 131 1069 189 1149; x_wconf 92' lang='lat' dir='ltr'>qui</span> <span class='ocrx_word' id='word_1_70' title='bbox 206 1079 240 1132; x_wconf 93' lang='lat' dir='ltr'>et</span> <span class='ocrx_word' id='word_1_71' title='bbox 257 1071 319 1151; x_wconf 93' lang='lat' dir='ltr'>ipsi</span> <span class='ocrx_word' id='word_1_72' title='bbox 336 1071 495 1152; x_wconf 89' lang='lat' dir='ltr'>baptizati</span> <span class='ocrx_word' id='word_1_73' title='bbox 513 1079 610 1146; x_wconf 91' lang='lat' dir='ltr'>sunt;</span> <span class='ocrx_word' id='word_1_74' title='bbox 633 1087 720 1148; x_wconf 84' lang='lat' dir='ltr'>ergo</span> 
     </span>
    </p>
   </div>
   <div class='ocr_carea' id='block_1_3' title="bbox 10 1194 1122 3525">
    <p class='ocr_par' dir='ltr' id='par_1_3' title="bbox 10 1194 1122 3525">
     <span class='ocr_line' id='line_1_10' title="bbox 56 1194 1120 1282; baseline -0.004 -22"><span class='ocrx_word' id='word_1_75' title='bbox 56 1194 127 1282; x_wconf 79' lang='lat' dir='ltr'>(B)</span> <span class='ocrx_word' id='word_1_76' title='bbox 161 1197 285 1260; x_wconf 84' lang='lat' dir='ltr'><em>Tradit.</em></span> <span class='ocrx_word' id='word_1_77' title='bbox 306 1197 356 1280; x_wconf 83' lang='lat' dir='ltr'>(a)</span> <span class='ocrx_word' id='word_1_78' title='bbox 381 1199 434 1260; x_wconf 85' lang='lat' dir='ltr'>Ex</span> <span class='ocrx_word' id='word_1_79' title='bbox 453 1199 557 1278; x_wconf 79' lang='lat' dir='ltr'>praxi</span> <span class='ocrx_word' id='word_1_80' title='bbox 578 1196 758 1270; x_wconf 82' lang='lat' dir='ltr'>Ecclesiae;</span> <span class='ocrx_word' id='word_1_81' title='bbox 782 1197 828 1258; x_wconf 91' lang='lat' dir='ltr'>ait</span> <span class='ocrx_word' id='word_1_82' title='bbox 851 1195 940 1256; x_wconf 90' lang='lat' dir='ltr'>enirn</span> <span class='ocrx_word' id='word_1_83' title='bbox 967 1194 1120 1276; x_wconf 81' lang='lat' dir='ltr'>Origenes</span> 
     </span>
     <span class='ocr_line' id='line_1_11' title="bbox 10 1296 1119 1380; baseline -0.001 -22"><span class='ocrx_word' id='word_1_84' title='bbox 10 1297 58 1376; x_wconf 87' lang='lat' dir='ltr'>(in</span> <span class='ocrx_word' id='word_1_85' title='bbox 89 1319 162 1380; x_wconf 91' lang='lat' dir='ltr'>cap.</span> <span class='ocrx_word' id='word_1_86' title='bbox 188 1300 238 1363; x_wconf 94' lang='lat' dir='ltr'>Vl</span> <span class='ocrx_word' id='word_1_87' title='bbox 268 1303 309 1364; x_wconf 90' lang='lat' dir='ltr'>ad</span> <span class='ocrx_word' id='word_1_88' title='bbox 339 1301 475 1379; x_wconf 84' lang='lat' dir='ltr'>Rom.):</span> <span class='ocrx_word' id='word_1_89' title='bbox 507 1298 687 1361; x_wconf 88' lang='lat' dir='ltr'>“Ecclesia</span> <span class='ocrx_word' id='word_1_90' title='bbox 713 1297 926 1360; x_wconf 88' lang='lat' dir='ltr'>traditionem</span> <span class='ocrx_word' id='word_1_91' title='bbox 956 1296 999 1358; x_wconf 90' lang='lat' dir='ltr'>ab</span> <span class='ocrx_word' id='word_1_92' title='bbox 1027 1296 1119 1377; x_wconf 86' lang='lat' dir='ltr'>Apo·</span> 
     </span>
     <span class='ocr_line' id='line_1_12' title="bbox 13 1398 1119 1483; baseline 0 -24"><span class='ocrx_word' id='word_1_93' title='bbox 13 1400 108 1462; x_wconf 86' lang='lat' dir='ltr'>stolis</span> <span class='ocrx_word' id='word_1_94' title='bbox 122 1403 269 1483; x_wconf 86' lang='lat' dir='ltr'>suscepit</span> <span class='ocrx_word' id='word_1_95' title='bbox 282 1401 380 1465; x_wconf 90' lang='lat' dir='ltr'>etiarn</span> <span class='ocrx_word' id='word_1_96' title='bbox 391 1401 536 1483; x_wconf 90' lang='lat' dir='ltr'>parvulis</span> <span class='ocrx_word' id='word_1_97' title='bbox 550 1401 759 1482; x_wconf 87' lang='lat' dir='ltr'>Baptismum</span> <span class='ocrx_word' id='word_1_98' title='bbox 777 1400 855 1462; x_wconf 90' lang='lat' dir='ltr'>dare</span> <span class='ocrx_word' id='word_1_99' title='bbox 866 1400 890 1460; x_wconf 91' lang='lat'>&#39;&#39;.</span> <span class='ocrx_word' id='word_1_100' title='bbox 928 1398 1003 1478; x_wconf 90' lang='lat' dir='ltr'>Jam</span> <span class='ocrx_word' id='word_1_101' title='bbox 1021 1408 1119 1461; x_wconf 88' lang='lat' dir='ltr'>antea</span> 
     </span>
     <span class='ocr_line' id='line_1_13' title="bbox 14 1501 1119 1586; baseline -0.001 -21"><span class='ocrx_word' id='word_1_102' title='bbox 14 1501 45 1565; x_wconf 88' lang='lat' dir='ltr'>S.</span> <span class='ocrx_word' id='word_1_103' title='bbox 69 1505 217 1567; x_wconf 88' lang='lat' dir='ltr'>lrenaeus</span> <span class='ocrx_word' id='word_1_104' title='bbox 233 1506 366 1568; x_wconf 84' lang='lat' dir='ltr'>dixerat</span> <span class='ocrx_word' id='word_1_105' title='bbox 381 1505 483 1586; x_wconf 89' lang='lat' dir='ltr'>(Adv.</span> <span class='ocrx_word' id='word_1_106' title='bbox 503 1504 628 1567; x_wconf 89' lang='lat' dir='ltr'>Haeres.</span> <span class='ocrx_word' id='word_1_107' title='bbox 646 1504 663 1568; x_wconf 90' lang='lat' dir='ltr'>l.</span> <span class='ocrx_word' id='word_1_108' title='bbox 679 1505 723 1578; x_wconf 94' lang='grc' dir='ltr'>ΙΙ,</span> <span class='ocrx_word' id='word_1_109' title='bbox 735 1524 761 1566; x_wconf 94' lang='lat' dir='ltr'>c.</span> <span class='ocrx_word' id='word_1_110' title='bbox 776 1519 825 1576; x_wconf 87' lang='lat'>22,</span> <span class='ocrx_word' id='word_1_111' title='bbox 842 1523 871 1564; x_wconf 92' lang='lat' dir='ltr'>n.</span> <span class='ocrx_word' id='word_1_112' title='bbox 884 1505 919 1583; x_wconf 90' lang='lat'>4)</span> <span class='ocrx_word' id='word_1_113' title='bbox 934 1527 940 1564; x_wconf 95' lang='lat'>:</span> <span class='ocrx_word' id='word_1_114' title='bbox 964 1507 980 1534; x_wconf 81' lang='lat'>‘⁴</span> <span class='ocrx_word' id='word_1_115' title='bbox 992 1503 1119 1567; x_wconf 89' lang='lat' dir='ltr'>Omnes</span> 
     </span>
     <span class='ocr_line' id='line_1_14' title="bbox 15 1607 1118 1689; baseline 0.002 -23"><span class='ocrx_word' id='word_1_116' title='bbox 15 1608 106 1668; x_wconf 84' lang='lat' dir='ltr'>venit</span> <span class='ocrx_word' id='word_1_117' title='bbox 123 1628 183 1688; x_wconf 93' lang='lat' dir='ltr'>per</span> <span class='ocrx_word' id='word_1_118' title='bbox 198 1609 413 1689; x_wconf 91' lang='lat' dir='ltr'>semetipsum</span> <span class='ocrx_word' id='word_1_119' title='bbox 431 1607 558 1670; x_wconf 88' lang='lat' dir='ltr'>salvare</span> <span class='ocrx_word' id='word_1_120' title='bbox 572 1629 579 1682; x_wconf 90' lang='lat'>;</span> <span class='ocrx_word' id='word_1_121' title='bbox 602 1626 719 1668; x_wconf 90' lang='lat' dir='ltr'>omues</span> <span class='ocrx_word' id='word_1_122' title='bbox 735 1607 880 1688; x_wconf 87' lang='lat' dir='ltr'>inquam,</span> <span class='ocrx_word' id='word_1_123' title='bbox 896 1607 952 1686; x_wconf 93' lang='lat' dir='ltr'>qui</span> <span class='ocrx_word' id='word_1_124' title='bbox 970 1625 1029 1687; x_wconf 90' lang='lat' dir='ltr'>per</span> <span class='ocrx_word' id='word_1_125' title='bbox 1044 1616 1118 1668; x_wconf 87' lang='lat' dir='ltr'>eum</span> 
     </span>
     <span class='ocr_line' id='line_1_15' title="bbox 18 1707 1119 1789; baseline 0.004 -23"><span class='ocrx_word' id='word_1_126' title='bbox 18 1719 235 1772; x_wconf 82' lang='lat' dir='ltr'>renascuntur</span> <span class='ocrx_word' id='word_1_127' title='bbox 256 1711 289 1772; x_wconf 92' lang='lat' dir='ltr'>in</span> <span class='ocrx_word' id='word_1_128' title='bbox 314 1710 433 1782; x_wconf 89' lang='lat' dir='ltr'>Deum,</span> <span class='ocrx_word' id='word_1_129' title='bbox 450 1709 591 1788; x_wconf 83' lang='lat' dir='ltr'>infantes</span> <span class='ocrx_word' id='word_1_130' title='bbox 614 1719 647 1770; x_wconf 94' lang='lat' dir='ltr'>et</span> <span class='ocrx_word' id='word_1_131' title='bbox 670 1709 834 1789; x_wconf 79' lang='lat' dir='ltr'>paruulos,</span> <span class='ocrx_word' id='word_1_132' title='bbox 850 1717 883 1770; x_wconf 92' lang='lat' dir='ltr'>et</span> <span class='ocrx_word' id='word_1_133' title='bbox 907 1727 1051 1788; x_wconf 88' lang='lat' dir='ltr'>pucros..</span> <span class='ocrx_word' id='word_1_134' title='bbox 1064 1757 1070 1768; x_wconf 94' lang='lat'><em>.</em></span> <span class='ocrx_word' id='word_1_135' title='bbox 1084 1756 1089 1768; x_wconf 94' lang='lat'>.</span> <span class='ocrx_word' id='word_1_136' title='bbox 1104 1707 1119 1733; x_wconf 86' lang='lat'>&#39;¹</span> 
     </span>
     <span class='ocr_line' id='line_1_16' title="bbox 19 1809 1119 1893; baseline 0.002 -23"><span class='ocrx_word' id='word_1_137' title='bbox 19 1809 63 1871; x_wconf 86' lang='lat' dir='ltr'>Et</span> <span class='ocrx_word' id='word_1_138' title='bbox 80 1831 203 1886; x_wconf 85' lang='lat' dir='ltr'>revera,</span> <span class='ocrx_word' id='word_1_139' title='bbox 218 1813 380 1893; x_wconf 91' lang='lat' dir='ltr'>quidquid</span> <span class='ocrx_word' id='word_1_140' title='bbox 398 1813 430 1873; x_wconf 92' lang='lat' dir='ltr'>in</span> <span class='ocrx_word' id='word_1_141' title='bbox 447 1813 648 1874; x_wconf 90' lang='lat' dir='ltr'>contrarium</span> <span class='ocrx_word' id='word_1_142' title='bbox 664 1813 778 1874; x_wconf 90' lang='lat' dir='ltr'>dicant</span> <span class='ocrx_word' id='word_1_143' title='bbox 796 1812 964 1892; x_wconf 84' lang='lat' dir='ltr'>Baptistae,</span> <span class='ocrx_word' id='word_1_144' title='bbox 975 1812 1072 1873; x_wconf 90' lang='lat' dir='ltr'>etiam</span> <span class='ocrx_word' id='word_1_145' title='bbox 1087 1812 1119 1872; x_wconf 91' lang='lat' dir='ltr'>in</span> 
     </span>
     <span class='ocr_line' id='line_1_17' title="bbox 19 1914 1120 1995; baseline 0.004 -23"><span class='ocrx_word' id='word_1_146' title='bbox 19 1914 133 1990; x_wconf 91' lang='lat' dir='ltr'>primis</span> <span class='ocrx_word' id='word_1_147' title='bbox 147 1914 306 1976; x_wconf 85' lang='lat' dir='ltr'>Ecclesiae</span> <span class='ocrx_word' id='word_1_148' title='bbox 318 1914 447 1977; x_wconf 84' lang='lat' dir='ltr'>saeculis</span> <span class='ocrx_word' id='word_1_149' title='bbox 459 1915 651 1995; x_wconf 88' lang='lat' dir='ltr'>Baptismus</span> <span class='ocrx_word' id='word_1_150' title='bbox 665 1914 845 1977; x_wconf 77' lang='lat' dir='ltr'>infantibus</span> <span class='ocrx_word' id='word_1_151' title='bbox 860 1914 1120 1991; x_wconf 87' lang='lat' dir='ltr'>ministrabatur;</span> 
     </span>
     <span class='ocr_line' id='line_1_18' title="bbox 20 2014 1120 2098; baseline 0.004 -24"><span class='ocrx_word' id='word_1_152' title='bbox 20 2017 113 2094; x_wconf 91' lang='lat' dir='ltr'>pauci</span> <span class='ocrx_word' id='word_1_153' title='bbox 128 2016 213 2078; x_wconf 91' lang='lat' dir='ltr'>inter</span> <span class='ocrx_word' id='word_1_154' title='bbox 226 2018 339 2079; x_wconf 88' lang='lat' dir='ltr'>Patres</span> <span class='ocrx_word' id='word_1_155' title='bbox 352 2017 549 2079; x_wconf 88' lang='lat' dir='ltr'>dubitarunt</span> <span class='ocrx_word' id='word_1_156' title='bbox 561 2027 672 2079; x_wconf 92' lang='lat' dir='ltr'>utrum</span> <span class='ocrx_word' id='word_1_157' title='bbox 687 2016 805 2079; x_wconf 88' lang='lat' dir='ltr'>melius</span> <span class='ocrx_word' id='word_1_158' title='bbox 821 2025 908 2078; x_wconf 91' lang='lat' dir='ltr'>esset</span> <span class='ocrx_word' id='word_1_159' title='bbox 924 2014 1120 2098; x_wconf 71' lang='lat' dir='ltr'>exspectare</span> 
     </span>
     <span class='ocr_line' id='line_1_19' title="bbox 21 2116 1120 2200; baseline 0.002 -24"><span class='ocrx_word' id='word_1_160' title='bbox 21 2117 124 2179; x_wconf 91' lang='lat' dir='ltr'>donec</span> <span class='ocrx_word' id='word_1_161' title='bbox 141 2118 269 2200; x_wconf 92' lang='lat' dir='ltr'>parvuli</span> <span class='ocrx_word' id='word_1_162' title='bbox 285 2119 387 2180; x_wconf 89' lang='lat' dir='ltr'>libere</span> <span class='ocrx_word' id='word_1_163' title='bbox 403 2128 437 2180; x_wconf 93' lang='lat' dir='ltr'>et</span> <span class='ocrx_word' id='word_1_164' title='bbox 452 2137 527 2180; x_wconf 90' lang='lat' dir='ltr'>curn</span> <span class='ocrx_word' id='word_1_165' title='bbox 541 2120 731 2200; x_wconf 86' lang='lat' dir='ltr'>cognitione</span> <span class='ocrx_word' id='word_1_166' title='bbox 743 2116 889 2200; x_wconf 70' lang='lat' dir='ltr'>perlecta</span> <span class='ocrx_word' id='word_1_167' title='bbox 901 2117 1120 2198; x_wconf 86' lang='lat' dir='ltr'>obligationes</span> 
     </span>
     <span class='ocr_line' id='line_1_20' title="bbox 23 2217 1121 2303; baseline 0.006 -26"><span class='ocrx_word' id='word_1_168' title='bbox 23 2217 183 2300; x_wconf 89' lang='lat' dir='ltr'>Baptismi</span> <span class='ocrx_word' id='word_1_169' title='bbox 195 2221 362 2303; x_wconf 89' lang='lat' dir='ltr'>suscipere</span> <span class='ocrx_word' id='word_1_170' title='bbox 375 2229 519 2301; x_wconf 83' lang='lat' dir='ltr'>possent,</span> <span class='ocrx_word' id='word_1_171' title='bbox 532 2223 589 2283; x_wconf 89' lang='lat' dir='ltr'>sed</span> <span class='ocrx_word' id='word_1_172' title='bbox 603 2221 713 2283; x_wconf 92' lang='lat' dir='ltr'>nullus</span> <span class='ocrx_word' id='word_1_173' title='bbox 726 2221 839 2284; x_wconf 91' lang='lat' dir='ltr'>docuit</span> <span class='ocrx_word' id='word_1_174' title='bbox 855 2220 1036 2283; x_wconf 90' lang='lat' dir='ltr'>invalidum</span> <span class='ocrx_word' id='word_1_175' title='bbox 1049 2241 1121 2284; x_wconf 90' lang='lat' dir='ltr'>esse</span> 
     </span>
     <span class='ocr_line' id='line_1_21' title="bbox 24 2317 1121 2405; baseline 0.007 -26"><span class='ocrx_word' id='word_1_176' title='bbox 24 2317 230 2402; x_wconf 86' lang='lat' dir='ltr'>Baptismum</span> <span class='ocrx_word' id='word_1_177' title='bbox 249 2322 430 2385; x_wconf 80' lang='lat' dir='ltr'>infantibus</span> <span class='ocrx_word' id='word_1_178' title='bbox 446 2322 614 2398; x_wconf 90' lang='lat' dir='ltr'>collatum,</span> <span class='ocrx_word' id='word_1_179' title='bbox 630 2332 663 2385; x_wconf 89' lang='lat' dir='ltr'>et</span> <span class='ocrx_word' id='word_1_180' title='bbox 680 2323 828 2405; x_wconf 87' lang='lat' dir='ltr'>plerique</span> <span class='ocrx_word' id='word_1_181' title='bbox 843 2324 1121 2387; x_wconf 88' lang='lat' dir='ltr'>commendarunt</span> 
     </span>
     <span class='ocr_line' id='line_1_22' title="bbox 25 2425 1120 2507; baseline 0.008 -25"><span class='ocrx_word' id='word_1_182' title='bbox 25 2425 152 2500; x_wconf 89' lang='lat' dir='ltr'>praxim</span> <span class='ocrx_word' id='word_1_183' title='bbox 175 2445 234 2487; x_wconf 92' lang='lat' dir='ltr'>eos</span> <span class='ocrx_word' id='word_1_184' title='bbox 257 2425 458 2507; x_wconf 89' lang='lat' dir='ltr'>baptizandi.</span> <span class='ocrx_word' id='word_1_185' title='bbox 505 2426 567 2488; x_wconf 88' lang='lat' dir='ltr'>Ille</span> <span class='ocrx_word' id='word_1_186' title='bbox 583 2447 661 2488; x_wconf 92' lang='lat' dir='ltr'>usus</span> <span class='ocrx_word' id='word_1_187' title='bbox 678 2447 745 2490; x_wconf 89' lang='lat' dir='ltr'>non</span> <span class='ocrx_word' id='word_1_188' title='bbox 762 2428 868 2489; x_wconf 90' lang='lat' dir='ltr'>solum</span> <span class='ocrx_word' id='word_1_189' title='bbox 886 2427 991 2507; x_wconf 89' lang='lat' dir='ltr'>viguit</span> <span class='ocrx_word' id='word_1_190' title='bbox 1008 2427 1040 2489; x_wconf 92' lang='lat' dir='ltr'>in</span> <span class='ocrx_word' id='word_1_191' title='bbox 1057 2428 1120 2491; x_wconf 91' lang='lat' dir='ltr'>Ec·</span> 
     </span>
     <span class='ocr_line' id='line_1_23' title="bbox 25 2525 1121 2611; baseline 0.009 -27"><span class='ocrx_word' id='word_1_192' title='bbox 25 2525 118 2588; x_wconf 76' lang='lat' dir='ltr'>clesia</span> <span class='ocrx_word' id='word_1_193' title='bbox 132 2529 286 2590; x_wconf 74' lang='lat' dir='ltr'>Romana</span> <span class='ocrx_word' id='word_1_194' title='bbox 298 2530 357 2590; x_wconf 86' lang='lat' dir='ltr'>sed</span> <span class='ocrx_word' id='word_1_195' title='bbox 370 2529 471 2591; x_wconf 88' lang='lat' dir='ltr'>etiarn</span> <span class='ocrx_word' id='word_1_196' title='bbox 486 2527 611 2604; x_wconf 73' lang='lat' dir='ltr'>Graeca,</span> <span class='ocrx_word' id='word_1_197' title='bbox 624 2529 692 2591; x_wconf 92' lang='lat' dir='ltr'>imo</span> <span class='ocrx_word' id='word_1_198' title='bbox 709 2531 797 2611; x_wconf 92' lang='lat' dir='ltr'>apud</span> <span class='ocrx_word' id='word_1_199' title='bbox 811 2530 1054 2608; x_wconf 88' lang='lat' dir='ltr'>schismaticos;</span> <span class='ocrx_word' id='word_1_200' title='bbox 1070 2541 1121 2594; x_wconf 91' lang='lat' dir='ltr'>est</span> 
     </span>
     <span class='ocr_line' id='line_1_24' title="bbox 27 2628 1119 2714; baseline 0.008 -26"><span class='ocrx_word' id='word_1_201' title='bbox 27 2628 119 2708; x_wconf 86' lang='lat' dir='ltr'>igitur</span> <span class='ocrx_word' id='word_1_202' title='bbox 134 2632 248 2712; x_wconf 91' lang='lat' dir='ltr'>praxis</span> <span class='ocrx_word' id='word_1_203' title='bbox 264 2632 308 2694; x_wconf 93' lang='lat' dir='ltr'>ab</span> <span class='ocrx_word' id='word_1_204' title='bbox 322 2632 499 2714; x_wconf 89' lang='lat' dir='ltr'>Apostolis</span> <span class='ocrx_word' id='word_1_205' title='bbox 516 2631 595 2713; x_wconf 87' lang='lat' dir='ltr'>ipsis</span> <span class='ocrx_word' id='word_1_206' title='bbox 612 2635 826 2696; x_wconf 86' lang='lat' dir='ltr'>descendens.</span> <span class='ocrx_word' id='word_1_207' title='bbox 874 2635 926 2696; x_wconf 90' lang='lat' dir='ltr'>De</span> <span class='ocrx_word' id='word_1_208' title='bbox 949 2634 1011 2697; x_wconf 72' lang='lat' dir='ltr'>hac</span> <span class='ocrx_word' id='word_1_209' title='bbox 1032 2636 1119 2698; x_wconf 87' lang='lat' dir='ltr'>enirn</span> 
     </span>
     <span class='ocr_line' id='line_1_25' title="bbox 28 2728 1122 2816; baseline 0.007 -25"><span class='ocrx_word' id='word_1_210' title='bbox 28 2728 56 2791; x_wconf 89' lang='lat' dir='ltr'>S.</span> <span class='ocrx_word' id='word_1_211' title='bbox 71 2733 279 2814; x_wconf 85' lang='lat' dir='ltr'>Augustinus</span> <span class='ocrx_word' id='word_1_212' title='bbox 296 2733 376 2797; x_wconf 87' lang='lat' dir='ltr'>dicit</span> <span class='ocrx_word' id='word_1_213' title='bbox 392 2733 511 2816; x_wconf 86' lang='lat' dir='ltr'>(Serm.</span> <span class='ocrx_word' id='word_1_214' title='bbox 533 2735 601 2813; x_wconf 90' lang='lat'>176,</span> <span class='ocrx_word' id='word_1_215' title='bbox 618 2755 648 2798; x_wconf 88' lang='lat' dir='ltr'>n.</span> <span class='ocrx_word' id='word_1_216' title='bbox 666 2736 721 2816; x_wconf 88' lang='lat'>2):</span> <span class='ocrx_word' id='word_1_217' title='bbox 745 2736 849 2798; x_wconf 90' lang='lat' dir='ltr'>“Hoc</span> <span class='ocrx_word' id='word_1_218' title='bbox 867 2736 1017 2798; x_wconf 87' lang='lat' dir='ltr'>Ecclesia</span> <span class='ocrx_word' id='word_1_219' title='bbox 1034 2757 1122 2799; x_wconf 89' lang='lat' dir='ltr'>sem-</span> 
     </span>
     <span class='ocr_line' id='line_1_26' title="bbox 29 2833 1121 2920; baseline 0.006 -27"><span class='ocrx_word' id='word_1_220' title='bbox 29 2851 81 2908; x_wconf 89' lang='lat' dir='ltr'>per</span> <span class='ocrx_word' id='word_1_221' title='bbox 95 2833 217 2909; x_wconf 89' lang='lat' dir='ltr'>habuit‚</span> <span class='ocrx_word' id='word_1_222' title='bbox 233 2855 365 2917; x_wconf 91' lang='lat' dir='ltr'>semper</span> <span class='ocrx_word' id='word_1_223' title='bbox 380 2836 497 2910; x_wconf 88' lang='lat' dir='ltr'>tenuit,</span> <span class='ocrx_word' id='word_1_224' title='bbox 510 2835 572 2898; x_wconf 92' lang='lat' dir='ltr'>hoc</span> <span class='ocrx_word' id='word_1_225' title='bbox 589 2857 609 2898; x_wconf 91' lang='lat' dir='ltr'>a</span> <span class='ocrx_word' id='word_1_226' title='bbox 625 2838 788 2918; x_wconf 86' lang='lat' dir='ltr'>majorum</span> <span class='ocrx_word' id='word_1_227' title='bbox 806 2837 871 2900; x_wconf 89' lang='lat' dir='ltr'>fide</span> <span class='ocrx_word' id='word_1_228' title='bbox 888 2840 1042 2920; x_wconf 88' lang='lat' dir='ltr'>percepit,</span> <span class='ocrx_word' id='word_1_229' title='bbox 1059 2839 1121 2901; x_wconf 92' lang='lat' dir='ltr'>hoc</span> 
     </span>
     <span class='ocr_line' id='line_1_27' title="bbox 29 2936 1120 3021; baseline 0.008 -27"><span class='ocrx_word' id='word_1_230' title='bbox 29 2951 123 3016; x_wconf 90' lang='lat' dir='ltr'>usque</span> <span class='ocrx_word' id='word_1_231' title='bbox 146 2938 178 3000; x_wconf 88' lang='lat' dir='ltr'>in</span> <span class='ocrx_word' id='word_1_232' title='bbox 204 2936 303 3000; x_wconf 89' lang='lat' dir='ltr'>finem</span> <span class='ocrx_word' id='word_1_233' title='bbox 320 2949 568 3020; x_wconf 84' lang='lat' dir='ltr'>perseveranter</span> <span class='ocrx_word' id='word_1_234' title='bbox 591 2940 737 3002; x_wconf 90' lang='lat' dir='ltr'>custodit</span> <span class='ocrx_word' id='word_1_235' title='bbox 750 2942 774 3002; x_wconf 90' lang='lat'>’&#39;.</span> <span class='ocrx_word' id='word_1_236' title='bbox 797 2940 963 3020; x_wconf 91' lang='lat' dir='ltr'>Objicitur</span> <span class='ocrx_word' id='word_1_237' title='bbox 986 2941 1120 3021; x_wconf 89' lang='lat' dir='ltr'>quidem</span> 
     </span>
     <span class='ocr_line' id='line_1_28' title="bbox 29 3038 1120 3125; baseline 0.008 -27"><span class='ocrx_word' id='word_1_238' title='bbox 29 3038 181 3114; x_wconf 86' lang='lat' dir='ltr'>prioribus</span> <span class='ocrx_word' id='word_1_239' title='bbox 204 3042 334 3104; x_wconf 84' lang='lat' dir='ltr'>saeculis</span> <span class='ocrx_word' id='word_1_240' title='bbox 358 3041 480 3104; x_wconf 88' lang='lat' dir='ltr'>multos</span> <span class='ocrx_word' id='word_1_241' title='bbox 508 3044 549 3103; x_wconf 88' lang='lat' dir='ltr'>ad</span> <span class='ocrx_word' id='word_1_242' title='bbox 578 3043 727 3105; x_wconf 85' lang='lat' dir='ltr'>adultam</span> <span class='ocrx_word' id='word_1_243' title='bbox 752 3053 886 3105; x_wconf 72' lang='lat' dir='ltr'>:etatem</span> <span class='ocrx_word' id='word_1_244' title='bbox 912 3044 1120 3125; x_wconf 89' lang='lat' dir='ltr'>Baptismum</span> 
     </span>
     <span class='ocr_line' id='line_1_29' title="bbox 30 3140 1120 3228; baseline 0.006 -27"><span class='ocrx_word' id='word_1_245' title='bbox 30 3140 185 3207; x_wconf 88' lang='lat' dir='ltr'>distulisse</span> <span class='ocrx_word' id='word_1_246' title='bbox 201 3167 208 3220; x_wconf 92' lang='grc'>;</span> <span class='ocrx_word' id='word_1_247' title='bbox 232 3145 294 3207; x_wconf 91' lang='lat' dir='ltr'>hoc</span> <span class='ocrx_word' id='word_1_248' title='bbox 319 3155 430 3208; x_wconf 88' lang='lat' dir='ltr'>autem</span> <span class='ocrx_word' id='word_1_249' title='bbox 453 3147 639 3228; x_wconf 86' lang='lat' dir='ltr'>explicatur</span> <span class='ocrx_word' id='word_1_250' title='bbox 655 3156 725 3207; x_wconf 90' lang='lat' dir='ltr'>tum</span> <span class='ocrx_word' id='word_1_251' title='bbox 743 3157 878 3226; x_wconf 90' lang='lat' dir='ltr'>propter</span> <span class='ocrx_word' id='word_1_252' title='bbox 895 3146 1038 3208; x_wconf 89' lang='lat' dir='ltr'>rationes</span> <span class='ocrx_word' id='word_1_253' title='bbox 1052 3146 1120 3228; x_wconf 92' lang='lat' dir='ltr'>jam</span> 
     </span>
     <span class='ocr_line' id='line_1_30' title="bbox 32 3243 1121 3330; baseline 0.006 -27"><span class='ocrx_word' id='word_1_254' title='bbox 32 3243 136 3308; x_wconf 86' lang='lat' dir='ltr'>allatas</span> <span class='ocrx_word' id='word_1_255' title='bbox 150 3249 194 3321; x_wconf 82' lang='lat' dir='ltr'>(n.</span> <span class='ocrx_word' id='word_1_256' title='bbox 210 3249 274 3330; x_wconf 79' lang='lat'>36),</span> <span class='ocrx_word' id='word_1_257' title='bbox 286 3260 356 3312; x_wconf 90' lang='lat' dir='ltr'>tum</span> <span class='ocrx_word' id='word_1_258' title='bbox 370 3251 448 3330; x_wconf 90' lang='lat' dir='ltr'>quia</span> <span class='ocrx_word' id='word_1_259' title='bbox 461 3249 636 3311; x_wconf 84' lang='lat' dir='ltr'>infantium</span> <span class='ocrx_word' id='word_1_260' title='bbox 649 3249 840 3329; x_wconf 86' lang='lat' dir='ltr'>Baptismus</span> <span class='ocrx_word' id='word_1_261' title='bbox 857 3250 1015 3330; x_wconf 86' lang='lat' dir='ltr'>supponit</span> <span class='ocrx_word' id='word_1_262' title='bbox 1028 3248 1121 3311; x_wconf 88' lang='lat' dir='ltr'>farni-</span> 
     </span>
     <span class='ocr_line' id='line_1_31' title="bbox 33 3342 1120 3432; baseline 0.004 -24"><span class='ocrx_word' id='word_1_263' title='bbox 33 3342 83 3408; x_wconf 86' lang='lat' dir='ltr'>lias</span> <span class='ocrx_word' id='word_1_264' title='bbox 111 3349 306 3413; x_wconf 90' lang='lat' dir='ltr'>christianas</span> <span class='ocrx_word' id='word_1_265' title='bbox 335 3349 404 3431; x_wconf 87' lang='lat' dir='ltr'>jam</span> <span class='ocrx_word' id='word_1_266' title='bbox 433 3352 560 3432; x_wconf 83' lang='lat' dir='ltr'>integre</span> <span class='ocrx_word' id='word_1_267' title='bbox 588 3352 796 3426; x_wconf 67' lang='lat' dir='ltr'>constitutas</span> <span class='ocrx_word' id='word_1_268' title='bbox 823 3372 962 3431; x_wconf 89' lang='lat' dir='ltr'>quarum</span> <span class='ocrx_word' id='word_1_269' title='bbox 991 3352 1120 3413; x_wconf 91' lang='lat' dir='ltr'>nonnisi</span> 
     </span>
     <span class='ocr_line' id='line_1_32' title="bbox 35 3453 487 3525; baseline 0.015 -15"><span class='ocrx_word' id='word_1_270' title='bbox 35 3467 134 3525; x_wconf 85' lang='lat' dir='ltr'>paucae</span> <span class='ocrx_word' id='word_1_271' title='bbox 151 3453 193 3516; x_wconf 90' lang='lat' dir='ltr'>ab</span> <span class='ocrx_word' id='word_1_272' title='bbox 211 3453 305 3516; x_wconf 91' lang='lat' dir='ltr'>initio</span> <span class='ocrx_word' id='word_1_273' title='bbox 322 3454 453 3516; x_wconf 87' lang='lat' dir='ltr'>luerunt</span> <span class='ocrx_word' id='word_1_274' title='bbox 465 3466 487 3516; x_wconf 87' lang='lat'>3.</span> 
     </span>
    </p>
   </div>
   <div class='ocr_carea' id='block_1_4' title="bbox 35 3560 1122 3856">
    <p class='ocr_par' dir='ltr' id='par_1_4' title="bbox 35 3560 1122 3856">
     <span class='ocr_line' id='line_1_33' title="bbox 35 3560 1122 3648; baseline 0.004 -20"><span class='ocrx_word' id='word_1_275' title='bbox 35 3560 75 3642; x_wconf 66' lang='lat' dir='ltr'>(b)</span> <span class='ocrx_word' id='word_1_276' title='bbox 91 3565 141 3628; x_wconf 90' lang='lat' dir='ltr'>Ex</span> <span class='ocrx_word' id='word_1_277' title='bbox 159 3567 381 3642; x_wconf 76' lang='lat' dir='ltr'>ConciliiS,cx</span> <span class='ocrx_word' id='word_1_278' title='bbox 394 3567 599 3642; x_wconf 82' lang='lat' dir='ltr'>Mileuitano,</span> <span class='ocrx_word' id='word_1_279' title='bbox 612 3569 663 3630; x_wconf 90' lang='lat' dir='ltr'>cui</span> <span class='ocrx_word' id='word_1_280' title='bbox 682 3569 714 3632; x_wconf 87' lang='lat' dir='ltr'>S.</span> <span class='ocrx_word' id='word_1_281' title='bbox 729 3568 938 3648; x_wconf 85' lang='lat' dir='ltr'>Augustinus</span> <span class='ocrx_word' id='word_1_282' title='bbox 956 3567 1122 3632; x_wconf 88' lang='lat' dir='ltr'>interluit:</span> 
     </span>
     <span class='ocr_line' id='line_1_34' title="bbox 35 3665 1121 3752; baseline 0.001 -22"><span class='ocrx_word' id='word_1_283' title='bbox 35 3665 260 3752; x_wconf 84' lang='lat' dir='ltr'>“Quicumque</span> <span class='ocrx_word' id='word_1_284' title='bbox 276 3671 429 3751; x_wconf 90' lang='lat' dir='ltr'>parvulos</span> <span class='ocrx_word' id='word_1_285' title='bbox 446 3683 593 3735; x_wconf 89' lang='lat' dir='ltr'>recentes</span> <span class='ocrx_word' id='word_1_286' title='bbox 610 3673 653 3732; x_wconf 87' lang='lat' dir='ltr'>ab</span> <span class='ocrx_word' id='word_1_287' title='bbox 670 3671 770 3734; x_wconf 87' lang='lat' dir='ltr'>uteris</span> <span class='ocrx_word' id='word_1_288' title='bbox 788 3682 930 3733; x_wconf 90' lang='lat' dir='ltr'>matrum</span> <span class='ocrx_word' id='word_1_289' title='bbox 950 3669 1121 3750; x_wconf 89' lang='lat' dir='ltr'>baptizan-</span> 
     </span>
     <span class='ocr_line' id='line_1_35' title="bbox 37 3765 678 3856; baseline 0.014 -29"><span class='ocrx_word' id='word_1_290' title='bbox 37 3765 85 3829; x_wconf 90' lang='lat' dir='ltr'>dos</span> <span class='ocrx_word' id='word_1_291' title='bbox 101 3783 249 3854; x_wconf 91' lang='lat' dir='ltr'>negat...</span> <span class='ocrx_word' id='word_1_292' title='bbox 265 3772 306 3835; x_wconf 88' lang='lat' dir='ltr'>A.</span> <span class='ocrx_word' id='word_1_293' title='bbox 325 3773 357 3837; x_wconf 90' lang='lat' dir='ltr'>S.</span> <span class='ocrx_word' id='word_1_294' title='bbox 374 3773 548 3856; x_wconf 71' lang='lat' dir='ltr'>(Denring.</span> <span class='ocrx_word' id='word_1_295' title='bbox 567 3794 595 3836; x_wconf 92' lang='lat' dir='ltr'>n.</span> <span class='ocrx_word' id='word_1_296' title='bbox 613 3774 678 3854; x_wconf 84' lang='lat'><strong>65).</strong></span> 
     </span>
    </p>
   </div>
   <div class='ocr_carea' id='block_1_5' title="bbox 40 4005 1122 4334">
    <p class='ocr_par' dir='ltr' id='par_1_5' title="bbox 66 4005 560 4075">
     <span class='ocr_line' id='line_1_36' title="bbox 66 4005 560 4075; baseline 0.012 -20"><span class='ocrx_word' id='word_1_297' title='bbox 66 4005 166 4059; x_wconf 83' lang='lat' dir='ltr'>1lCor.</span> <span class='ocrx_word' id='word_1_298' title='bbox 184 4009 204 4073; x_wconf 86' lang='grc' dir='ltr'>Ι,</span> <span class='ocrx_word' id='word_1_299' title='bbox 222 4007 261 4060; x_wconf 87' lang='lat'>16.</span> <span class='ocrx_word' id='word_1_300' title='bbox 279 4008 410 4061; x_wconf 70' lang='grc' dir='ltr'><em>-ἈιἹ.</em></span> <span class='ocrx_word' id='word_1_301' title='bbox 426 4009 504 4072; x_wconf 89' lang='lat' dir='ltr'>XVl,</span> <span class='ocrx_word' id='word_1_302' title='bbox 519 4022 560 4075; x_wconf 83' lang='lat'>33.</span> 
     </span>
    </p>

    <p class='ocr_par' dir='ltr' id='par_1_6' title="bbox 40 4089 1122 4334">
     <span class='ocr_line' id='line_1_37' title="bbox 65 4089 1122 4164; baseline 0.006 -23"><span class='ocrx_word' id='word_1_303' title='bbox 65 4089 119 4143; x_wconf 77' lang='lat' dir='ltr'>JCl.</span> <span class='ocrx_word' id='word_1_304' title='bbox 133 4094 362 4164; x_wconf 74' lang='lat' dir='ltr'>SchaffiHrrzog,</span> <span class='ocrx_word' id='word_1_305' title='bbox 377 4095 596 4163; x_wconf 87' lang='lat' dir='ltr'>Encyclopedia,</span> <span class='ocrx_word' id='word_1_306' title='bbox 615 4109 683 4147; x_wconf 88' lang='lat' dir='ltr'>voce</span> <span class='ocrx_word' id='word_1_307' title='bbox 696 4095 834 4162; x_wconf 65' lang='lat' dir='ltr'>Baplrlrm.</span> <span class='ocrx_word' id='word_1_308' title='bbox 853 4112 878 4163; x_wconf 89' lang='lat' dir='ltr'>p.</span> <span class='ocrx_word' id='word_1_309' title='bbox 894 4109 951 4147; x_wconf 84' lang='lat'>210.</span> <span class='ocrx_word' id='word_1_310' title='bbox 968 4125 1001 4133; x_wconf 96' lang='lat'>—</span> <span class='ocrx_word' id='word_1_311' title='bbox 1022 4093 1122 4148; x_wconf 71' lang='lat' dir='ltr'>Praeci-</span> 
     </span>
     <span class='ocr_line' id='line_1_38' title="bbox 40 4181 1121 4251; baseline -0.001 -17"><span class='ocrx_word' id='word_1_312' title='bbox 40 4184 96 4234; x_wconf 74' lang='lat' dir='ltr'>pros</span> <span class='ocrx_word' id='word_1_313' title='bbox 108 4189 192 4234; x_wconf 86' lang='lat' dir='ltr'>textus</span> <span class='ocrx_word' id='word_1_314' title='bbox 203 4181 239 4234; x_wconf 91' lang='lat' dir='ltr'>de</span> <span class='ocrx_word' id='word_1_315' title='bbox 249 4181 399 4234; x_wconf 79' lang='lat' dir='ltr'>infantium</span> <span class='ocrx_word' id='word_1_316' title='bbox 409 4181 551 4251; x_wconf 89' lang='lat' dir='ltr'>baptismo</span> <span class='ocrx_word' id='word_1_317' title='bbox 561 4181 674 4249; x_wconf 87' lang='lat' dir='ltr'>collegit</span> <span class='ocrx_word' id='word_1_318' title='bbox 692 4182 733 4234; x_wconf 90' lang='lat' dir='ltr'>W.</span> <span class='ocrx_word' id='word_1_319' title='bbox 752 4181 838 4246; x_wconf 86' lang='lat' dir='ltr'>Wall,</span> <span class='ocrx_word' id='word_1_320' title='bbox 849 4181 965 4249; x_wconf 87' lang='lat' dir='ltr'>History</span> <span class='ocrx_word' id='word_1_321' title='bbox 976 4182 1007 4236; x_wconf 81' lang='lat' dir='ltr'>ol</span> <span class='ocrx_word' id='word_1_322' title='bbox 1016 4181 1121 4234; x_wconf 88' lang='lat' dir='ltr'>Infant-</span> 
     </span>
     <span class='ocr_line' id='line_1_39' title="bbox 42 4254 472 4334; baseline 0.009 -18"><span class='ocrx_word' id='word_1_323' title='bbox 42 4254 151 4332; x_wconf 76' lang='lat' dir='ltr'>baptism,</span> <span class='ocrx_word' id='word_1_324' title='bbox 166 4279 194 4320; x_wconf 75' lang='lat'>2²</span> <span class='ocrx_word' id='word_1_325' title='bbox 207 4267 250 4321; x_wconf 90' lang='lat' dir='ltr'>ed.</span> <span class='ocrx_word' id='word_1_326' title='bbox 267 4267 382 4334; x_wconf 85' lang='lat' dir='ltr'>Oxiord,</span> <span class='ocrx_word' id='word_1_327' title='bbox 399 4269 472 4334; x_wconf 72' lang='lat'>1844</span> 
     </span>
    </p>
   </div>
   <div class='ocr_carea' id='block_1_6' title="bbox 0 0 1393 4646">
    <p class='ocr_par' dir='ltr' id='par_1_7' title="bbox 0 0 1393 4646">
     <span class='ocr_line' id='line_1_40' title="bbox 0 0 1393 4646; baseline 0 0"><span class='ocrx_word' id='word_1_328' title='bbox 0 0 1393 4646; x_wconf 95' lang='lat' dir='ltr'> </span> 
     </span>
    </p>
   </div>
  </div>
 </body>
</html>
