2770 4646
171 179 226 228 DE
246 178 574 229 Exlsrlallrrarrsr
593 178 798 228 ESSENTIA
820 177 1036 228 nap'rlsm.
1082 176 1147 228 237

1104 293 1149 302 —a

54 359 151 421 sionis
166 361 264 425 ritum
282 361 456 426 manifeste
471 370 674 444 supponunt,
684 381 786 442 quum
800 361 920 425 doceat
936 381 997 425 nos
1014 381 1072 443 per
1085 361 1147 423 Ba·

54 464 208 542 ptismum
225 485 301 527 cum
318 465 452 530 Christo
467 464 663 546 consepeliri
677 476 688 508 ¹
703 489 710 544 ;
733 464 783 546 (e)
796 465 829 528 id
842 463 1017 528 confirmat
1033 463 1147 546 praxis

54 565 216 642 primaevae
233 567 401 643 Ecclesiae,
418 578 451 631 et
475 569 576 630 etiam
603 566 761 629 Ecclesiae
785 586 903 648 graecae
918 567 1071 649 usquein
1089 565 1146 630 ho·

53 667 199 732 diernam
216 670 304 732 diem
317 683 338 733 ².

91 809 137 876 17.
181 814 212 859 2⁰
229 803 327 862 Thesis
338 829 349 862 .·
368 801 519 868 Validus
533 807 590 866 est
609 801 818 880 Baptismus
839 801 914 866 sive
930 819 993 881 per
1008 802 1147 866 immer-

52 893 196 975 sionem,
208 898 283 963 sive
299 917 362 978 per
375 899 599 977 infusionem,
616 899 691 962 sive
706 916 774 993 per⁴
782 899 1028 978 aspersionem
1043 899 1145 963 colla·

51 997 119 1057 tus.
162 997 299 1060 Certum
316 1010 375 1061 est.

92 1097 150 1179 (A)
167 1098 283 1182 Scrr'pt.
300 1101 350 1182 (a)
373 1102 411 1163 ln
434 1110 564 1163 tantum
591 1100 817 1183 Baptistarum
840 1112 1036 1182 argumenta
1059 1101 1145 1164 vale·

52 1209 129 1274 rent,
145 1201 178 1263 in
195 1213 357 1284 quantum
374 1223 442 1265 vox
457 1197 596 1283 βαπτίζω
613 1203 744 1264 nonnisi
762 1203 1006 1266 immersionem
1023 1199 1146 1287 signifi·

51 1311 156 1378 caret;
180 1307 272 1386 atqui
290 1325 354 1368 non
372 1295 423 1368 est
440 1307 506 1382 ita;
530 1306 705 1380 nam,licet
721 1325 810 1386 saepe
827 1307 947 1387 saepius
964 1307 1145 1369 immersio·

52 1421 122 1466 nem
140 1407 302 1488 designet,
319 1408 520 1490 quandoque
540 1418 653 1470 tamen
676 1408 858 1489 simplicem
880 1404 1076 1472 affusionem
1095 1409 1145 1471 vel

51 1511 271 1589 aspersionem
296 1511 467 1594 significat.
521 1511 575 1576 Sic
599 1513 632 1575 in
659 1512 829 1594 Scriptura
857 1513 999 1594 legitur³
1016 1501 1034 1576 :⁴
1050 1512 1145 1595 “Qui

51 1611 234 1692 lapidatur
248 1637 267 1676 a
284 1627 424 1691 mortue,
441 1624 474 1678 et
491 1616 609 1678 iterum
627 1616 736 1696 tangit
752 1635 837 1691 eum,
853 1616 933 1696 quid
955 1616 1084 1698 proficit
1100 1618 1146 1679 la-

50 1718 136 1779 vatio
152 1718 237 1781 illius
250 1720 265 1746 '’
280 1719 292 1782 ἓ
305 1719 455 1800 jamvero
470 1719 664 1801 baptismus,
681 1739 700 1780 a
717 1719 790 1800 lege
805 1721 1017 1801 praescriptus
1033 1723 1066 1783 in
1083 1721 1146 1784 hoe

50 1838 133 1894 casu,
149 1821 294 1902 simplex
312 1831 382 1884 erat
399 1823 553 1904 aspersio,
567 1821 666 1902 juxta
691 1821 793 1884 illud:
817 1821 913 1903 “Qui
931 1824 1076 1905 tetigerit
1092 1844 1145 1886 ca·

50 1921 146 1983 darer
162 1923 331 1999 hominis„
343 1972 368 1986 ..
385 1934 573 2004 aspergetur
586 1943 629 1985 ex
647 1923 709 1985 hae
724 1929 810 2005 aqua
823 1925 839 1948 ’'
849 1937 871 1986 ⁴.
924 1925 1048 1987 lterum
1066 1925 1145 1988 dici·

51 2032 121 2083 turs
140 2017 324 2088 Pharisaeos
348 2047 367 2088 a
390 2026 461 2088 loro
477 2027 647 2090 venientes
670 2037 737 2089 n'on
761 2025 934 2088 comedere
958 2027 1019 2089 nisi
1043 2027 1145 2108 bapti-

49 2137 184 2202 zantur,-
208 2130 301 2210 atqui
317 2127 380 2191 hoc
396 2131 530 2192 nomine
551 2129 789 2210 designabatur
805 2148 964 2191 manuum
981 2150 1085 2210 usque
1102 2131 1144 2194 ad

49 2228 140 2292 ulnas
158 2230 248 2306 lotio,
261 2241 298 2293 ut
314 2232 434 2312 probat
447 2231 623 2313 Spencems
634 2233 656 2296 ⁶.
698 2233 826 2296 Ibidem
843 2223 1146 2296 commemorantur

50 2331 240 2412 lipte'smata
261 2334 399 2396 calcium
416 2345 450 2397 et
470 2355 651 2410 urceorum,
667 2344 701 2398 et
725 2346 977 2398 aeramentorum
995 2347 1028 2400 et
1045 2333 1146 2399 leilo-

49 2457 138 2514 rum;
163 2439 255 2520 atqui
280 2439 483 2520 baptismata
505 2439 697 2520 hujusmodi
721 2459 788 2504 non
813 2441 998 2504 necessario
1014 2441 1144 2503 immer-

50 2541 136 2604 sione
161 2541 296 2618 fiebant,
312 2541 370 2604 sed
394 2543 517 2628 lotione
540 2545 749 2626 quacumque
773 2543 899 2606 ratione
922 2541 1043 2608 saeida
1089 2544 1145 2606 Ex

81 2727 87 2750 ¹
102 2721 184 2774 Rom.
200 2720 250 2785 Vl,
265 2729 320 2789 3·5.

79 2809 119 2840 Ν
130 2807 229 2860 Ritum
242 2803 442 2875 (baptismatis)
461 2803 613 2873 importare
633 2801 751 2872 subjetii
771 2802 800 2856 in
819 2820 921 2873 aquam
936 2803 1144 2864 immersionem

49 2895 133 2948 evinci
148 2902 263 2963 potest:
282 2892 312 2957 a)
324 2907 358 2945 ex
372 2889 578 2959 significatione
596 2900 625 2945 et
643 2905 695 2943 usu
714 2889 790 2944 vocis
811 2890 933 2956 Βαπτίζω
947 2909 1002 2962 qua
1017 2893 1144 2950 Christus

49 2981 228 3052 inspiratique
240 2977 369 3032 nudiores
388 2977 425 3030 ud
443 2976 602 3047 hujusmodi
621 2977 704 3030 ritum
721 2976 927 3045 designandum
940 2978 982 3034 usi
996 2990 1093 3034 sunt...
1111 2981 1144 3038 ln

49 3083 127 3122 sensu
139 3067 254 3137 proprio
267 3066 328 3118 haec
342 3080 393 3117 vox
408 3063 618 3118 immersionem
637 3061 785 3130 significat,
798 3073 826 3118 et
845 3063 919 3118 hunc
939 3082 1053 3121 sensum
1072 3083 1143 3126 sem·

50 3171 92 3222 per
110 3155 210 3208 babuit
228 3164 256 3206 et
274 3153 360 3206 modo
378 3151 464 3205 habet
482 3167 576 3220 graeca
594 3150 698 3218 lingua,
712 3150 866 3206 dummodo
885 3161 1031 3205 contextus
1047 3161 1144 3220 aperte

50 3257 156 3295 sensum
177 3239 403 3309 metaphoricum
420 3255 476 3291 non
495 3237 636 3290 desideret
647 3254 656 3301 3
675 3235 704 3304 b)
723 3253 757 3290 ex
777 3253 827 3290 usu
847 3237 924 3292 vocis
943 3232 1024 3303 λούω,
1043 3247 1070 3291 et
1089 3238 1142 3293 ior·

49 3341 117 3384 tasse
136 3323 259 3396 λουτρόν,
278 3327 315 3381 ad
336 3327 512 3396 Baptismum
533 3324 748 3392 significandum
771 3325 844 3390 (All.
865 3324 963 3386 XXll,
987 3325 1052 3388 lo):
1078 3324 1143 3393 quia

49 3419 158 3471 verbum
171 3419 234 3481 hoc,
248 3414 287 3470 ait
297 3414 395 3468 dodlor
410 3413 555 3467 Robinson
568 3410 646 3478 (Lex.
662 3413 699 3464 N.
716 3413 764 3477 Τ.)
778 3411 918 3480 significat
933 3409 1070 3478 integrum
1083 3427 1142 3466 cor·

49 3519 95 3570 pus
107 3506 268 3566 abluere...;
288 3501 314 3569 c)
333 3518 367 3554 ex
385 3498 603 3554 circumstantiis
623 3515 741 3567 quorum
760 3498 948 3552 meminerunt
969 3499 1005 3551 N.
1021 3498 1053 3550 Τ.
1070 3499 1142 3552 Scri·

50 3601 134 3655 ptores
147 3591 184 3645 de
197 3590 339 3658 baptismo
352 3589 529 3642 disserentes.
540 3585 645 3652 (Marc.
660 3589 681 3652 l,
690 3585 718 3656 9)
732 3605 738 3650 ;
750 3587 837 3654 Joan.
852 3587 908 3653 lll,
920 3601 964 3653 23;
983 3582 1046 3639 Aa.
1058 3587 1142 3652 Vlll,

50 3677 163 3746 38·39)···
184 3675 217 3745 d)
230 3693 264 3729 ex
277 3675 367 3729 obiter
379 3673 462 3728 dietis
476 3675 562 3727 relate
575 3673 611 3727 ad
625 3673 709 3727 ritum
722 3674 824 3743 ipsum,
837 3689 901 3726 eum
914 3672 975 3739 ejus
988 3673 1143 3740 explicatur

49 3762 208 3829 significatio
228 3761 319 3827 (Rom.
335 3762 387 3824 Vl,
400 3773 464 3830 3·5;
482 3760 568 3814 Colos.
585 3761 624 3828 11,
641 3761 713 3826 12)...
735 3759 762 3826 e)
776 3777 810 3813 ex
823 3759 899 3827 praxi
914 3755 1141 3826 primigeniamm

50 3849 237 3915 Ecclesiarum,
260 3865 324 3917 quze
343 3848 448 3902 scilicet
467 3847 556 3903 altero
574 3847 617 3900 vel
637 3846 717 3900 tertio
737 3846 850 3900 ineunte
863 3845 973 3898 'saeculo
990 3844 1141 3912 florebant;

49 3933 70 3998 l)
81 3952 112 3989 ex
125 3936 202 4005 praxi
216 3935 354 3989 Ecclesiae
366 3951 466 4004 graecae
478 3935 516 3988 ad
528 3944 625 3988 nostra
638 3950 726 4002 usque
739 3943 867 4001 tempora
876 3933 898 3988 ¹¹.
914 3931 1033 4003 (Havey,
1051 3933 1141 4004 bapti-

50 4033 95 4084 sta,
108 4021 275 4090 Systematie
289 4022 387 4075 Theoi.
404 4038 430 4090 p.
446 4037 476 4090 3¹
481 4038 497 4091 3
510 4023 567 4090 sq.)

80 4107 182 4163 ³Eccli
197 4109 335 4174 XXXIV,
353 4123 393 4174 30.
407 4139 441 4146 —
453 4117 464 4147 ⁴
475 4109 564 4162 Num.
581 4109 662 4170 XlX,
682 4123 720 4160 12.
738 4138 770 4146 -
784 4111 793 4143 ⁵
806 4109 898 4162 Marc.
913 4108 981 4174 Vll,
994 4121 1020 4172 4.

79 4191 143 4247 lDe
155 4196 216 4262 lege
231 4194 328 4260 Hebe,
342 4195 359 4248 l.
378 4194 426 4260 lV,
443 4210 467 4247 c.
484 4195 552 4260 Xll,
567 4191 582 4262 ἕ
599 4209 638 4248 11.
870 4245 872 4250 .

80 4277 173 4335 'Hinc
193 4279 270 4336 redis
292 4280 331 4334 ait
351 4280 451 4351 Hodge
471 4281 522 4350 (op.
546 4282 591 4334 cit.
615 4296 642 4348 p.
670 4293 729 4348 327,
754 4279 838 4351 533):
867 4279 985 4336 “Stulte
1005 4277 1139 4333 asseritur
