2780 4646
233 137 278 189 so
474 167 476 170 -
562 115 566 122 '
686 133 826 186 carur
842 133 884 182 11.

232 329 289 385 tur;
308 335 376 389 quae
389 335 450 375 non
463 327 508 374 est
521 317 584 374 sola
591 323 770 387 peccatorum
784 314 919 384 remissio,
934 312 987 371 sed
1000 321 1029 370 et
1042 309 1235 381 sanliificotro
1251 317 1283 365 et
1294 325 1333 362 re·

232 402 347 458 novatio
359 401 507 457 interioris
525 401 650 459 iornim's
664 420 716 474 per
729 401 926 459 voluntariam
945 397 1166 470 susceptionem
1177 394 1289 467 gratio
1307 403 1333 449 et

231 487 379 544 donorum.
420 487 512 546 Unde
525 488 617 546 homo
630 507 666 546 ex
685 489 796 559 injusto
817 487 964 558 injustus,
983 495 1060 543 etex
1077 483 1199 541 inimico
1211 481 1330 545 aorimr,

214 593 219 599 ·
231 584 264 631 ut
276 575 313 632 sit
323 575 412 632 dores
422 575 587 632 secundum
602 593 686 648 spem
698 576 764 633 vitae
777 585 895 633 aeternae
906 573 931 632 ''.
965 572 1084 645 Quibus
1098 570 1194 629 verbis
1204 577 1334 640 quatuor

231 661 419 720 declarantur
434 684 441 719 ε
470 661 510 732 (a)
522 663 685 732 negativum
698 661 918 733 justificationis
937 660 1128 724 elementum,
1141 675 1181 713 sc.
1195 665 1332 728 peccato-

230 765 295 804 rum
308 747 458 815 remissi0;
479 749 519 818 (b)
526 749 681 818 positivum
695 749 887 818 elementum,
904 766 943 805 sc.
958 744 1155 804 sanctificatio
1168 753 1197 801 et
1210 759 1332 798 renova·

230 836 272 891 tio
285 853 352 893 vere
367 835 496 902 interum
518 838 555 904 (c)
569 837 693 892 oredium
712 835 751 892 ad
763 833 1004 905 Justificationem
1020 829 1280 901 consequendam,
1296 826 1332 881 vi-

230 921 338 980 delicet
352 922 515 980 voluntaria
529 923 681 995 susceptio
694 923 795 993 gratiae
809 921 983 987 habitualis;
1002 920 1043 989 (d)
1055 916 1169 989 efficior
1181 915 1330 986 ejusdem,

230 1026 323 1080 quum
338 1009 430 1067 homo
441 1010 619 1080 iustificatos
632 1011 670 1067 sit
681 1011 786 1079 justus,
802 1010 858 1066 Dei
870 1008 984 1064 amicus
998 1015 1027 1064 et
1040 999 1133 1063 heies.

265 1096 393 1167 “Hujus
410 1096 633 1167 justificationis
647 1113 744 1153 causae
758 1105 835 1162 sunt,
844 1094 953 1167 finalis
965 1092 1097 1165 quidem,
1111 1089 1210 1162 glorio
1225 1088 1284 1145 Dei
1306 1099 1333 1143 et

229 1179 348 1252 Christi,
364 1200 399 1239 ac
413 1182 472 1240 vita
485 1195 595 1240 aeterna
612 1203 617 1239 :
637 1181 757 1254 officiens
770 1199 848 1251 vero,
860 1180 1018 1236 misericors
1031 1177 1122 1248 Deus,
1138 1176 1190 1247 qui
1203 1173 1332 1246 gratuito

228 1265 323 1324 abluit
335 1279 364 1324 et
378 1267 552 1338 sanctificat,
564 1269 685 1338 signans
698 1278 728 1326 et
742 1285 857 1339 ungens
871 1267 981 1339 Spiritu
993 1262 1198 1337 promissionis
1212 1261 1332 1326 Sancto,

229 1353 279 1423 qui
300 1364 344 1411 est
364 1354 666 1430 pignus-hereditatis
680 1365 788 1412 nostrae
804 1374 810 1410 ε
831 1352 980 1409 meritorio
995 1361 1106 1421 autem,
1122 1347 1332 1407 dilectissimus

229 1438 411 1509 Unigenitus
423 1457 505 1510 suuS,
520 1441 669 1498 Dominus
683 1453 783 1498 noster
788 1441 878 1514 Jerus
889 1440 1032 1507 Christus,
1041 1437 1101 1508 qui,
1115 1455 1185 1494 cum
1199 1449 1332 1493 essemus

229 1524 350 1595 inimici,
366 1535 487 1596 propter
500 1526 623 1583 nimiam
637 1527 798 1596 caritatem,
812 1544 871 1598 qua
885 1526 986 1584 dilexit
1000 1541 1062 1594 nos,
1079 1523 1133 1580 sui
1145 1519 1331 1578 sanctissimi

229 1613 368 1682 passione
382 1613 411 1668 in
425 1612 507 1684 ligno
520 1614 615 1670 crucis
630 1614 717 1670 nobis
730 1612 975 1684 iustificationem
995 1609 1112 1676 meruit,
1128 1621 1158 1666 et
1178 1627 1231 1680 pro
1245 1605 1331 1664 nobis

229 1697 297 1755 Deo
307 1699 384 1755 Patri
399 1699 541 1757 satisfecit
555 1722 561 1756 :
583 1700 816 1756 instrumentalis
827 1699 907 1764 item,
921 1699 1146 1755 Sacramentum
1158 1693 1329 1766 Baptismi,

230 1784 313 1854 quod
322 1794 366 1842 est
378 1785 601 1842 Sacramentum
609 1785 693 1856 fidei,
707 1786 770 1843 sine
784 1786 844 1856 qui
858 1785 930 1841 nulli
945 1801 1078 1854 unquam
1089 1781 1215 1853 contigit
1228 1777 1331 1850 justifi-

230 1870 309 1927 catio
325 1891 332 1927 :
361 1871 484 1929 demum
498 1872 586 1928 unica
592 1872 735 1942 formalis
747 1890 836 1929 causa
849 1871 1019 1942 estjustiiro
1033 1869 1101 1934 Dei,
1119 1885 1180 1924 non
1195 1868 1253 1938 qud
1269 1867 1332 1937 ipse

229 1958 326 2029 justus
340 1967 391 2028 est,
406 1958 459 2016 sed
480 1959 540 2028 qut
553 1976 607 2015 nos
619 1961 715 2029 justos
728 1960 798 2016 facit
812 1980 818 2016 :
838 1959 898 2028 qus
910 1956 1049 2015 videlicet
1061 1954 1100 2012 ab
1114 1972 1151 2014 eo
1165 1952 1277 2022 donati,
1291 1969 1331 2008 re·

232 2062 377 2102 novamur
396 2045 500 2117 spiritu
515 2046 623 2102 mentis
637 2056 754 2115 nostrae,
768 2058 797 2103 et
812 2063 871 2101 non
885 2044 974 2101 modo
993 2051 1175 2114 reputamur,
1191 2040 1244 2098 sed
1264 2055 1331 2095 vere

227 2131 297 2210 justi
312 2131 511 2202 nominamur,
527 2143 556 2188 et
570 2149 681 2201 sumus,
687 2132 838 2203 justitiam
852 2131 883 2186 in
898 2130 976 2187 robis
989 2127 1159 2199 rccrpr'entes,
1175 2124 1330 2197 unusquis·

229 2235 288 2287 que
307 2235 390 2274 suam
410 2217 577 2274 secundum
598 2235 776 2288 mensuram,
800 2235 889 2288 quam
911 2216 1037 2288 Spiritus
1061 2213 1187 2270 Sanctus
1210 2212 1331 2284 partitur

229 2303 352 2374 singulis
366 2314 454 2375 prout
464 2303 535 2368 vult,
551 2314 581 2360 et
595 2304 761 2361 secundum
776 2303 924 2376 propriam
943 2303 1089 2373 cujusque
1103 2299 1329 2372 dispositionem

229 2399 258 2446 et
271 2391 515 2461 cooperationem
526 2391 549 2446 '’.
591 2390 682 2460 (Sess.
697 2391 753 2456 Vl,
768 2408 832 2462 cap.
848 2392 883 2462 7).

215 2645 218 2651 y
272 2549 358 2625 Art.
381 2549 408 2625 l.
433 2550 496 2626 De
524 2549 855 2648 dispositionibus
884 2550 931 2627 ad
951 2545 1289 2649 justificationem

676 2684 889 2765 reqursrtrs.

275 2813 341 2880 116.
372 2814 511 2890 Parvuli,
522 2816 579 2897 qui
590 2835 649 2896 per
657 2816 862 2897 baptismum
874 2815 1109 2895 justificantur,
1121 2813 1212 2876 nulla
1223 2815 1330 2894 dispo·

230 2916 349 2977 ¹sitione
368 2918 528 2998 indigent,
542 2937 645 2998 quum
664 2918 787 2979 nullius
804 2916 898 2980 attus
916 2918 1086 2980 rationalis
1103 2917 1170 2979 sint
1187 2935 1329 2999 capaces.

231 3018 350 3080 Adulti
374 3039 452 3080 vero
475 3020 517 3081 ad
540 3019 813 3100 justificationem
839 3041 911 3081 sese
933 3040 1121 3101 praeparare
1136 3020 1262 3083 debent
1278 3034 1331 3099 per

230 3117 324 3182 actus
341 3120 426 3195 fidei,
437 3123 573 3197 timoris,
586 3124 666 3203 spei,
678 3123 843 3184 inchoatae
860 3121 1049 3184 dilectionis
1066 3132 1099 3184 et
1116 3121 1331 3186 contritionis.

230 3233 267 3284 ut
279 3223 406 3304 optime
419 3245 438 3284 a
454 3224 599 3288 Tridrot.
612 3227 799 3307 explicatur
816 3227 907 3304 (sess.
920 3227 981 3300 VI,
992 3246 1062 3307 cap.
1073 3227 1116 3306 6).
1145 3226 1330 3289 Protestan·
1382 3231 1383 3310 ᾗ

231 3325 280 3382 t'es
297 3331 408 3382 autern
426 3322 575 3404 plerique
592 3324 653 3386 hic
670 3327 713 3387 de
730 3345 763 3386 re
781 3324 960 3404 dupliciter
976 3334 1108 3386 errant:
1141 3324 1190 3404 (a)
1213 3325 1332 3386 docent
1382 3329 1383 3332 ’

231 3425 319 3486 enirn
322 3424 427 3505 fidem
439 3446 511 3487 esse
523 3428 626 3489 solam
640 3428 868 3490 conditionem
887 3429 927 3491 ad
938 3428 1212 3507 justificationem
1232 3426 1331 3508 requi·
1382 3435 1383 3452 ¹

232 3529 340 3602 sitam,
360 3549 401 3590 eo
424 3531 514 3610 quod
540 3531 651 3606 hom0,
668 3530 883 3612 spiritualiter
899 3551 958 3612 per
974 3541 1149 3612 peccatum
1175 3541 1331 3602 mortuus,
1382 3507 1383 3590 i

232 3629 357 3692 nullam
380 3627 525 3693 activam
543 3643 673 3713 partem
692 3635 724 3695 in
741 3637 802 3696 sua
818 3633 1056 3697 resurrectione
1072 3633 1194 3696 habere
1211 3643 1332 3715 potest;
1382 3683 1383 3710 ,

232 3731 283 3812 (b)
300 3732 408 3806 fidem,
426 3753 500 3813 quae
514 3735 685 3814 justificat,
702 3756 768 3797 non
793 3756 865 3796 esse
889 3734 1013 3799 directe
1040 3735 1138 3797 fidem
1163 3737 1331 3816 mysterio·
1382 3723 1383 3732 ¹

232 3836 381 3908 rum,sed
391 3836 563 3916 fiduciam,
574 3842 640 3917 qua
656 3839 730 3918 quis
747 3839 854 3899 credit
870 3847 1008 3918 peccata
1025 3858 1097 3898 esse
1111 3837 1173 3899 sibi
1191 3840 1331 3909 remissa,

268 4037 275 4060 ¹
287 4031 502 4085 Sacramentum
513 4032 650 4101 Baptismi
660 4033 706 4086 hic
717 4043 895 4099 memoratur,
906 4033 971 4103 quia
980 4044 1023 4086 est
1034 4050 1120 4087 unum
1129 4046 1156 4088 et
1165 4037 1332 4104 praecipunm

232 4129 264 4166 ex
279 4111 370 4165 causis
390 4114 652 4168 instrumentalibus
661 4115 882 4183 justificationis,
894 4115 944 4169 sed
958 4131 1015 4168 non
1029 4117 1215 4170 excluduntur
1227 4117 1283 4171 alia
1295 4132 1333 4169 sa·

231 4209 386 4252 eramenta.
