2808 4664
235 169 299 219 732
508 169 562 217 DE
582 169 663 220 DEO
683 168 1052 221 REMUNERATORE.

237 289 358 296 ..-.......
366 288 405 294 -.-
453 287 614 299 .-p—..-
629 289 864 295 -—-.—-—
871 290 884 296 .-

231 373 306 433 quae
330 352 371 412 ad
398 351 486 431 ipsos
509 351 696 430 diriguntur
719 352 866 414 audiunt.
915 353 1004 414 Hinc
1028 351 1185 432 praeclare
1211 348 1247 412 S.
1274 349 1329 428 Cy-

225 455 366 535 prianns
389 455 480 516 ait1:
505 453 677 515 “Patriam
702 464 849 516 nostram
873 455 1062 535 paradisum
1087 463 1330 535 computamus,

231 565 384 638 parentes
404 555 609 617 Patriarchas
625 555 745 618 habere
759 557 828 636 jam
845 558 1007 637 coepimus
1020 607 1026 618 .
1040 606 1046 619 .
1060 607 1085 619 ..
1105 576 1249 636 magnus
1265 555 1330 618 illic

231 677 291 720 nos
318 676 470 718 carorum
503 675 658 718 numerus
689 655 863 738 exspedtat
894 668 1083 738 parentum,
1112 656 1329 719 fratrum...

228 757 297 838 jam
315 735 357 818 de
373 759 432 818 sud
449 755 706 818 immortalitate
729 775 855 830 secura,
872 766 906 818 et
930 757 1039 819 adhuc
1062 758 1106 820 de
1129 759 1244 818 nostrii
1267 756 1330 818 sol-

232 857 321 920 licita
333 857 348 882 '’
361 869 381 920 ¹.

525 994 572 1049 11.
597 992 652 1049 De
674 1004 805 1050 amore
828 991 1036 1050 beandam.

272 1118 321 1186 66.
368 1121 565 1183 lnnn'n'oarn
594 1121 748 1182 visionem
775 1123 922 1202 seqnitur
946 1145 1041 1185 (alitor
1066 1122 1246 1205 beatificus,
1273 1145 1332 1203 qno

233 1225 351 1288 Sanni
360 1225 453 1305 plene
468 1234 499 1286 et
507 1225 643 1305 perfecie
659 1223 766 1286 Dnnn
779 1224 930 1306 diltgncnt.
966 1225 1095 1290 Certum
1109 1237 1163 1289 esf.
1204 1239 1236 1287 1⁰
1247 1225 1331 1290 Scri-

231 1338 328 1411 ptura
351 1328 440 1390 enim
465 1336 605 1390 testatur
627 1327 808 1402 caritatem,
824 1347 880 1390 seu
905 1349 1051 1391 amorem
1072 1330 1136 1392 Dei
1161 1349 1332 1410 nunquam

230 1429 367 1493 deficere
392 1431 423 1491 in
448 1431 558 1494 coelo:
588 1429 744 1492 “Caritas
765 1451 931 1511 nunqnam
953 1432 1078 1507 excidit,
1098 1434 1168 1494 sive
1192 1433 1334 1514 prophe·

231 1535 287 1597 tiae
302 1533 559 1609 euacuabuntur‚
576 1534 644 1595 sive
668 1533 790 1614 linguae
814 1535 1000 1610 cessabunt,
1017 1537 1086 1598 sive
1110 1536 1251 1598 scientia
1276 1536 1336 1597 de-

232 1638 433 1701 structur'’³.

280 1754 314 1802 2⁰
342 1739 442 1810 Cone.
471 1739 646 1804 Viennense
671 1740 848 1801 declaravit
880 1741 1120 1804 beatitudinem
1153 1741 1337 1804 consistere

232 1843 288 1905 “in
305 1844 426 1906 visione
441 1854 471 1906 et
477 1844 641 1922 fruitione
656 1844 760 1916 netz·
781 1843 927 1924 jamvero
940 1845 1002 1907 sub
1016 1846 1152 1906 nomine
1170 1845 1336 1908 fruitionis

232 1948 265 2008 di
275 1947 424 2028 signatur
440 1966 542 2020 amor,
558 1967 660 2028 quum
680 1945 789 2008 fruitio
806 1947 848 2008 sit
865 1949 986 2010 amoris
1002 1945 1148 2010 effedtus.

277 2064 310 2129 3⁰
327 2051 401 2112 aar.
425 2048 527 2110 Theol.
575 2048 740 2112 Voluntas
757 2051 845 2114 enim
863 2063 975 2114 nostra
997 2050 1215 2114 infallibiliter
1232 2050 1338 2114 fertur

234 2155 264 2216 in
282 2173 447 2214 summum
467 2153 598 2226 bonum,
610 2151 705 2212 simul
724 2173 762 2212 ac
778 2165 827 2216 est
843 2157 1014 2218 evidenter
1029 2157 1217 2234 cognitum3
1239 2158 1337 2238 atqui

232 2278 290 2339 per
302 2257 461 2318 visionem
488 2256 674 2317 intuitivam
692 2256 861 2318 euidenter
884 2258 1107 2339 intelligemus
1128 2259 1236 2320 Deum
1263 2279 1337 2320 esse

234 2376 400 2418 summum
430 2356 576 2431 bonum;
611 2376 689 2436 ergo
718 2357 872 2421 voluntas·
900 2371 1013 2424 nostra
1044 2360 1265 2423 infallibiliter
1293 2364 1336 2423 ad

234 2461 344 2524 Deum
360 2479 417 2539 per
429 2479 576 2521 amorem
591 2461 715 2534 tendet,
726 2469 758 2522 et
771 2461 905 2540 quidem
921 2461 1209 2524 ferventissimum.
1245 2461 1337 2523 Nam

233 2581 299 2643 quo
317 2560 424 2641 majus
438 2572 487 2623 est
501 2562 624 2623 bonum
639 2564 727 2641 quod
743 2565 937 2644 proponitur
950 2574 983 2627 et
995 2585 1063 2646 quo
1075 2564 1196 2626 clarius
1209 2566 1338 2646 perspi·

232 2665 324 2738 citur,
341 2683 381 2724 eo
399 2665 567 2746 potentius
591 2665 632 2725 ad
657 2683 692 2724 se
716 2664 816 2728 trahit
836 2665 999 2730 affedtum.
1048 2667 1154 2746 Atqui
1174 2667 1267 2728 Deus
1285 2679 1338 2728 est

233 2769 357 2831 bonum
380 2765 508 2831 infinite
524 2767 700 2840 excellens,
718 2767 830 2831 omnia
847 2767 1022 2827 continens
1045 2786 1121 2846 quae
1145 2766 1340 2828 desiderare

234 2892 424 2954 possumus,
448 2881 479 2933 et
505 2872 536 2932 in
561 2869 646 2932 coelo
670 2871 769 2952 clare,
792 2881 917 2951 aperte,
942 2871 1135 2932 immediate
1160 2869 1339 2931 videbitur.

236 2975 324 3036 Huic
336 2974 415 3035 addi
433 2985 542 3054 potest
560 2975 647 3055 quod
667 2974 751 3035 sicut
769 2970 955 3034 intellectus
972 2973 1097 3034 lumine
1109 2972 1224 3053 gloriae
1238 2971 1339 3053 perfi-

233 3078 335 3138 cietur
348 3078 389 3138 ad
408 3075 587 3138 videndum
609 3076 725 3149 Deum,
740 3076 784 3136 ita
800 3085 834 3136 et
850 3075 1003 3138 voluntas
1021 3076 1200 3137 lleatorum
1218 3073 1339 3137 habitu

233 3179 379 3241 caritatis
396 3178 579 3259 augebitur,
596 3189 628 3239 et
646 3178 779 3258 quidem
798 3176 1046 3258 perfectissimo,
1059 3178 1101 3239 ad
1121 3177 1253 3239 Bonum
1274 3177 1341 3241 Su-

234 3301 383 3363 premum
403 3279 640 3362 perfectissime
656 3280 870 3362 diligendum.

279 3381 425 3448 Effec'tus
442 3393 552 3446 autem
572 3381 713 3444 beatifici
737 3384 858 3444 amoris
875 3383 1000 3464 duplex
1028 3383 1187 3444 recenseri
1214 3392 1343 3464 potest.

232 3487 368 3560 ecstasis,
381 3498 414 3548 et
428 3486 504 3548 nnn)
516 3506 590 3547 cum
607 3485 688 3547 Deo¹
736 3485 828 3546 Prior
844 3489 874 3548 in
889 3506 929 3547 eo
941 3487 1092 3548 consistit
1109 3485 1201 3566 quod
1218 3507 1344 3548 amans

233 3589 278 3650 ita
296 3590 327 3650 in
341 3585 499 3650 diledtum
514 3587 715 3662 transfertur,
728 3599 763 3649 ut
777 3586 826 3647 sui
839 3596 873 3647 et
890 3605 997 3646 rerum
1011 3605 1144 3646 suarum
1158 3585 1342 3647 oblivisca-

233 3700 310 3751 tur:
334 3690 472 3770 proinde
492 3691 584 3752 lleati
611 3691 656 3750 ita
673 3689 875 3769 cogitatione
892 3697 924 3749 et
942 3685 1062 3750 affectu
1081 3689 1112 3748 in
1132 3688 1247 3750 Deum
1275 3699 1344 3750 tra-

236 3813 590 3823 ·--..-—---——--—
609 3814 700 3821 ....--—

268 3867 276 3890 ¹
290 3865 333 3915 De
348 3865 487 3918 illnrlaln.
504 3865 531 3917 in
547 3865 691 3917 fine-Cf.
708 3862 850 3926 Btllnnrt,
868 3865 912 3917 lJe
928 3865 997 3931 Deo,
1017 3865 1092 3916 Diss
1112 3865 1161 3928 lv,
1175 3882 1201 3917 a.
1217 3863 1285 3934 100}
1301 3867 1346 3918 ll:

234 3948 333 4008 illerde,
352 3949 405 4000 Les
420 3949 489 4001 Elus
503 3967 533 4002 se
547 3949 757 4003 reconnaltront
769 3966 805 4000 au
819 3949 883 4013 ciel;
906 3949 978 4013 olor,
994 3951 1037 4001 Au
1058 3948 1110 4002 ciel
1131 3966 1169 4002 on
1190 3965 1221 4003 se
1242 3968 1345 4005 recon-

235 4031 302 4092 nait,
317 4033 426 4099 anglice
438 4051 551 4088 version
568 4037 599 4087 ln
616 4037 735 4089 Heaven
751 4053 790 4088 we
804 4036 884 4087 know
898 4052 1030 4100 euronii,
1050 4037 1124 4102 1890.

269 4117 402 4168 'Suum
415 4118 449 4170 de
464 4119 573 4172 Ultimo
588 4120 643 4172 fine
660 4121 731 4190 disp.
752 4123 811 4185 ΙΧ;
835 4123 950 4190 lessius,
968 4140 1012 4192 op.
1030 4124 1075 4176 cit.
1093 4125 1110 4176 l.
1131 4125 1171 4186 ll,
1188 4141 1213 4178 c.
1234 4139 1263 4177 ιι
1283 4143 1344 4194 sq.:

241 4203 365 4265 Terrien,
380 4204 398 4255 l.
415 4221 439 4255 c.
456 4222 482 4274 p.
502 4223 558 4274 ¹93·

326 4287 386 4340 cor.
405 4290 489 4354 xiii,
508 4294 530 4344 a
