2752 4648
200 157 256 206 DE
276 156 495 207 uxsrlsmo
511 149 784 207 PRAESENTlAE
802 157 965 207 nanus.
1065 155 1125 208 361

1094 271 1127 278 —..

55 328 159 388 cultates
167 331 206 390 ab
214 317 387 391 adversariis
401 333 575 405 propositas.
613 329 682 391 Istae
692 351 727 391 ex
740 333 846 406 triplici
859 333 1020 405 praesertim
1031 333 1129 405 capite

54 412 248 475 desumuntur:
271 431 296 474 1⁰
307 438 343 477 ex
362 420 450 477 nrulti
466 420 621 492 praesentia
640 422 771 493 corporis
791 420 913 486 Christi;
932 430 959 476 κθ
971 438 1006 478 ex
1014 429 1129 492 perma-

53 502 135 558 anta
151 504 333 562 accidentium
352 506 438 578 panis
456 517 486 564 et
506 507 565 564 vini
579 527 586 577 ;
606 505 632 576 3⁰
644 524 680 564 ex
697 508 868 565 connexione
886 509 964 564 inter
975 507 1129 565 accr'dentia

54 586 91 644 illa
101 599 128 647 et
139 601 237 663 corpus
253 593 373 652 Christi.
822 585 823 590 ἵ

400 727 425 783 1⁰
437 725 491 783 Ea·
504 727 591 784 nrrrlli
598 728 760 800 prasentrii.

79 859 112 911 da
148 856 196 924 (Α)
207 857 301 915 Prima
315 857 403 930 igitur
415 859 572 918 difficultas
585 860 627 918 sic
641 859 817 932 exponitur:
838 851 1029 932 Impossibile
1041 869 1084 918 est
1098 869 1130 918 ut

52 936 118 997 idem
127 959 233 1014 corpus
243 944 280 1001 sit
290 945 377 1002 simul
392 945 421 1002 in
433 945 564 1018 pluribus
578 946 662 1018 locis;
680 945 761 1018 atqui
777 946 872 1019 posita
882 947 950 1004 reali
963 948 1126 1020 praesentia,

51 1041 144 1098 corpus
155 1029 264 1088 Christi
285 1041 363 1089 esset
383 1032 470 1089 simul
492 1033 521 1089 in
542 1031 675 1104 pluribus
695 1033 776 1102 locis,
792 1050 832 1089 sc.
849 1032 878 1088 in
896 1033 983 1101 coelo,
995 1044 1024 1092 et
1041 1051 1130 1106 super

51 1115 136 1170 omnia
147 1117 257 1188 altaria,
271 1119 300 1174 in
314 1119 424 1190 quibus
436 1121 522 1192 panis
534 1130 563 1178 et
576 1120 678 1177 vinum
691 1130 914 1190 consecrantum
933 1137 1011 1192 ergo.

78 1200 156 1273 Resp.
192 1204 233 1276 (ι)
253 1204 342 1276 Juxta
361 1206 522 1264 modernos
543 1205 750 1269 Scholasticos,
768 1206 817 1262 sic·
830 1206 1047 1277 respondetur;
1064 1207 1129 1264 dist.

51 1287 178 1360 majorem,
195 1292 316 1362 quando
336 1293 431 1364 agitur
450 1293 488 1350 de
508 1311 633 1366 corpore
652 1293 809 1350 aliualiter
826 1303 957 1365 extenso,
975 1301 1131 1362 transeat,-

51 1374 157 1441 quando
175 1377 272 1448 agitur
291 1379 330 1436 de
349 1395 475 1451 corpore
494 1379 731 1450 aptr‘tudinalr'ler
749 1389 880 1450 extenso,
904 1397 993 1451 nego;
1022 1398 1130 1453 corpus

52 1461 117 1516 enim
134 1463 367 1534 aptitudinaliter
385 1483 437 1524 seu
459 1467 573 1524 interne
592 1477 746 1525 extensum
767 1484 827 1523 non
846 1467 1097 1526 circumscribitur
1113 1486 1131 1524 a

51 1547 140 1619 spatio,
154 1550 340 1622 proindeque
359 1562 456 1624 potest
475 1570 539 1610 esse
558 1554 645 1611 simul
666 1554 695 1611 in
715 1553 848 1626 pluribus
867 1553 948 1623 locis;
965 1555 1040 1611 sicut
1059 1574 1085 1610 v.
1100 1573 1128 1624 g.

51 1631 198 1693 substantia
219 1637 327 1695 animae
348 1647 392 1695 est
415 1655 543 1710 praesens
561 1639 701 1697 omnibus
725 1639 856 1711 partibus
875 1640 1007 1712 corporis
1028 1639 1129 1710 nostri,

50 1731 92 1775 aut
107 1722 268 1781 substantia
286 1723 347 1780 auri
367 1735 411 1782 est
431 1741 559 1796 praesens
572 1725 713 1783 omnibus
732 1726 882 1798 particulis
902 1745 1006 1785 massae
1024 1745 1128 1785 aureae.

53 1804 109 1862 Dixi
120 1815 253 1880 transeat,
265 1812 343 1882 quia,
355 1811 437 1882 juxta
447 1811 588 1870 Scotistas
601 1822 631 1870 et
643 1813 840 1884 Dynarnistas,
854 1813 976 1871 minime
989 1824 1132 1886 repugnat

51 1907 144 1966 corpus
155 1907 309 1956 extensum
323 1898 353 1955 in
367 1898 500 1971 pluribus
513 1899 601 1956 simul
614 1899 686 1956 locis
700 1917 773 1968 esse,
787 1910 818 1956 ut
831 1917 919 1970 supra
932 1901 1130 1972 exposuimus.

53 1978 296 2056 Contradistinguo
308 1985 446 2042 nn'norem
460 2007 472 2042 .·
489 2003 597 2058 corpus
610 1985 720 2044 Christi
734 1997 778 2044 est
792 1986 913 2057 quidem
929 1985 958 2043 in
972 1986 1049 2044 coelo
1063 2004 1131 2043 cum

50 2071 206 2130 extensione
219 2073 272 2129 sud
284 2071 401 2143 actuali,
417 2073 514 2130 sedin
529 2073 714 2131 Eucharistia
730 2073 826 2130 existit
845 2073 909 2129 sine
928 2073 1013 2130 locali
1033 2083 1132 2131 exten·

49 2154 128 2224 sione,
140 2175 190 2216 seu
209 2175 263 2230 per
280 2161 405 2218 modum
424 2159 607 2224 substantia,
627 2178 662 2216 ac
681 2161 808 2232 proinde
828 2170 926 2232 potest
949 2161 978 2216 in
999 2160 1133 2232 pluribus

50 2240 110 2300 locis
122 2245 206 2304 simul
219 2247 351 2304 existere.
393 2247 459 2306 Nec
476 2258 574 2318 potest
587 2247 647 2304 dici
660 2247 863 2305 extensionem
877 2245 1024 2304 actualem
1037 2247 1076 2304 ad
1089 2265 1133 2304 es·

49 2331 159 2389 sentiam
171 2334 304 2405 corporis
317 2334 475 2406 pertinere3
494 2353 573 2406 nam,
587 2336 669 2406 Juxta
683 2335 840 2407 plerosque
854 2333 1058 2406 philosophos,
1073 2351 1133 2392 non

48 2417 130 2476 solum
143 2421 292 2492 antiquos,
308 2431 339 2478 ut
353 2421 544 2479 Aristotelem
558 2433 587 2480 et
603 2423 768 2487 Platonem,
784 2439 844 2479 non
864 2422 960 2480 solum
975 2422 1133 2481 Scholasti-

48 2518 98 2571 cos,
110 2505 159 2563 sed
172 2506 261 2564 etiam
275 2507 445 2578 modernos,
458 2517 489 2564 ut
504 2507 711 2579 Leibnitzium,
727 2507 861 2580 aliosque
875 2509 994 2576 multos,
1006 2511 1134 2568 essentia

48 2592 164 2662 corporis
178 2594 206 2650 in
220 2593 392 2652 extensione
411 2595 497 2652 locali
518 2606 635 2653 nonest
649 2596 831 2668 reponenda,
844 2597 896 2654 sed
917 2598 946 2652 in
965 2596 1133 2669 pluralitate

49 2679 159 2743 partium
178 2679 218 2737 ab
236 2680 363 2738 invicem
378 2681 593 2752 distindiarum,
610 2692 639 2740 et
658 2683 688 2738 in
707 2682 848 2740 facultate
866 2683 980 2754 aliquid
999 2684 1132 2756 patiendi

48 2765 83 2820 vel
101 2768 203 2837 agendi
221 2789 228 2824 2
254 2785 289 2824 ac
308 2768 435 2840 proinde
453 2786 561 2841 corpus
575 2769 685 2828 Christi
705 2780 802 2840 potest
820 2787 872 2841 per
884 2769 1134 2842 omnipotentiam

49 2849 95 2908 Dei
117 2871 178 2913 esse
202 2873 305 2912 verum
331 2873 440 2926 corpus
465 2858 675 2927 organizatum,
703 2857 776 2928 quin
807 2867 907 2913 tamen
936 2857 971 2913 sit
1003 2856 1136 2914 localiter

47 2949 197 2998 extensum.
637 2994 638 2997 ,

74 3028 109 3094 (b)
119 3029 166 3086 Ad
179 3039 311 3087 mentem
327 3029 356 3086 S.
371 3029 493 3100 Thanna,
503 3035 700 3104 respondetur
714 3054 719 3088 :
740 3031 826 3088 Idem
840 3048 948 3103 corpus
962 3047 1023 3088 non
1037 3039 1135 3102 potest

47 3126 99 3169 esse
115 3115 200 3172 simul
221 3115 251 3172 in
271 3116 406 3188 pluribus
425 3118 497 3176 locis
517 3118 675 3190 prasentia
692 3119 784 3187 laciali,
799 3118 912 3173 retrardo
922 3141 934 3184 ,·
958 3135 1017 3173 non
1038 3126 1136 3188 potest

47 3213 99 3258 csse
116 3203 144 3260 in
164 3221 225 3260 uno
245 3203 312 3260 loco
333 3205 487 3274 praesentia
506 3205 601 3274 locali,
615 3214 645 3262 et
663 3203 734 3262 alibi
755 3221 807 3275 per
825 3205 938 3260 niodum
958 3202 1134 3267 substantie,

47 3301 115 3357 nega·
132 3301 278 3363 repugnat
292 3291 415 3362 quidem
428 3307 537 3362 corpus
550 3307 618 3348 vere
631 3299 659 3346 et
674 3289 791 3360 proprie
806 3289 1023 3357 neteltilocatunu
1036 3289 1106 3358 quia
1119 3308 1136 3345 a

47 3373 130 3446 seipso
149 3377 283 3435 localiter
296 3377 384 3435 distat
403 3387 433 3434 et
451 3394 469 3432 a
487 3377 587 3448 seipso
606 3376 768 3446 dividitur3
790 3377 843 3433 sed
863 3375 926 3433 haec
940 3373 1137 3432 contradictio

47 3465 225 3535 evenanescit‚
237 3465 362 3536 quando
372 3482 480 3536 corpus
494 3474 539 3522 est
551 3464 679 3520 localiter
689 3463 718 3519 in
733 3481 793 3521 uno
807 3473 921 3520 tantum
935 3462 1011 3528 loco,
1024 3471 1053 3518 et
1066 3461 1136 3518 alibi

46 3563 89 3615 per
100 3551 210 3608 modum
224 3552 393 3609 substantiae
407 3575 417 3607 .·
436 3561 507 3610 tunc
521 3553 601 3608 eninr
620 3568 637 3605 a
657 3550 756 3621 seipso
774 3568 834 3606 non
849 3550 945 3618 distat,
963 3566 1018 3605 nec
1033 3547 1138 3605 dividi·

46 3641 89 3690 tur.
126 3639 265 3709 Jamvero
278 3655 387 3709 corpus
401 3637 511 3696 Christi
525 3647 569 3694 est
583 3637 710 3693 localiter
722 3637 844 3708 quidem
865 3637 894 3691 in
912 3636 997 3704 coelo,
1015 3652 1076 3690 non
1094 3641 1139 3690 est

45 3733 131 3781 autem
145 3728 174 3783 in
189 3725 377 3782 Eucharistial
390 3724 530 3792 localiter,
543 3724 596 3781 sed
610 3741 662 3794 per
675 3723 799 3781 modum
814 3722 994 3778 substantiae.

76 3815 107 3878 (c)
121 3813 149 3869 Si
164 3821 269 3870 neutra
282 3811 391 3868 solutio
405 3812 529 3883 placeat,
543 3811 599 3867 alia
619 3811 746 3882 proponi
764 3817 862 3881 potest
878 3809 971 3878 magis
984 3807 1137 3878 generalis,

48 3891 81 3951 L't
103 3900 208 3958 valeret
232 3897 398 3966 difficultas,
421 3897 483 3955 duo
506 3897 624 3969 penitus
647 3897 787 3968 cognosci
811 3894 963 3962 deberent,
987 3911 1026 3952 sc.
1047 3905 1139 3952 status

47 3985 264 4054 supernaturalis
282 3985 414 4055 corporis
432 3984 542 4043 Christi
564 3995 592 4041 et
616 3984 719 4040 intirna
741 3983 869 4040 materias
891 3992 993 4038 natura
1016 3983 1140 4054 ejusque

47 4083 104 4128 cum
128 4073 224 4144 spatio
250 4070 355 4129 relatio
369 4091 377 4142 ;
407 4071 489 4143 atqui
513 4071 593 4143 prius
619 4069 737 4128 nonnisi
763 4068 936 4141 imperfecte
962 4069 1139 4126 revelatione

48 4160 234 4230 cognoscitur,
251 4157 399 4230 posterius
414 4169 528 4228 autern,
545 4167 612 4228 post
631 4157 734 4227 longas
754 4155 1002 4228 philosophorum
1022 4155 1140 4212 investi-

49 4243 180 4316 gationes,
209 4247 346 4316 ignotum
377 4255 523 4313 remanet,
552 4245 655 4301 saltem
683 4243 876 4316 plurimorum
901 4241 1039 4314 judici03
1069 4257 1139 4311 ergo
