2752 4648
250 187 306 236 DE
324 185 611 238 SACRAMENTO
630 185 949 238 EUCHARISTIAE.
1079 181 1145 232 393

60 363 256 430 Eucharistia
273 360 438 430 illuminat
454 375 600 430 mentem
617 375 764 429 nostram
781 365 897 428 contra
919 362 1036 426 mundi
1053 361 1144 424 salia·

57 467 127 542 cias,
141 468 344 532 voluntatem
367 471 500 534 roborat
523 481 640 534 contra
660 471 733 552 ejus
753 469 983 533 blandimenta
1004 476 1037 530 et
1053 466 1144 529 volu-

58 579 165 651 ptates,
187 593 313 656 nosque
337 575 435 638 docet
462 584 674 638 contemnere
701 594 789 636 vana
815 573 988 636 hominum
1009 569 1142 652 judicia

59 672 139 736 Hinc
162 676 279 738 merito
301 688 439 742 vocatur
464 677 672 741 Eucharistia
682 675 943 758 panisfortium,
960 673 1144 752 meritoque
1191 707 1194 712 ·

57 777 136 839 canit
152 778 301 841 Ecclesia
316 777 375 844 “O
391 780 544 844 salutaris
560 780 695 844 hostia...
710 782 754 844 da
770 779 875 854 robur,
888 779 935 842 fer
946 777 1108 840 auxilium
1120 774 1142 836 ''.

58 879 137 942 Hinc
161 881 195 945 S.
212 883 404 946 Bernardus
421 881 534 970 (serm.
551 884 594 946 de
617 883 724 948 Coena
748 884 846 947 Dom.
863 902 893 944 n.
912 881 965 962 3):
988 881 1054 945 “Si
1070 879 1143 961 quis

55 989 188 1042 vestrum
212 1001 279 1044 non
303 991 372 1046 tam
394 1003 484 1066 saepe
500 987 610 1062 modo,
626 1006 693 1050 non
714 996 782 1050 tam
802 985 938 1048 acerbos
961 983 1063 1046 sentit
1081 983 1141 1044 ira·

55 1085 172 1146 cundiae
196 1097 316 1160 motus,
333 1088 475 1164 invidiae,
492 1089 632 1154 luxuriae
656 1099 713 1153 aut
736 1099 919 1151 ceterorum
944 1085 1142 1167 hujusmodi,

55 1189 166 1265 gratias
178 1199 258 1270 agat
269 1193 398 1272 corpori
411 1202 445 1255 et
458 1189 610 1274 sanguini
622 1193 646 1255 ''.
682 1193 728 1254 Et
740 1190 775 1254 S.
787 1189 945 1270 chrysost.
959 1185 1088 1275 (homil.
1100 1187 1143 1264 46

54 1287 81 1350 in
109 1291 217 1373 Joa.):
254 1299 271 1328 “
286 1291 341 1356 Ab
373 1294 427 1356 itta
459 1299 573 1358 mensa
607 1297 799 1358 recedamus
830 1303 990 1373 tanquam
1022 1291 1142 1362 leones,

55 1389 152 1580 igne)m
179 1396 352 1477 spirantes,
381 1397 516 1462 diabolo
543 1398 704 1462 terribiles
716 1398 741 1461 ''.
785 1396 849 1478 (Cf.
882 1396 918 1460 S.
951 1395 1005 1458 Tlr.
1033 1413 1063 1475 q.
1092 1407 1141 1472 79.

55 1497 137 1559 ab.

104 1647 168 1705 lll.
193 1648 250 1707 De
271 1645 475 1708 effectibus
499 1649 757 1709 Eucharistiae
780 1648 908 1722 quoad
930 1659 1083 1719 corpus¹

91 1787 151 1840 112.
203 1786 235 1836 1⁰
249 1773 291 1836 In
307 1775 378 1836 vitri
385 1777 542 1857 prasenti
552 1800 564 1838 .·
586 1775 804 1838 Eucharistia
823 1785 1060 1838 sacramentum
1079 1773 1140 1834 ali-

52 1891 136 1950 quam
159 1875 329 1959 efficacem
349 1877 443 1940 habat
465 1879 499 1941 in
517 1890 642 1959 corpore
657 1889 689 1941 et
700 1881 842 1962 appetitu
861 1877 1023 1952 sensitiva,
1039 1877 1140 1938 arrode-

54 1978 143 2040 rando
156 1999 195 2042 sc.
211 1979 501 2059 conctqtiscentiam.

87 2080 138 2160 (A)
151 2083 257 2163 Juxta
273 2104 390 2146 omnes
407 2084 460 2147 ille
476 2081 614 2148 effedtus
631 2087 823 2166 producitur
839 2083 957 2146 saltem
974 2081 1140 2153 indirecte,-

53 2201 126 2258 nam,
153 2206 196 2248 ex
223 2185 330 2262 dietis,
359 2187 568 2251 Eucharistia
599 2188 767 2251 flammam
795 2187 942 2251 caritatis
969 2185 1140 2254 accendit;

52 2291 129 2368 atqui
146 2291 265 2353 caritas
282 2293 558 2373 concupiscentias
574 2293 726 2355 ardorem
745 2291 896 2353 moderat
910 2311 917 2366 ;
941 2309 1027 2370 ergo,

87 2390 141 2470 (B)
158 2393 225 2456 Sed
244 2394 385 2476 insuper,
399 2395 498 2475 juxta
515 2395 638 2459 Suarez
655 2393 804 2473 aliosque
820 2410 936 2472 graves
957 2389 1140 2470 theologos,

52 2487 96 2552 ille
110 2493 244 2559 effedtus
261 2499 453 2577 producitur
469 2498 570 2560 etiam
587 2498 712 2571 directe,
728 2505 893 2576 quatenus
914 2493 1020 2556 carnis
1038 2493 1140 2555 libido

52 2599 249 2677 temperatur,
277 2600 473 2681 imaginatio
504 2601 703 2675 moderatur,
728 2607 762 2660 et
793 2598 962 2680 appetitus
993 2596 1138 2658 sensitivi

52 2700 207 2772 passiones
230 2703 423 2766 subduntur.
470 2703 606 2767 Etenim
629 2723 706 2766 caro
728 2713 850 2778 nostra,
866 2723 909 2763 ex
930 2701 1139 2783 susceptione

54 2793 266 2878 Eucharistiae,
276 2806 454 2888 specialem
472 2806 669 2871 affinitatem
687 2805 827 2887 acquirit
843 2825 918 2867 cum
936 2824 1034 2866 carne
1047 2803 1138 2866 Chri·

52 2903 92 2973 sti,
116 2907 146 2968 vi
173 2907 267 2988 cujus
295 2929 427 2971 carnem
453 2921 600 2973 nostram
628 2919 665 2972 ut
689 2929 783 2972 suam
809 2909 1020 2982 considerat;
1047 2906 1138 2985 atqui

53 3005 114 3068 talis
129 3009 272 3075 affinitas
289 3032 422 3075 carnem
441 3023 588 3076 nostram
614 3015 754 3076 mundat
770 3021 804 3074 et
819 3007 1013 3086 sanctificat,
1031 3009 1138 3072 nobis-

52 3123 104 3184 que
125 3114 224 3177 veluti
246 3115 300 3196 jus
324 3115 451 3180 confert
474 3127 511 3181 ut
534 3116 691 3198 specialia
715 3113 840 3177 auxilia
864 3113 1073 3176 obtineamus
1097 3111 1138 3173 ad

53 3215 254 3282 resistendum
272 3221 513 3284 tentationibus
534 3221 663 3296 carnis;
686 3238 774 3298 ergo.
823 3216 911 3278 Hinc
929 3215 1138 3279 Eucharistia

54 3319 155 3381 merito
170 3331 307 3386 vocatur
323 3323 435 3385 vinum
444 3325 639 3405 germinans
655 3323 800 3403 virgines
810 3334 830 3384 ².

80 3500 124 3558 ¹S.
137 3507 163 3557 T
160 3506 230 3560 bom.
246 3521 261 3573 3
275 3527 300 3578 p.
317 3525 344 3577 q.
361 3522 404 3578 79,
419 3527 444 3562 a.
461 3528 487 3572 2;
508 3511 624 3576 Suarer,
637 3511 708 3579 disp.
723 3513 767 3576 64;
788 3513 876 3581 Largo,
890 3512 961 3580 disp.
977 3511 1043 3577 XII,
1061 3527 1087 3563 n.
1101 3523 1136 3578 99

53 3597 98 3654 Sq.;
116 3592 233 3660 Drour'rr,
247 3595 263 3646 1.
278 3611 300 3647 c.
315 3609 342 3664 q.
362 3610 408 3658 12;
427 3596 591 3658 Franaelr'n,
607 3597 646 3650 th.
666 3598 711 3662 183
729 3600 762 3650 de
775 3599 897 3668 August.
916 3599 931 3650 1.
946 3615 969 3650 c.

79 3677 150 3730 ²Nec
161 3679 261 3733 mirum
271 3690 315 3734 est
325 3697 425 3751 corpus
435 3682 539 3736 Christi
550 3683 634 3736 tatem
642 3681 773 3737 effectum
784 3683 992 3753 operari‚quum
1004 3682 1032 3734 in
1044 3683 1135 3735 Evan·
1184 3727 1188 3738 .

54 3759 113 3821 aetio
124 3763 248 3833 legatur:
268 3766 381 3821 “virtus
394 3768 429 3821 de
443 3769 489 3822 illo
503 3768 595 3822 exibat
608 3779 636 3823 et
649 3770 768 3824 sanabat
785 3787 883 3824 omnes
893 3770 906 3794 ”
919 3769 998 3836 (Luc.
1015 3769 1065 3834 VI,
1083 3767 1136 3836 19);

54 3845 115 3901 recte
126 3851 197 3904 enim
210 3853 250 3906 ait
265 3853 403 3922 chrysost.
415 3855 454 3922 (in
471 3857 550 3909 Matr.
564 3855 639 3910 hom.
658 3871 698 3924 50,
712 3858 747 3910 al.
761 3869 800 3924 51,
814 3874 840 3910 n.
858 3857 893 3917 z).
914 3855 1048 3924 “Corpus
1062 3872 1135 3908 nunc

54 3933 121 3986 nobis
133 3939 303 4006 propositum
317 3953 428 3994 estnon
443 3940 641 3996 vestimentum
654 3953 762 3996 tantum
777 3943 826 3996 sed
841 3959 950 4012 corpus,
963 3959 1019 3995 non
1033 3952 1063 3995 ut
1076 3953 1135 3996 tan-

53 4031 138 4080 gamus
157 4035 274 4092 tantum,
294 4028 342 4080 sed
365 4028 451 4081 etiarn
473 4039 503 4082 ut
523 4030 705 4083 comedamus
725 4041 752 4082 et
773 4029 913 4083 satiemur.
959 4029 1136 4083 Accedamus

41 4101 123 4206 uitur
135 4127 195 4165 cum
207 4113 264 4166 fide
277 4114 379 4181 singuli
393 4125 571 4182 aegrotantes.
603 4116 712 4168 Nam'
691 4133 714 4168 st
728 4115 744 4168 ii
748 4117 810 4185 ‚qui
826 4115 963 4170 fimbriam
976 4114 1135 4188 vestimenti

41 4168 101 4254 ‘ius
118 4199 275 4268 tangebant,
292 4209 401 4254 tantam
420 4201 473 4254 sibi
492 4211 630 4254 attraxere
650 4202 789 4264 virtutem,
810 4203 923 4272 quando
942 4203 1032 4270 magis
1052 4202 1069 4254 ii
1089 4201 1135 4270 qui

55 4271 131 4341 ipsum
143 4295 228 4342 totum
242 4288 379 4342 tenent?”
