2686 4950
121 164 189 215 350
580 163 719 215 CAPUT
737 162 763 213 1.
878 171 882 177 '

119 341 230 421 imago
247 342 279 402 in
296 360 335 402 eo
351 350 449 402 antea
466 343 702 421 repraesen'tata
712 340 781 420 jam
796 340 827 402 in
840 339 982 420 singulis
998 340 1145 422 partibus
1159 358 1194 419 ap

118 455 231 525 paret;
257 445 312 518 ita,
327 443 462 524 quando
483 444 610 524 species
632 443 838 525 franguntur,
855 442 1009 507 Christus
1029 445 1063 506 in
1083 441 1194 523 singuli

119 547 268 629 partibus
285 546 457 622 invenitur,
473 547 553 627 quin
571 549 684 609 tamen
701 547 772 628 e'jus
788 565 909 626 corpus
925 546 1102 610 dividatur.

161 650 210 729 48.
265 648 323 730 (C)
344 649 457 712 Tertia
481 670 576 730 pars:
607 649 756 714 Cle'ris'tns
775 659 822 711 est
834 660 980 730 presens
1001 650 1060 712 sub
1079 646 1194 730 singulti

111 751 262 832 partibus
283 750 433 831 creJiesqne
455 749 573 824 hostire,
588 751 687 811 etiam
703 760 778 812 ante
795 751 1038 833 separationem.
1085 751 1191 816 Certum

118 864 175 916 est.
1008 906 1013 916 ,

118 955 167 1034 (a)
188 952 414 1015 Tridentinum
427 952 525 1026 enim,
535 951 606 1013 sine
619 949 834 1026 restrie'tione,
843 954 960 1017 asserit
970 963 1079 1017 totum
1091 964 1122 1016 et
1131 954 1188 1013 inte

118 1077 212 1138 grum
227 1055 397 1120 Christum
411 1055 473 1117 sub
489 1047 719 1135 panis'specie
731 1065 840 1118 totum
853 1067 886 1119 et
899 1057 1066 1138 integrum
1079 1049 1188 1120 subrini

117 1162 227 1242 specie
250 1170 281 1222 et
306 1158 377 1239 ejus
401 1159 551 1240 partibus
574 1159 728 1234 existere,
750 1157 859 1238 (infra,
880 1179 910 1222 n.
925 1161 1005 1241 49);
1027 1165 1104 1242 eigo
1124 1157 1187 1220 itan

118 1264 329 1346 praesentiam
354 1282 419 1324 non
443 1261 551 1322 solum
577 1271 653 1342 post
677 1262 930 1343 separationem,
946 1264 1004 1327 sed
1026 1265 1121 1327 etiam
1134 1265 1188 1323 ante

118 1369 360 1450 separationem
378 1365 557 1428 admittere
571 1365 740 1428 debemus.
767 1397 769 1400 >

118 1471 168 1552 (b)
186 1472 241 1533 Ex
263 1468 572 1546 diiii's,substantia
592 1470 739 1549 corporis
758 1479 791 1534 et
811 1471 983 1551 sanguinis
1008 1470 1125 1535 Christi
1138 1481 1188 1529 suc·

117 1576 205 1636 cedit
221 1572 416 1635 substantiae
432 1572 526 1651 panis
543 1581 577 1633 et
593 1571 659 1634 vini
674 1596 681 1650 ;
704 1573 796 1653 atqui
820 1572 1012 1653 hujusmodi
1033 1563 1188 1637 substantia

117 1687 188 1739 tota
204 1687 273 1738 erat
289 1675 350 1737 sub
367 1674 514 1754 qualibet
527 1684 629 1755 parte,
638 1675 740 1737 etiam
754 1685 832 1738 ante
844 1676 1140 1751 divisionem,sicut
1147 1664 1190 1732 sub

117 1779 264 1860 quilibet
287 1786 380 1859 parte
403 1777 487 1838 aeris
503 1787 553 1838 est
570 1786 641 1839 tota
658 1787 775 1839 natura
791 1778 895 1855 aeris;
922 1799 1009 1859 ergo.
1058 1781 1191 1842 Praeterea

118 1889 280 1963 repugnat
301 1889 337 1942 ut
357 1879 430 1940 laici
452 1888 485 1940 et
504 1878 656 1940 mulieres
675 1870 795 1960 corpus
820 1880 957 1943 Domini
977 1882 1153 1962 producant
1170 1869 1193 1929 it

117 1994 211 2066 parte
226 1983 344 2048 hostiae
361 1983 392 2042 in
410 1983 476 2061 qui
492 2001 558 2042 non
574 1990 645 2042 erat
661 1990 781 2061 antea;
804 1983 896 2062 atqui
918 2002 969 2044 res
992 1984 1040 2046 ita
1063 2004 1097 2045 se
1119 1976 1194 2044 habe·

117 2099 174 2162 ret,
190 2089 217 2149 si
234 2086 384 2151 Christus
401 2104 467 2146 non
485 2104 630 2164 praesens
646 2093 734 2146 esset
749 2083 812 2146 sub
827 2076 976 2166 quilibet
1000 2096 1103 2167 parte,
1118 2083 1194 2148 etiae

116 2201 194 2253 ante
209 2190 453 2270 separationem
468 2208 475 2263 ;
500 2207 585 2261 nam,
602 2186 787 2266 frangendo
811 2185 964 2262 hostiam,
979 2199 1116 2270 possent
1136 2171 1194 2250 mui

117 2295 266 2375 tiplicare
282 2293 352 2372 ejus
368 2310 487 2371 corpus
504 2288 652 2370 illudque
667 2309 790 2371 ponere
810 2289 872 2352 sub
888 2290 1027 2373 singulis
1044 2286 1194 2374 cujuslib<

117 2398 233 2460 hostiae
250 2394 398 2477 partibus
412 2415 419 2470 ;
441 2413 528 2472 ergo
678 2391 680 2394 ’

159 2530 189 2573 20
217 2513 405 2593 Quomodo
441 2511 608 2575 Christus
641 2510 711 2574 sub
746 2511 937 2589 speciebus
972 2514 1193 2580 eucharistie

117 2610 268 2677 existit?

158 2722 207 2787 49,
256 2705 416 2769 Dodirina
432 2705 595 2768 catholica
610 2705 661 2767 his
678 2705 785 2768 verbis
807 2706 996 2769 Tridentini
1009 2711 1190 2774 contiuetu

116 2812 284 2891 “Semper
300 2809 370 2870 haec
388 2807 468 2869 fides
485 2809 516 2869 in
537 2807 686 2869 Ecclesia
704 2808 767 2869 Dei
784 2808 855 2883 suit,
871 2810 984 2872 statim
1008 2822 1086 2892 post
1107 2833 1193 2877 cons

116 2915 297 2977 crationem
311 2931 423 2973 vertum
436 2910 577 2972 Domini
587 2911 689 2972 nostri
702 2922 813 2991 corpus
823 2932 996 2993 uerumque
1007 2914 1078 2994 ejus
1087 2937 1194 2999 sangui

117 3036 187 3077 nem
199 3014 361 3093 subponis
371 3022 403 3074 et
413 3011 592 3091 vinispecie
604 3032 755 3074 unacum
768 3014 871 3095 ipsius
881 3015 995 3077 animet
1006 3026 1037 3078 et
1045 3018 1194 3084 divinita

116 3117 271 3186 existere,
297 3114 354 3176 sed
379 3135 497 3196 corpus
521 3116 655 3197 quidem
680 3117 742 3177 sub
765 3119 876 3198 specie
899 3119 1004 3200 paniS,
1029 3131 1063 3183 et
1087 3142 1194 3206 sangu

117 3240 192 3282 nem
209 3218 271 3280 sub
287 3219 353 3279 vini
378 3220 488 3298 specie
509 3229 543 3280 et
567 3219 597 3280 vi
620 3219 814 3284 verborum:
838 3221 946 3303 ipsum
971 3233 1084 3287 autem
1102 3246 1194 3309 corpu

117 3325 178 3385 sub
197 3322 306 3402 specie
321 3320 398 3394 vini,
413 3330 446 3382 et
462 3321 659 3400 sanguinem
677 3322 739 3384 sub
755 3324 864 3405 specie
883 3325 989 3405 panis,
1005 3325 1194 3411 animamqt

116 3428 178 3489 sub
200 3429 338 3506 utraque
357 3423 388 3484 vi
413 3424 572 3490 naturalis
592 3423 679 3486 illius
702 3425 921 3488 connexionis
939 3436 973 3489 et
991 3433 1194 3495 concomitai

117 3531 181 3604 tiae,
193 3533 259 3610 quai
276 3537 387 3608 partes
404 3525 525 3589 Christi
544 3527 689 3602 Domini,
705 3529 760 3610 qui
774 3529 844 3610 jam
862 3550 904 3591 ex
923 3531 1062 3593 mortuis
1079 3553 1194 3599 resurr

117 3635 176 3709 xit,
190 3652 254 3694 non
272 3629 415 3712 amplius
431 3629 714 3705 moriturusinter
725 3652 760 3692 se
772 3631 990 3712 copulantur:
1006 3633 1194 3701 divinitate:

116 3756 213 3817 porro
230 3744 365 3816 propter
380 3733 608 3795 admirabilem
627 3733 716 3796 illam
734 3734 803 3813 ejus
820 3755 894 3798 cum
911 3755 1048 3816 corpore
1060 3742 1194 3805 etanin

116 3837 360 3918 hypostaticam
384 3837 549 3899 unionem.
597 3835 811 3919 Quapropter
833 3820 1040 3901 verissimum
1064 3851 1127 3916 est,
1150 3854 1194 3906 tcn

116 3940 257 4000 tunrdem
281 3940 343 4001 sub
365 3939 525 4002 alternent
550 3939 647 4020 specie
670 3949 770 4020 atque
794 3941 855 4002 sub
878 3939 1015 4022 utrique
1039 3945 1194 4010 contineri

115 4052 200 4104 totus
215 4044 303 4104 enim
320 4053 354 4105 et
370 4043 494 4125 integer
508 4042 668 4119 Christus,
678 4046 739 4106 sub
744 4044 845 4125 prinis
859 4045 963 4124 specie,
972 4053 1006 4107 et
1022 4045 1087 4108 sub
1103 4068 1194 4129 quau

115 4146 217 4228 ipsius
233 4144 353 4225 speciei
363 4156 459 4224 parte
468 4167 482 4218 ,·
510 4156 594 4208 totus
614 4147 693 4208 item
717 4147 779 4209 sub
800 4146 874 4208 vini
889 4147 1007 4228 speciei,
1023 4158 1057 4211 et
1072 4151 1138 4214 sub
1154 4155 1194 4235 eiu

113 4248 262 4330 partibus
276 4248 392 4310 existit
405 4247 429 4311 ''.
474 4249 574 4330 (sess.
593 4248 694 4322 XIII,
710 4248 789 4328 Cap.
808 4249 850 4327 3).
