2770 4646
258 183 323 233 206
494 213 498 222 ·
697 181 837 234 CAPUT
853 181 906 231 iv.

259 298 297 305 ...-

256 371 376 444 putant
393 359 491 423 toties
507 359 719 424 solummodo
736 373 873 442 peccata
888 381 1028 424 numero
1039 357 1211 439 distingui,
1223 355 1340 439 quoties
1369 384 1370 431 l

256 459 474 523 confessarius
490 460 627 523 diversis
644 461 770 524 vicibus
787 482 846 542 pro
863 462 1018 525 tribunali
1035 462 1165 523 sederit.

297 593 347 659 94.
394 579 457 660 (1))
476 579 662 644 Corollaria.
709 581 759 661 (a)
782 581 888 661 Juxta
914 584 948 647 S.
972 581 1155 664 Lagon'um,
1180 580 1340 661 plerosque

255 680 439 762 theologos,
462 700 578 742 omnes
605 682 803 757 sacerdotes,
827 703 939 746 curam
963 684 1150 746 animarum
1183 681 1339 748 habentes,

256 792 410 847 tenentur
421 803 494 846 esse
510 783 723 846 habitualiter
735 785 767 846 in
785 795 874 848 statu
891 788 1020 867 gratiae;
1043 805 1147 867 quum
1161 785 1248 846 enim
1262 802 1338 862 saepe

255 888 376 968 saepius
393 896 601 950 sacramenta
618 889 803 950 ministrare
819 889 973 964 debeant,
984 909 1057 952 sese
1073 897 1249 970 exponunt
1265 887 1337 967 peri-

255 990 329 1052 culo
342 989 596 1052 administrandi
613 990 755 1072 indigne,
768 1002 800 1054 et
818 993 986 1057 multoties
1001 993 1147 1075 quidem,
1161 992 1222 1054 nisi
1234 991 1297 1052 sint
1311 991 1336 1051 in

255 1101 343 1156 statu
360 1093 485 1175 gratiae.

254 1195 305 1275 (b)
330 1196 365 1260 Si
397 1197 480 1277 quis,
503 1197 653 1260 existens
685 1198 717 1259 in
751 1199 893 1274 mortali,
924 1209 1134 1262 sacramenta
1167 1198 1336 1262 ministrare
1371 1156 1372 1250 l

254 1299 384 1375 debeat,
401 1300 490 1381 prius
506 1310 638 1363 tenetur
654 1301 695 1362 ad
713 1300 912 1365 eliciendum
929 1301 1040 1366 ac'tum
1060 1299 1216 1384 perieblae
1231 1299 1336 1362 contri-

255 1403 362 1478 tionis,
375 1413 408 1466 et
424 1406 561 1484 quando
577 1405 687 1486 agitur
698 1403 741 1466 de
754 1404 868 1468 Missae
885 1405 1117 1480 celebratione,
1128 1414 1258 1468 tenetur
1271 1423 1335 1465 con·

254 1504 347 1581 fiteri,
361 1516 396 1569 ut
412 1507 565 1571 dicetur'
557 1528 588 1569 tn
609 1507 662 1571 Tr.
674 1507 713 1570 de
725 1508 936 1571 Euclaenrt'str'd
952 1511 997 1590 (n.
1014 1528 1025 1571 1
1034 1517 1100 1590 39);
1126 1510 1194 1572 lmo
1211 1508 1242 1568 in
1258 1505 1334 1568 omni
1372 1542 1373 1596 p

253 1630 331 1671 casu
349 1610 451 1674 tutius
468 1620 518 1673 est
534 1609 692 1686 confiteri,
706 1633 732 1674 st
725 1612 836 1675 'adsit
853 1613 949 1694 copia
965 1611 1190 1675 confessarii
1171 1625 1180 1654 ¹

386 1769 433 1827 11.
454 1770 510 1828 De
526 1769 739 1829 intentione
756 1768 795 1826 tn
811 1769 991 1826 ministro
1008 1761 1224 1840 requisitae

295 1919 344 1987 95
402 1909 519 1971 Status
542 1909 734 1990 questionis.
789 1911 932 1974 Intentio
963 1911 995 1973 in
1028 1929 1149 1992 genere
1177 1919 1226 1974 est
1255 1906 1334 1972 actus

253 2009 445 2086 voluntatis,
462 2012 629 2074 tendentis
650 2013 682 2074 in
704 2013 848 2096 aliquem
870 2013 993 2089 finem;
1016 2023 1049 2075 et
1070 2013 1117 2074 sic
1137 2011 1335 2092 distinguitur

253 2113 295 2176 ab
318 2115 490 2176 attentione
511 2135 586 2196 quae
610 2125 660 2178 est
691 2114 785 2179 actus
808 2115 990 2180 intellccids.
1044 2115 1096 2177 Dc
1117 2115 1191 2197 fide
1217 2125 1261 2177 est
1285 2113 1333 2174 ali·

252 2237 352 2298 quam
371 2219 589 2280 intentionem
607 2220 727 2300 requiri
744 2221 785 2282 ad
804 2219 1002 2283 sacramenti
1019 2217 1235 2292 validitatem,
1252 2225 1283 2278 ut
1296 2235 1332 2276 ex

258 2321 345 2384 Triu'.
367 2331 522 2384 constat:
555 2321 619 2386 “Si
644 2325 718 2404 quis
742 2324 866 2386 dixerit
889 2323 921 2384 in
947 2320 1115 2396 ministris
1138 2321 1218 2383 dum
1241 2337 1332 2381 sacra·
1374 2377 1375 2394 ,

252 2435 365 2487 menta
381 2422 558 2487 conficiunt
575 2435 609 2487 et
624 2425 807 2502 conserunt,
824 2446 891 2488 non
909 2425 1027 2505 requiri
1050 2424 1266 2487 intentionem
1281 2421 1331 2481 sal-

252 2535 319 2590 tem
337 2527 478 2590 faciendi
495 2529 584 2609 quod
602 2527 680 2591 facit
698 2529 856 2605 Ecclesia,
872 2529 912 2591 A.
927 2527 977 2591 S.''
993 2526 1096 2600 (Sess.
1110 2527 1191 2602 VII,
1204 2547 1228 2589 c.
1246 2543 1277 2588 12
1281 2540 1296 2603 ,t

298 2632 443 2694 Intentio
459 2642 571 2694 autem
590 2632 767 2714 multiplex
783 2653 856 2695 esse
873 2640 1002 2714 potest:
1030 2626 1094 2714 (A)
1107 2629 1248 2692 Ratione
1253 2627 1329 2710 finis,

251 2733 392 2797 intentio
415 2745 466 2797 est
486 2734 609 2816 jocosa,
633 2746 780 2809 externa,
804 2735 856 2799 vel
881 2736 1037 2798 interna:
1066 2735 1115 2814 (a)
1139 2745 1264 2818 Jocosa,
1285 2749 1329 2790 seu

251 2840 393 2914 mimica,
403 2858 442 2900 ea
456 2847 507 2900 est
523 2842 587 2919 qua
602 2838 760 2914 minister,
770 2848 841 2901 tum
859 2847 1007 2911 externe,
1018 2843 1089 2896 tum
1107 2834 1236 2896 interne
1247 2833 1330 2894 simu·

251 2941 296 3004 lat
334 2941 532 3004 sacramenti
571 2941 908 3015 administrationem,
948 2949 983 3002 ut
1025 2936 1203 2999 histriones
1240 2934 1329 2997 iacere

250 3044 364 3106 solent.
411 3042 462 3124 (b)
478 3043 633 3118 Externa,
650 3064 688 3105 ea
712 3053 762 3106 est
785 3047 851 3125 qua
875 3043 1025 3105 minister
1045 3049 1223 3103 externum
1246 3039 1329 3101 ritum

249 3144 523 3207 sacramentalem
548 3145 632 3207 serio
655 3144 796 3226 perlicit,
821 3144 953 3208 tametsi
983 3144 1112 3205 interne
1139 3143 1223 3206 nolit
1246 3141 1330 3204 ritum

249 3267 379 3310 sacrum
397 3267 561 3330 peragere,
578 3267 638 3310 nec
655 3249 795 3330 gratiam
813 3246 970 3310 conferre.
1015 3244 1061 3324 (c)
1079 3244 1227 3319 Interna,
1241 3264 1278 3305 ea
1291 3251 1330 3302 est

248 3355 315 3433 qua
339 3351 489 3414 minister
512 3371 577 3413 non
603 3351 710 3414 solum
735 3352 891 3426 exterius
909 3348 966 3412 sed
992 3349 1122 3410 interne
1146 3347 1218 3410 vult
1241 3347 1330 3408 iacere

248 3455 337 3536 quod
370 3454 448 3516 iacit
481 3453 638 3515 Ecclesia.
701 3453 778 3515 Non
813 3461 864 3516 est
897 3463 1010 3515 autem
1050 3453 1269 3515 necessarium
1302 3459 1330 3508 ut

248 3559 398 3621 minister
418 3557 570 3619 intendat
590 3554 715 3619 directe
736 3576 774 3619 ac
794 3557 953 3637 explicite
973 3554 1135 3618 conficere
1161 3571 1329 3617 sacramen·

282 3771 290 3800 1
301 3751 463 3807 “Sacerdos
475 3768 550 3820 ergo,
560 3751 582 3804 si
596 3751 679 3805 fuerit
690 3751 797 3821 peccati
811 3750 937 3804 mortalis
949 3749 1001 3804 sibi
1012 3750 1142 3804 conscius
1153 3749 1241 3819 (quod
1250 3747 1329 3806 absit),

247 3841 283 3894 ad
303 3848 541 3894 sacramentorum
555 3837 829 3892 administrationem
850 3854 907 3891 non
926 3837 1030 3891 audeat
1043 3836 1188 3901 accedere,
1204 3836 1255 3890 nisi
1267 3834 1329 3904 prius

246 3927 330 3980 corde
343 3923 479 3992 poeniteat
494 3943 500 3977 ε
520 3925 569 3978 sed
580 3911 606 3976 ¹si
620 3924 724 3979 habeat
738 3924 849 3993 copiam
863 3922 1036 3988 confessarii,
1046 3932 1075 3978 et
1088 3923 1224 3992 temporis
1236 3922 1329 3989 locique

247 4011 317 4064 ratio
331 4011 408 4072 ierat,
422 4010 554 4062 convenit
568 4010 693 4064 confiteri
703 4011 725 4064 ¹².
765 4011 899 4076 (Rr‘luale,
914 4011 955 4064 tit.
974 4012 995 4076 I,
1010 4027 1037 4063 n.
1054 4010 1090 4074 4.)

281 4104 289 4124 ¹
304 4097 333 4147 S.
354 4093 458 4157 Thoar,
471 4108 487 4162 3
502 4111 528 4162 p.
544 4111 570 4163 q.
587 4096 765 4164 ou,a.8-1o;
788 4097 906 4158 Saurea,
922 4096 994 4166 disp.
1009 4097 1095 4162 XIII,
1110 4095 1178 4150 secl.
1196 4109 1257 4162 2·3;
1277 4091 1328 4146 Sal

247 4183 358 4232 nrnntic.
373 4181 444 4246 disp.
458 4181 480 4230 V
486 4181 523 4245 11,
534 4182 599 4233 dub.
615 4198 641 4244 2;
661 4183 784 4244 Drouin,
797 4201 823 4252 q.
838 4185 905 4249 VII,
915 4201 938 4237 c.
950 4199 983 4252 3,-
998 4184 1135 4251 Hirrunrr,
1150 4184 1220 4253 disp.
1231 4184 1263 4244 V,
1274 4199 1296 4234 a.
1308 4193 1328 4242 i:

176 4281 183 4296 ¹
248 4266 412 4330 hieracita,
425 4267 463 4318 th.
483 4265 582 4334 16·17;
600 4268 634 4320 de
646 4269 827 4337 Augustino,
842 4271 881 4324 th.
900 4286 939 4336 17.
