2776 4644
242 111 263 158 4
645 127 648 134 ⁴
673 110 729 158 DE
747 110 918 158 GRATIA.

242 297 271 342 et
290 286 376 357 Legis
396 297 537 357 ternpore,
561 287 662 344 inultis
682 287 791 344 sanetis
811 287 945 344 Patribus
965 287 1147 345 declaratum
1167 303 1201 342 ac
1221 285 1356 357 prontis-

242 389 316 441 sunr,
330 391 396 429 curn
412 373 491 430 venit
506 372 592 430 beata
605 373 653 429 illa
667 372 823 444 plenitudo
837 373 989 444 temporis,
1005 373 1044 430 ad
1064 373 1202 430 homines
1221 371 1352 440 miserit,

242 471 274 514 ut
287 468 316 515 et
329 459 457 530 Judaeos,
475 457 525 530 qui
540 458 596 515 sub
610 459 690 531 Lege
703 469 794 528 erant,
807 459 980 516 redinteret¹
996 481 1002 525 ;
1022 469 1051 516 et
1069 469 1182 530 gentes,
1199 476 1268 529 quae
1287 475 1353 513 non

242 543 432 600 sedabantur
461 544 613 615 justitiarii,
646 545 790 615 justitiam
820 545 1088 617 apprehenderent,
1118 555 1209 616 atque
1240 560 1353 600 ornnes

224 665 227 672 ·
242 630 436 702 adoptionem
451 630 577 687 tiliorum
592 631 766 702 reciperent.
807 632 900 688 Hunc
911 632 1066 703 proposuit
1078 633 1160 688 Deus
1172 631 1353 702 propitiatu-

242 736 303 774 rein
319 718 474 790 perfidem
489 718 676 788 insanguine
696 718 788 790 ipsius
808 737 862 790 pro
881 718 1009 790 peccatis
1029 716 1154 788 nostris;
1174 735 1233 775 uon
1248 717 1351 773 solunr

243 815 341 862 autent
356 823 410 876 pro
424 806 540 874 nostriS,
553 806 604 862 sed
618 806 705 862 etiarn
721 824 774 878 pro
788 806 877 863 totius
891 805 996 862 mundi
1004 805 1021 861 Ι.

357 944 462 1004 CAP.
488 944 523 1002 3.
548 945 621 1016 Qui
644 958 714 1016 per
738 943 940 1004 Christum
959 943 1236 1014 justificantur.

279 1069 399 1138 Verum,
422 1069 476 1126 etsi
499 1069 547 1126 ille
568 1086 621 1140 pro
642 1068 782 1126 omnibus
804 1080 937 1126 mortuus
960 1079 1012 1138 est,
1038 1085 1097 1124 non
1120 1084 1225 1124 omnes
1247 1077 1352 1122 tamen

245 1155 347 1212 inertis
360 1156 424 1226 ejus
438 1155 615 1214 beneficium
631 1156 786 1227 recipiunt,
800 1155 853 1212 sed
871 1156 889 1212 ii
910 1155 1061 1224 duntaxat,
1077 1153 1187 1224 quibus
1207 1153 1351 1210 rnerituni

246 1241 390 1311 passionis
403 1242 467 1312 ejus
480 1243 727 1299 communicatur.
767 1242 844 1298 Natu
863 1243 939 1300 sicut
957 1258 1057 1298 revera
1074 1239 1220 1308 homines,
1237 1239 1299 1294 nisi
1316 1257 1353 1293 er

245 1327 347 1383 sernt'ne
360 1327 433 1384 Ado
440 1328 602 1398 propirgati
613 1335 801 1396 ecrescerentnr,
819 1346 878 1386 non
899 1335 1088 1391 nascerentur
1107 1325 1216 1397 injusti,
1233 1342 1304 1381 curn
1318 1326 1352 1378 ea'

241 1415 447 1484 propagatione
458 1423 511 1484 per
521 1415 614 1485 iprum
626 1414 698 1471 durn
711 1414 916 1485 concipiantur,
930 1405 1078 1486 propriant
1091 1412 1264 1482 iniustitiam
1279 1427 1352 1466 eon-

246 1500 382 1558 trabant:
403 1501 440 1558 ita
455 1501 510 1558 nisi
524 1503 555 1558 in
573 1503 688 1559 Christo
702 1509 924 1573 renascerentur,
941 1517 1094 1571 nunquam
1108 1497 1350 1568 justificarentur,

247 1605 315 1644 cuni
335 1589 370 1645 ea
388 1590 571 1646 renascentia
590 1607 643 1660 per
662 1588 800 1645 rneritum
820 1587 965 1660 passionis
984 1587 1056 1656 ejus,
1078 1585 1179 1656 gratia,
1201 1586 1260 1655 quii
1279 1583 1350 1653 justi

249 1673 331 1743 liunt,
345 1674 401 1730 illis
415 1675 566 1732 tribuatur.
607 1677 663 1732 Pro
677 1675 734 1732 hoc
748 1674 896 1733 beneficio
909 1675 1072 1745 Apostolus
1084 1671 1191 1743 gratias
1205 1687 1260 1726 nos
1275 1687 1351 1726 senr-

249 1778 400 1832 peragere
414 1762 547 1820 hortatur
560 1763 648 1833 Patri,
665 1763 741 1834 “qui
754 1763 861 1834 dignos
872 1780 926 1819 nos
936 1761 1005 1818 fecit
1015 1760 1044 1816 in
1056 1770 1168 1830 parient
1183 1758 1270 1816 sortis
1279 1757 1350 1814 San-

248 1849 363 1904 tiorum
378 1849 406 1905 in
421 1849 543 1915 lumine,
559 1862 588 1908 et
600 1850 707 1922 eripuit
720 1849 759 1908 de
771 1860 918 1922 potestate
931 1848 1127 1914 tenebrarum,
1142 1844 1351 1914 transtulitque

250 1934 279 1990 in
298 1952 421 2004 regnunt
443 1936 507 1991 Filii
525 1936 692 1994 diledlionis
711 1953 780 2005 sure,
797 1936 828 1992 in
848 1953 902 2007 qno
921 1933 1066 1992 habentus
1085 1931 1301 2002 redemptionem
1322 1943 1350 1986 et
1381 1987 1382 1992 χ

249 2021 439 2077 remissionem
447 2029 623 2092 peccatorum
633 2022 647 2052 ’'
655 2033 672 2078 ³.
1381 2023 1382 2034 ¹

252 2159 357 2220 CAP.
372 2159 410 2217 4.
427 2159 679 2218 insinuantur
694 2159 901 2232 descriptio
913 2154 1203 2228 justificationis
1224 2154 1350 2224 impii,

484 2262 521 2313 et
537 2257 673 2314 modus
690 2257 773 2327 ejus
791 2256 829 2312 in
847 2259 950 2314 statu
969 2253 1115 2322 gratiae.

287 2379 406 2452 Quibus
423 2379 519 2436 verbis
537 2379 754 2450 justificationis
778 2379 859 2450 impii
884 2377 1044 2448 descriptio
1068 2375 1239 2443 insinuatur,
1262 2384 1293 2430 ut
1314 2373 1350 2429 sit

252 2466 459 2522 translationi
477 2484 506 2521 eo
524 2472 609 2535 stata,
631 2466 660 2522 in
681 2484 740 2537 quo
759 2466 851 2523 horno
871 2466 999 2522 nascitur
1018 2462 1095 2519 filius
1114 2463 1199 2533 prirni
1221 2461 1304 2528 Adae,
1319 2461 1349 2515 in

251 2560 357 2609 statum
363 2553 468 2623 gratiae
478 2563 507 2609 et
514 2551 685 2623 adoptionis
694 2552 821 2610 filiorum
834 2551 890 2608 Dei
902 2569 953 2623 per
963 2548 1127 2606 secundum
1139 2547 1236 2604 Adam
1246 2547 1347 2618 Jesutn

253 2638 412 2706 Christum,
425 2638 599 2695 salvatorem
614 2649 759 2706 nostrutn;
779 2657 846 2710 quae
860 2638 981 2709 quidem
995 2635 1154 2705 translati0,
1172 2644 1239 2706 post
1254 2635 1348 2690 Evan—
1381 2643 1382 2668 l

253 2725 361 2796 geliutn
377 2725 604 2795 promulgatum,
615 2727 678 2782 sine
692 2725 807 2782 lavacro
821 2723 1060 2794 regenerationis,
1073 2731 1123 2778 aut
1136 2723 1198 2790 ejus
1207 2729 1276 2776 voto
1286 2719 1348 2776 fieri

254 2829 314 2868 nun
328 2820 433 2882 potest,
449 2811 524 2867 sicut
537 2812 679 2882 scripturn
694 2821 757 2868 est:
781 2811 873 2866 “Nisi
893 2811 959 2880 quis
978 2819 1096 2865 renatus
1115 2806 1200 2863 suerit
1214 2823 1247 2862 ex
1260 2808 1344 2876 aquai,

253 2907 283 2955 et
296 2897 404 2968 Spiritu
420 2897 537 2967 Sandle,
554 2915 615 2953 non
629 2907 727 2969 potest
743 2897 862 2954 introire
876 2897 906 2952 in
920 2913 1044 2966 regnunt
1060 2893 1114 2950 Dei
1125 2892 1140 2916 '’
1150 2895 1167 2949 ⁴.

256 3031 362 3093 CAP.
382 3031 415 3089 5.
440 3030 495 3088 De
519 3034 749 3093 necessitate
772 3031 1067 3102 praeparationis
1089 3027 1138 3085 ad
1155 3026 1345 3098 justiiiea-
1381 3033 1382 3064 l

475 3126 617 3182 tionem
642 3127 680 3182 in
704 3127 862 3198 adultis,
881 3130 918 3182 et
941 3125 1043 3182 unde
1066 3124 1128 3181 sit.

291 3248 428 3306 Declarat
439 3257 592 3319 propterea
604 3249 694 3319 ipsius
698 3249 918 3320 justificationis
930 3247 1079 3304 exordium
1090 3246 1119 3302 in
1133 3244 1240 3303 adultis
1252 3262 1267 3300 a
1281 3244 1341 3300 Det
1381 3275 1382 3282 κ

168 3334 171 3342 ’
256 3353 308 3408 per
321 3335 471 3394 Cltristunt
491 3335 591 3406 Jesurn
607 3337 796 3407 praeveniente
810 3337 912 3405 gratiti
931 3335 1110 3392 sumendum
1123 3350 1204 3390 esse:
1224 3329 1278 3388 hoc
1289 3344 1340 3400 est,

256 3427 292 3479 ab
304 3423 367 3492 ejus
380 3421 529 3490 roratione,
546 3423 605 3491 quit
625 3423 712 3479 nullis
732 3440 834 3479 eornm
854 3421 1046 3478 existentibus
1065 3419 1176 3477 inentis
1194 3429 1343 3484 vocantur3
1381 3445 1382 3472 ;

256 3520 296 3577 ut,
313 3508 363 3580 qui
383 3526 434 3579 per
451 3519 572 3578 peccata
589 3527 608 3564 a
628 3509 694 3566 Deo
709 3509 801 3578 aversi
820 3522 911 3575 erant,
926 3526 976 3580 per
996 3509 1059 3578 ejus
1078 3507 1243 3563 excitantem
1259 3513 1342 3574 atque
1381 3491 1382 3528 l

256 3596 440 3662 adjurantem
449 3595 580 3664 gratiam
591 3597 628 3652 ad
643 3597 876 3653 convertendum
888 3614 919 3652 se
930 3596 968 3652 ad
977 3612 1061 3651 suain
1073 3595 1203 3664 ipsorum
1213 3591 1341 3661 justitita-
1381 3587 1382 3606 ³

257 3683 377 3744 tionem,
392 3680 490 3737 eidetn
504 3679 603 3750 gratiae
616 3678 701 3734 libere
713 3677 888 3734 assentiendo
907 3689 936 3735 et
955 3678 1134 3748 cooperando,
1146 3678 1342 3749 disponantar;
1381 3675 1382 3696 Ι

258 3768 297 3824 ita
309 3778 348 3834 ut,
358 3775 497 3836 tangente
509 3768 575 3822 Deo
585 3783 636 3821 cor
646 3765 774 3821 hominis
788 3782 839 3835 per
853 3765 977 3835 Spiritus
992 3765 1088 3821 Santli
1104 3764 1340 3831 illuminationnn,

257 3870 355 3924 neque
368 3853 459 3909 horno
473 3853 535 3923 ipse
549 3852 621 3908 ninii
635 3852 759 3908 omnino
772 3862 847 3921 agat,
865 3851 1082 3921 inspirationem
1101 3851 1180 3907 illatn
1196 3850 1335 3919 recipiens,

257 3941 370 4012 qnippe
389 3939 440 4010 qui
459 3939 538 3995 illarn
555 3950 584 3996 et
601 3938 729 4009 abjicere
749 3950 854 4010 potest,
871 3956 969 4008 neque
987 3949 1086 3995 tattren
1104 3939 1167 3995 sine
1184 3937 1270 4009 gratiis
1288 3936 1338 3993 llei

258 4045 376 4084 morere
386 4045 418 4083 se
427 4025 465 4082 ad
475 4026 616 4096 justitiam
629 4043 726 4082 corant
740 4027 789 4082 illo
801 4025 890 4083 libera
901 4025 953 4082 suti
965 4025 1116 4082 voluntate
1126 4026 1224 4097 possit.
1258 4023 1339 4082 Unde

479 4140 975 4150 ——...—...-—-—.—-.-————-
1138 4146 1144 4150 ..
1161 4144 1213 4150 ...-
1235 4143 1275 4150 -ν-
1323 4143 1328 4146 -

292 4195 300 4225 ¹
318 4197 409 4249 Galat.
428 4199 474 4261 IV,
490 4213 512 4264 5.
528 4198 684 4265 -21J0a
705 4199 741 4265 ll,
758 4213 782 4250 2.
799 4229 831 4236 —
845 4194 965 4251 ³Coloss.
984 4195 1336 4268 i,12-14.--⁴J0a.111,5.
