2794 4662
349 144 404 195 DE
422 144 506 195 DEO
524 143 895 194 REMUNERATORE.
1107 143 1172 194 703

115 334 163 401 17.
212 325 270 408 (Β)
284 327 339 390 Ex
354 338 537 406 martyrum
550 327 759 402 testimoniis,
772 325 828 406 qui
846 325 996 406 tyrannis
1008 323 1172 388 horrenda

68 429 303 492 minitantibus
329 439 505 504 tormenta,
526 431 588 492 nisi
614 429 713 492 idolis
738 428 970 504 sacrificarent,
995 426 1170 508 responde-

67 531 154 594 bant
169 552 206 593 se
221 534 422 614 temporales
438 534 603 596 cruciatus
619 534 729 596 subire
747 533 846 596 malle
861 552 962 614 quam
975 541 1126 606 aeternos,
1136 551 1171 591 se

68 653 137 694 non
155 642 408 716 temporaneum
424 636 483 698 sed
495 645 649 698 aeternum
667 637 773 715 ignem
787 637 915 711 timere;
939 654 1015 696 nam
1034 633 1170 696 “mortis

67 746 206 799 aeternae
223 739 418 812 mercedem,
434 750 468 801 et
489 739 739 820 inexplicabiles
756 739 827 800 sine
849 739 991 800 termino
1007 737 1171 800 cruciatus

68 848 235 920 apostatae
248 841 457 922 patientur”;
480 840 557 903 hinc
570 850 737 904 tormenta
750 842 829 922 ipsis
842 840 1041 902 videbantur
1051 839 1170 901 11111111)-

67 963 125 1004 nes
141 952 175 1005 et
191 944 365 1025 resugeria
380 945 422 1006 ad
441 945 552 1025 ignem
570 942 876 1025 inexstinguibilem
894 952 1086 1023 comparata
1098 955 1117 1004 ¹.

115 1045 163 1108 18.
212 1044 270 1126 (C)
285 1067 326 1108 ex
342 1047 500 1122 Conciliat,
520 1044 755 1126 Constantinop.
771 1045 814 1108 ΙΙ
826 1045 928 1125 (553),
945 1045 976 1104 111
994 1063 1062 1124 9110
1076 1043 1169 1104 dam-

68 1156 171 1209 natus
187 1158 237 1210 est
254 1167 343 1211 error
359 1149 561 1230 origenis2;
584 1149 715 1211 Nicoeno
730 1147 773 1210 ΙΙ
785 1148 887 1228 (787),
902 1147 959 1209 ubi
976 1145 1171 1208 confirmata

67 1260 122 1313 est
135 1249 291 1332 Origenis
304 1253 551 1326 condemnatio,
575 1251 683 1312 Later.
696 1251 719 1311 Ι
726 1249 757 1312 V
767 1250 882 1330 (1215)
897 1273 904 1311 :
927 1247 1082 1311 “Omnes
1094 1268 1169 1310 cum

67 1354 139 1414 suis
168 1364 339 1435 resurgent
364 1356 582 1437 corporibus..
610 1361 646 1415 ut
674 1352 835 1433 recipiant
863 1351 1045 1414 secundum
1070 1369 1170 1431 opera

67 1476 141 1528 sua,
157 1456 225 1518 sive
241 1457 331 1524 bona
346 1457 478 1534 fuerint,
495 1459 563 1520 sive
581 1454 668 1517 mala
687 1478 693 1516 :
722 1454 767 1516 illi
785 1474 857 1516 cum
875 1452 1011 1516 diabolo
1034 1471 1169 1533 poenam

60 1569 263 1638 perpetuam,
294 1570 328 1622 et
360 1561 412 1622 isti
445 1581 519 1624 cum
552 1559 684 1623 Christo
714 1558 854 1640 gloriam
886 1558 1121 1639 sempiternam
1133 1556 1170 1631 ”3

73 1661 106 1722 T
103 1661 221 1724 ndent.
238 1663 329 1743 (sess.
343 1663 403 1738 Vl,
416 1684 485 1726 can.
498 1665 532 1743 ’5)
548 1687 554 1724 :
578 1661 641 1726 “Si
658 1662 731 1742 quis
747 1661 880 1735 dixerit,
893 1660 1021 1740 justum
1040 1660 1072 1721 in
1088 1678 1169 1739 quo·

65 1763 153 1826 libet
169 1784 268 1845 opere
285 1765 373 1828 bono
389 1785 534 1846 peccare,
550 1775 651 1846 atque
667 1763 743 1827 ideo
760 1784 877 1844 poenas
894 1774 1029 1826 (eternas
1042 1762 1170 1836 mereri,

69 1867 112 1926 Α.
132 1864 192 1940 5.”,
209 1867 264 1928 ubi
289 1887 338 1929 res
363 1888 428 1930 non
453 1867 612 1950 explicite
635 1867 799 1941 definitur,
815 1866 892 1946 quia
909 1886 928 1927 a
946 1863 1169 1928 Novatoribus

67 1987 138 2029 non
157 1979 277 2048 negata
295 1969 409 2044 luerat,
426 1971 483 2032 sed
502 1981 613 2033 tamen
632 1969 806 2031 manifeste
823 1969 1028 2049 supponitur.

116 2082 164 2146 19.
212 2084 247 2149 3⁰
262 2071 407 2134 Ratione.
453 2071 512 2152 (Α)
535 2073 727 2135 Existentia
751 2070 876 2145 inferni,
901 2071 917 2132 i.
943 2092 968 2132 e.
992 2069 1169 2151 supplicio·

67 2193 144 2234 rum
172 2174 292 2253 quibus
323 2175 416 2255 impii
448 2176 480 2235 in
509 2175 612 2238 altera
638 2177 707 2238 vita
735 2175 846 2254 aliquo
873 2173 990 2235 saltem
1019 2181 1169 2253 tempore

68 2275 262 2355 puniuntur,
279 2277 405 2338 ratione
429 2287 519 2338 certo
542 2278 762 2340 demonstrari
787 2285 903 2357 potest.
952 2275 1085 2336 Etenim
1105 2275 1169 2335 Dei

65 2377 199 2457 justitia
216 2380 349 2460 requirit
365 2390 402 2442 ut
419 2389 555 2461 peccata
574 2381 685 2461 dignis
702 2380 910 2441 vindicentur
927 2379 1052 2458 poenis:
1077 2377 1169 2440 Deus

67 2479 173 2553 enim,
194 2489 230 2542 ut
253 2501 425 2562 supremus
439 2481 557 2562 judex,
580 2483 757 2562 unicuique
781 2481 963 2543 secuudum
987 2499 1088 2561 opera
1111 2501 1169 2543 sua

68 2580 222 2654 reddere,
238 2592 271 2644 et
295 2593 331 2645 ut
354 2583 510 2644 humanae
533 2585 700 2646 societatis
724 2583 891 2663 legislator
905 2592 939 2644 et
955 2583 1064 2656 ratior,
1081 2582 1169 2665 leges

66 2702 148 2744 suas
160 2681 285 2745 efficaci
299 2681 470 2748 sanctione
483 2688 612 2748 munire
625 2687 731 2749 debet
770 2685 874 2766 Atqui
889 2687 919 2746 in
934 2685 1002 2748 vita
1015 2688 1168 2766 praesenti

66 2785 188 2846 vitium
217 2805 346 2866 aequam
373 2789 622 2851 retributionem
651 2808 716 2851 non
744 2789 874 2869 accipit,
900 2798 936 2849 ut
964 2789 1169 2868 experientia

65 2899 224 2964 constat;
248 2911 488 2973 nonnunquam
505 2894 593 2955 enim
614 2891 695 2971 justi
720 2889 921 2970 affliguntur,
939 2890 1033 2951 malis
1057 2901 1167 2952 autem

66 3012 121 3054 res
139 3012 296 3074 prospere
313 2996 453 3072 cedunt;
477 2997 610 3075 insuper
625 2993 721 3068 mala,
738 3013 812 3074 quae
829 2995 945 3055 vitium
963 3012 1169 3073 consequun-

67 3108 133 3170 tur,
146 3115 235 3176 saepe
251 3116 317 3158 non
335 3109 491 3179 superant
507 3096 735 3160 emolumenta
747 3117 822 3176 quae
837 3117 882 3158 ex
900 3097 1045 3176 peccatis
1060 3097 1169 3159 oriun-

66 3211 133 3272 tur,
150 3217 210 3260 nec
228 3199 353 3279 majora
376 3211 453 3263 sunt
477 3201 541 3263 illis
557 3220 632 3280 quae
650 3198 738 3273 boni,
755 3201 796 3261 ad
814 3201 970 3262 virtutem
987 3199 1160 3262 colendam

66 3299 211 3360 tolerare
234 3299 379 3376 debent,
411 3301 591 3382 aliquando
616 3302 716 3363 etiam
743 3302 822 3364 mali
848 3322 914 3364 non
940 3301 1047 3364 solum
1075 3303 1169 3365 bouis

65 3397 173 3478 hujus
185 3398 261 3460 vitae
280 3398 439 3475 fruuntur,
455 3401 513 3462 sed
531 3402 631 3462 etiam
655 3401 725 3462 sine
749 3421 896 3463 remorsu
913 3409 946 3462 et
963 3402 1169 3466 conscientiae

103 3541 114 3572 ¹
129 3539 171 3597 Cf.
188 3543 322 3606 Ruinart,
339 3544 411 3598 Aua
430 3543 594 3614 Martyrum,
611 3547 655 3600 ed.
673 3562 711 3608 2³,
727 3563 772 3615 pp.
790 3561 832 3616 27,
849 3564 890 3615 34,
908 3543 950 3610 76,
967 3547 1008 3614 81,
1029 3557 1084 3614 157,
1110 3560 1167 3616 159,

70 3625 131 3692 168,
145 3629 205 3693 267,
219 3627 278 3694 268,
292 3645 351 3698 294,
366 3644 425 3699 295,
440 3630 491 3698 298
504 3643 568 3694 etc.;
588 3631 686 3698 Pusqy,
701 3647 744 3698 op.
757 3629 801 3684 cit.
819 3647 867 3702 155
882 3650 923 3703 sq.

104 3711 114 3742 ²
127 3712 183 3767 “Si
197 3715 259 3782 quis
273 3715 431 3769 fabulosam
444 3715 601 3770 animarum
615 3717 860 3785 praeexistentiam,
872 3730 910 3784 et,
920 3737 984 3788 quae
996 3736 1030 3774 ex
1044 3721 1091 3773 illa
1105 3738 1168 3775 con-

66 3798 203 3867 sequitur,
211 3811 422 3854 monstruosam
430 3803 634 3857 restitutionem
643 3805 801 3868 asseruerit,
811 3807 844 3859 A.
855 3808 899 3861 S.''
908 3808 1090 3878 (Denrmgm.
1099 3810 1168 3876 187.)

67 3888 116 3940 De
131 3885 261 3953 Origenis
275 3888 511 3942 condemnatione
526 3889 588 3942 vide
604 3892 699 3960 Pusey,
716 3909 762 3962 op.
778 3893 824 3946 cit.
841 3911 867 3963 p.
887 3911 936 3965 129
950 3913 991 3964 sq.
1033 3897 1168 3950 Nonnulli

65 3982 165 4026 tamen
179 3983 296 4027 censent
309 3990 432 4026 canones
447 3987 545 4028 contra
559 3976 712 4044 Origenem
726 3996 742 4033 a
757 3980 871 4047 Synodo
886 3983 917 4036 C.
935 3983 976 4049 P.,
994 3983 1047 4035 sub
1062 3985 1169 4036 Menna

65 4059 175 4123 habita,
191 4059 334 4114 contectos
348 4077 421 4122 esse,
437 4072 465 4115 et
480 4062 632 4132 Origenem
647 4063 757 4118 nonnisi
772 4067 856 4120 modo
869 4067 992 4136 generali
1007 4068 1035 4121 in
1051 4069 1080 4122 C.
1096 4070 1156 4122 Con

65 4145 219 4215 stantinop.
245 4149 272 4201 ll
294 4148 460 4202 damnatum
481 4149 574 4204 fuisse.
625 4151 666 4204 Cf.
684 4151 788 4220 Hefele,
808 4153 934 4208 Histoire
954 4155 1005 4207 des
1026 4154 1164 4222 Conciles,

65 4234 81 4304 i
97 4246 147 4304 251
162 4251 203 4304 ss·
