2808 4664
340 143 395 192 DE
416 142 499 192 DEO
518 143 890 193 REMUNERATORE.
1102 143 1163 193 741

93 323 135 388 78.
177 321 217 389 (d)
237 321 442 397 Rationalistae
460 323 648 382 contendunt
667 323 881 396 impossibilem
899 324 961 381 sore
980 320 1166 380 resurrediio·

60 425 144 478 nem;
162 425 231 464 nam
246 411 285 478 (a)
299 419 368 466 sunt
381 411 621 482 anthropophagi
635 412 684 483 qui
699 411 838 484 carnibus
848 411 986 468 humanis
996 417 1154 467 vescuntur
1159 428 1166 478 ;

60 492 168 549 eadem
191 493 280 564 igitur
303 495 425 554 materia
451 497 480 554 in
505 496 640 568 pluribus
662 496 834 555 hominibus
856 496 1021 554 successive
1043 495 1107 560 luit,
1131 511 1166 551 ac

60 580 188 650 proinde
214 581 399 652 impossibiie
423 594 468 640 est
490 593 523 641 ut
544 585 750 656 unusquisque
771 601 839 640 curn
862 583 981 656 propria
1003 582 1057 638 sui
1078 599 1166 638 came

59 679 202 737 resurgat.
240 667 358 737 (bilmo
372 685 477 727 omnes
490 669 627 744 homines
640 669 696 727 sub
709 671 810 742 aliquo
823 668 959 741 respediu
970 681 1038 726 sunt
1048 668 1166 725 anthro-

59 753 207 824 pophagi;
222 772 290 812 nam
303 756 401 813 statim
416 773 450 814 ac
463 756 608 814 cadavera
621 767 703 815 terrae
716 757 857 814 mandata
870 765 948 822 sunt,
961 773 1030 812 mox
1043 755 1073 811 in
1087 755 1166 826 prin-

59 837 138 909 cipia
151 839 280 896 chimica
293 837 497 912 resolvuntur;
516 840 561 896 his
580 841 748 898 nutriuntur
764 840 917 911 vegetaiia,
933 838 1043 910 quibus
1055 839 1165 894 anima·

59 923 95 979 lia
110 924 249 992 aluntur;
268 942 336 982 cum
350 926 438 1004 igitur
451 926 594 1006 vegetalia
607 926 833 991 manducamus,
847 926 875 981 in
887 936 1017 982 nostram
1030 922 1165 981 substan·

58 1009 130 1066 tiam
145 1013 347 1069 convertimus
360 1012 507 1069 elementa
519 1012 647 1090 chimica
660 1031 727 1084 quae
740 1012 957 1076 constituerunt
970 1010 1165 1068 substantiam

58 1095 186 1152 aliorum
206 1097 374 1166 hominum,
389 1108 418 1155 et
437 1098 478 1154 sic
498 1098 527 1176 in
547 1098 705 1178 infinitum.
742 1097 871 1157 Cuinam
892 1097 980 1168 igitur
998 1096 1167 1154 restituetur

58 1183 227 1240 substantia
240 1201 307 1254 quae
321 1193 364 1241 tot
377 1184 549 1241 hominibus
562 1185 728 1242 successive
741 1185 860 1256 propria
873 1184 979 1240 fuerit?

95 1269 146 1326 Ad
172 1269 329 1328 solvendas
355 1271 418 1327 illas
444 1271 638 1342 difficultates,
663 1271 725 1328 duo
747 1269 941 1344 praenotanda
962 1279 1053 1327 sunt:
1078 1269 1166 1341 Juxta

58 1356 190 1413 cultores
204 1357 335 1415 scientiae
345 1357 493 1422 naturalis,
506 1375 614 1430 corpus
624 1357 787 1415 humanum
799 1358 927 1415 totaliter
939 1367 1096 1414 renovatur
1106 1367 1165 1414 nou

57 1442 155 1499 solum
176 1442 311 1513 quolibet
329 1444 496 1514 septennio,
511 1455 543 1500 ut
561 1444 632 1500 oiim
652 1443 826 1510 docebatur,
847 1444 1008 1502 sedetiam
1027 1441 1165 1513 quolibet

59 1527 166 1585 saitem
189 1546 275 1598 anno,
295 1530 349 1586 nisi
373 1531 448 1587 forte
467 1529 650 1602 excipiantur
668 1531 807 1602 quaedam
826 1529 952 1587 stamina
971 1529 1165 1594 fibriilorunr;

58 1615 148 1685 igitur
160 1633 222 1673 non
236 1633 340 1674 omnes
354 1627 450 1688 partes
470 1617 599 1674 materiae
617 1635 734 1689 semper
753 1627 906 1674 remanent
926 1617 955 1672 in
975 1617 1083 1675 eodem
1102 1634 1165 1674 cor·

58 1717 142 1772 pore,
163 1702 216 1760 sed
236 1702 320 1760 adest
340 1715 501 1775 perpetuus
524 1704 626 1771 fluxus,
649 1704 793 1761 continua
813 1704 946 1774 mutatio,
970 1704 1043 1774 quin
1066 1714 1165 1762 tamen

59 1789 201 1846 identitas
214 1791 346 1862 corporis
359 1791 545 1848 destruatur:
564 1792 696 1861 jamvero
709 1791 792 1862 quod
805 1809 865 1847 non
880 1790 1006 1862 impedit
1023 1791 1165 1868 unitatem

60 1875 229 1932 secundum
248 1889 405 1934 numerum
426 1877 455 1933 in
474 1877 605 1945 homine,
622 1877 695 1934 dum
715 1877 859 1934 continno
877 1877 957 1942 vivit,
976 1876 1164 1933 manifestum

58 1971 103 2018 est
123 1961 207 2032 quod
227 1979 287 2020 non
307 1972 405 2034 potest
424 1962 570 2034 impedire
588 1963 731 2020 unitatem
744 1964 929 2034 resurgentis.
970 1962 1058 2034 Juxta
1072 1962 1164 2019 fidem

58 2047 249 2114 catholicam,
264 2049 294 2105 in
308 2048 530 2117 resurrectione,
542 2057 603 2105 non
617 2047 794 2106 resumenda
807 2059 851 2106 est
863 2058 926 2105 tota
939 2049 1061 2105 materia
1075 2065 1165 2119 quam

58 2133 221 2191 habuimus
233 2145 297 2192 toto
307 2136 374 2194 vitae
387 2146 529 2206 tempore,
541 2136 701 2194 sed-solum
714 2145 750 2193 e'a
762 2135 912 2206 quantitas
925 2135 993 2207 quse
1005 2135 1045 2194 ad
1057 2153 1167 2206 corpus

58 2221 226 2277 humanum
246 2222 489 2280 constituendum
509 2223 616 2279 sufficit
625 2242 635 2293 ;
657 2223 727 2292 imo,
746 2221 828 2292 juxta
845 2239 1038 2279 communem
1058 2223 1166 2280 dodiri-

58 2323 139 2371 nam,
154 2306 251 2364 minor
261 2308 410 2378 quantitas
424 2310 553 2367 materiae
563 2309 720 2380 requiritur
733 2326 787 2381 pro
799 2325 924 2380 corpore
933 2309 1072 2380 glorioso,
1083 2311 1166 2380 quod

56 2404 101 2450 est
116 2393 202 2450 valde
216 2393 334 2460 subtile,
349 2412 440 2466 quam
454 2413 508 2468 pro
521 2409 645 2468 corpore
657 2385 772 2453 mortali
786 2405 816 2452 et
828 2395 970 2467 passibili.

93 2479 153 2536 His
172 2479 286 2552 positis,
305 2481 391 2539 facile
410 2483 531 2539 solvitur
550 2481 725 2540 difficultas:
752 2485 792 2552 (ι)
812 2481 922 2555 Quoad
940 2481 1163 2554 anthropopha-

60 2585 123 2637 gos,
141 2567 240 2624 nuilus
259 2579 302 2626 est
321 2569 373 2640 qui
391 2575 454 2626 toto
469 2569 536 2626 vitae
552 2569 689 2635 decursu,
704 2569 801 2628 soium
814 2569 953 2627 carnibus
967 2570 1105 2627 humanis
1118 2588 1165 2629 ve·

59 2665 177 2722 scatur;
197 2673 276 2726 saepe
295 2655 375 2712 enim
392 2655 504 2713 fructus
521 2668 572 2714 aut
589 2655 727 2714 animalia
744 2657 946 2727 manducant;
966 2656 1061 2714 indie
1079 2657 1166 2728 igitur

60 2740 283 2812 resurrediionis
302 2745 450 2815 accipient
470 2744 534 2802 illas
556 2745 689 2812 materia,
705 2756 813 2816 partes,
834 2762 907 2815 quas
927 2763 963 2801 ex
983 2745 1166 2816 vegetalibus

57 2828 276 2886 animalibusve
286 2830 524 2902 desumpserunt,
533 2829 703 2910 nouantem
714 2849 817 2889 carnes
825 2831 972 2890 humanas
983 2850 1056 2902 quas
1066 2850 1165 2890 come·

18 2973 22 2984 ,
59 2916 177 2973 derunt.
217 2918 258 2986 (b)
273 2917 384 2990 Quoad
396 2907 502 2976 herbas
514 2919 723 2990 animaliaque,
738 2915 847 2990 quibus
866 2919 1018 2987 nutrimur,
1035 2919 1084 2976 illa
1104 2937 1165 2978 non

59 3005 241 3076 praecipuam
256 3017 368 3078 partem
388 3008 560 3065 substantiae
578 3025 639 3065 suae
657 3019 836 3080 acceperunt
855 3009 897 3066 ex'
909 3008 1087 3066 cadaverum
1106 3007 1163 3064 ele·

58 3091 180 3158 mentis,
195 3093 247 3150 sed
266 3093 312 3150 vei
329 3111 365 3151 ex
382 3094 475 3151 humo
494 3094 538 3151 vei
559 3111 594 3152 ex
613 3112 688 3164 aere,
704 3094 750 3152 vei
763 3111 799 3152 ex
811 3094 986 3166 corporibus
999 3092 1152 3152 brutorum
1159 3113 1166 3162 ;

59 3182 151 3243 unde,
162 3179 185 3236 si
199 3179 274 3236 sorte
287 3181 441 3252 pervitam
457 3191 586 3238 nostram
600 3181 712 3254 aliquot
725 3181 872 3255 elementa
885 3181 1016 3238 materiae
1029 3179 1164 3238 habueri-

56 3283 135 3330 mus,
151 3283 218 3339 quae
231 3266 271 3323 ad
283 3267 356 3324 alios
370 3267 506 3324 homines
520 3267 731 3338 pertinuerunt,
743 3266 791 3322 ilia
803 3266 950 3324 elementa
963 3277 1032 3323 sunt
1045 3265 1164 3322 relative

56 3369 161 3422 pauca,
179 3370 235 3409 nec
252 3352 338 3410 nobis
358 3353 522 3410 necessaria
539 3363 627 3410 erunt
644 3353 673 3409 in
691 3352 741 3410 die
757 3352 988 3430 resurrectionis,
1000 3369 1069 3408 cum
1085 3350 1164 3427 snffi3

55 3440 186 3496 cientem
200 3441 330 3497 materiae
344 3440 539 3511 quantitatem
547 3458 589 3516 ,ex
605 3439 671 3495 aliis
685 3438 816 3496 sontibus
829 3439 1032 3514 acceperimus
1045 3458 1052 3508 ;
1071 3438 1164 3496 aliun·

55 3525 103 3594 de,
129 3525 152 3580 si
176 3525 289 3596 aliquid
314 3526 406 3596 deest,
434 3527 565 3598 suppleri
592 3536 689 3598 potest
713 3543 766 3598 per
792 3527 956 3598 potentiam
982 3527 1048 3592 Dei,
1070 3537 1102 3582 ut
1123 3526 1164 3584 ait

55 3611 85 3670 S.
104 3611 231 3669 Thomas
244 3614 291 3682 (C.
308 3614 396 3671 Gent.
414 3613 467 3683 IV,
481 3616 552 3684 81)¹.

45 3861 48 3868 ·
87 3833 99 3855 ⁴
110 3823 206 3889 Quam
220 3822 413 3875 difficultatem
428 3822 527 3875 diebus
540 3821 643 3875 nostris
658 3819 798 3873 recot‘iam
812 3839 829 3874 a
835 3823 866 3890 J.
880 3811 1024 3891 Reyuaud,
1035 3823 1122 3874 Terre
1136 3833 1163 3875 et

54 3911 127 3976 Ciei,
141 3911 268 3978 aliasque
282 3909 443 3978 hujusmodi
458 3921 585 3963 recenset
598 3927 632 3963 ac
646 3909 769 3978 explodit
782 3909 910 3978 Freppel,
921 3911 975 3962 Les
984 3909 1164 3976 Apologistes

55 3998 217 4063 Chretiens‚
240 4007 258 4050 t.
284 3999 322 4062 ll,
344 4011 372 4066 qa
393 3999 470 4062 Lec,
490 3997 538 4050 ubi
561 3996 759 4048 animadvertit
781 3995 818 4047 ad
839 3995 1015 4050 identitatem
1040 3997 1164 4064 corporis

52 4086 215 4139 resuscitati
240 4101 296 4138 non
321 4084 421 4152 requiri
445 4083 573 4137 absolute
595 4095 626 4136 ut
652 4083 737 4137 etiam
760 4069 846 4136 unam
872 4096 888 4133 e
911 4079 1056 4133 moiecuiis
1080 4091 1164 4134 antea

53 4173 162 4226 habitis
183 4173 309 4236 retineat,
324 4171 374 4224 sed
394 4171 520 4224 sufficere
538 4159 572 4224 ut¹
588 4171 718 4224 eamdem
736 4169 866 4230 formam,
887 4168 1018 4220 eamdem
1038 4167 1165 4235 figuram,

51 4261 175 4328 easdem
189 4258 286 4325 lineas,
303 4258 434 4313 eamdem
448 4255 609 4325 specificam
624 4252 812 4310 differentiam
824 4256 927 4309 habeat
941 4256 978 4324 (p.
997 4255 1128 4324 roa-193).
