2776 4644
468 175 522 224 DE
540 175 708 223 annin.

202 375 308 435 CAP.
332 374 386 433 13.
404 374 459 432 De
483 371 783 445 perseverantiae
807 385 977 429 munere.

69 500 214 558 Similiter
226 501 264 558 de
279 499 503 572 perseverantiae
517 513 648 575 munere,
665 495 703 553 de
720 513 781 566 quo
799 495 1000 567 scriptumest
1017 515 1023 550 :
1044 495 1135 568 “Qui

39 588 267 656 perseveraverit
288 603 383 657 usque
404 585 433 642 in
455 585 554 664 tinem,
573 583 622 639 hic
641 582 738 639 salvus
760 581 814 638 erit
824 581 877 640 ''¹:
905 581 989 653 quod
1011 581 1135 652 quidem

37 672 158 732 aliunde
173 673 275 732 baberi
289 691 350 730 non
365 663 470 744 potest,
485 670 539 726 nisi
555 670 594 728 ab
607 689 645 728 eo
658 672 708 742 qui
724 683 829 742 potens
843 680 896 734 est,
911 688 978 727 eum
999 671 1049 742 qui
1070 683 1135 740 stat,

39 769 177 826 statuere,
189 771 221 818 ut
235 769 457 832 perseveranter
474 768 540 824 stet,
554 767 582 814 et
596 775 664 815 eunt
678 759 730 830 qui
743 758 832 822 cadit,
854 758 1024 816 restituere:
1045 777 1135 817 nemo

39 846 91 902 abi
104 847 180 904 certi
198 847 312 918 aliquid
333 846 469 904 absoluta
489 845 667 903 certitudine
688 844 876 916 polliceatur;
896 845 1012 902 tametsi
1032 845 1062 902 in
1078 846 1133 902 Dei

39 935 147 991 auxilio
172 933 369 991 firmissimam
392 951 476 1004 spem
497 933 644 989 collocare
666 941 695 988 et
721 948 865 1002 reponere
885 949 990 989 omnes
1010 931 1130 990 debent.

42 1019 121 1076 Deus
134 1020 224 1090 enim,
237 1020 292 1076 nisi
307 1019 383 1077 illius
396 1021 496 1090 gratiae
509 1019 666 1088 defuerint,
678 1018 754 1076 sicut
767 1019 858 1090 coepit
871 1035 947 1090 opus
961 1018 1084 1087 bonum,
1095 1021 1135 1078 ita

40 1107 180 1176 perficiet,
195 1125 323 1179 operans
335 1107 410 1164 velle
423 1116 451 1164 et
465 1107 614 1178 perlicere.

74 1193 288 1252 Verumtamen
302 1194 352 1265 qui
367 1211 398 1250 se
411 1193 579 1250 existimant
599 1203 683 1262 stare,
700 1193 820 1250 videant
834 1209 872 1250 ne
884 1193 1005 1264 cadant3
1023 1205 1052 1252 et
1066 1214 1134 1253 curn

40 1279 145 1338 timore
159 1299 193 1338 ac
207 1293 334 1338 tremore
347 1280 471 1338 salutem
487 1297 570 1337 suam
584 1292 745 1352 operentur
758 1281 788 1336 in
801 1279 962 1344 laboribus
979 1281 1008 1337 in
1022 1282 1135 1352 vigiliis,

42 1365 67 1420 in
80 1366 288 1440 eleemosynis,
305 1369 335 1424 in
348 1366 531 1424 orationibus
550 1376 579 1424 et
598 1365 808 1438 oblationibus,
826 1367 855 1422 in
873 1367 992 1438 jejuniis
1006 1378 1034 1425 et
1051 1371 1135 1425 casti-

41 1461 104 1509 tate.
148 1453 320 1511 Formidare
340 1453 418 1510 enirn
439 1452 551 1510 debent
570 1453 707 1521 scienteS,
724 1453 807 1523 quod
830 1453 859 1508 in
880 1470 965 1524 spem
983 1453 1092 1524 gloriae,
1106 1466 1135 1514 et

42 1536 175 1593 nondum
187 1537 349 1610 ingloriam
363 1537 456 1594 renati
470 1546 548 1606 sunt,
562 1536 599 1594 de
614 1538 714 1608 pugna
727 1554 794 1608 uuae
808 1547 940 1608 superest
953 1556 1021 1594 cunr
1035 1557 1132 1610 carne,

42 1638 106 1677 cum
128 1625 251 1695 inundo,
267 1641 337 1681 eum
351 1623 472 1681 diabolo
489 1644 495 1679 :
525 1623 554 1679 in
569 1623 629 1693 qua
642 1624 767 1681 victores
780 1641 845 1680 esse
859 1641 918 1680 non
933 1637 1066 1696 possunt,
1079 1625 1133 1682 nisi

41 1725 106 1765 cunr
123 1711 178 1768 Dei
192 1711 285 1782 gratia
299 1711 445 1782 Apostolo
458 1711 666 1782 obtemperent
680 1711 790 1768 dicenti
805 1733 810 1768 ι
834 1716 851 1739 “
862 1711 1020 1768 Debitores
1033 1729 1135 1770 sumus

42 1813 99 1851 non
113 1797 204 1864 carni,
218 1807 250 1854 ut
264 1797 430 1855 secundum
445 1814 563 1853 carnem
578 1796 730 1853 vivamus:
758 1798 781 1853 si
796 1797 876 1854 enim
890 1798 1055 1855 secundum
1075 1816 1135 1854 car-

43 1901 107 1938 nem
122 1885 249 1942 vixeritis
263 1885 446 1954 moriemini;
465 1885 487 1940 si
502 1893 601 1941 autern
616 1884 725 1955 Spiritu
740 1883 925 1941 laetaminis
943 1884 1136 1943 mortificave-

43 1969 109 2036 ritis,
123 1971 226 2028 vivetis
237 1972 252 1996 ''
261 1976 280 2028 ².

142 2115 249 2175 CAP.
267 2115 324 2174 14.
343 2116 397 2173 De
418 2114 539 2186 lapsis
562 2117 602 2170 et
621 2123 753 2169 eorum
771 2113 1027 2183 reparatione.

76 2237 137 2309 Qui
151 2255 219 2294 vero
239 2235 277 2294 ab
296 2237 420 2309 accepta
437 2235 655 2307 justificationis
673 2233 767 2306 gratia
781 2251 832 2306 per
845 2243 1001 2305 peccatum
1021 2238 1137 2296 excide·

43 2335 114 2393 runt,
129 2343 227 2381 rursus
238 2325 391 2395 justificari
402 2334 548 2396 poterunt,
560 2341 638 2390 cunr,
649 2322 796 2379 excitante
805 2322 871 2379 Deo
885 2340 936 2394 per
951 2323 1137 2384 Poenitentiae

43 2413 275 2478 Sacramentum,
286 2413 392 2470 merito
402 2412 512 2471 Christi
525 2411 665 2468 amissam
679 2409 801 2479 gratiam
816 2426 989 2481 recuperare
1000 2429 1137 2482 procura-

43 2499 143 2554 verint.
184 2499 245 2556 Hic
258 2500 339 2556 enim
356 2499 574 2569 justificationis
589 2498 695 2555 modus
709 2506 752 2553 est
762 2496 851 2568 lapsis
865 2498 1027 2567 reparatio:
1047 2519 1136 2573 quarn

43 2586 204 2642 secundani
233 2596 300 2658 post
332 2587 516 2658 naufragium
549 2584 712 2657 deperditae
740 2584 841 2654 gratiae
872 2583 1005 2642 tabulam
1041 2589 1135 2646 sanc'li

45 2671 142 2728 Patres
160 2683 230 2744 apte
249 2683 467 2744 nuncuparunt.
508 2673 628 2731 Etenim
649 2689 702 2743 pro
722 2671 766 2736 iis,
788 2671 839 2742 qui
862 2682 929 2744 post
949 2674 1137 2746 Baptismurn

43 2761 70 2818 in
90 2773 213 2832 peccata
231 2762 380 2828 labuntur,
396 2762 532 2822 Christus
549 2763 635 2834 Jesus
654 2770 873 2817 sacramentum
895 2762 1020 2820 instituit
1040 2765 1137 2822 Poeni·

44 2850 150 2914 tentiae,
166 2867 236 2905 cunt
254 2849 325 2906 dicit
342 2872 348 2908 :
379 2849 545 2922 “Accipite
564 2849 704 2920 Spiritum
719 2847 861 2904 Sanctum
878 2869 884 2904 :
912 2867 1039 2920 quorum
1053 2853 1137 2910 remi-

44 2935 136 2990 seritis
164 2945 295 3005 peccata,
318 2933 506 2991 remittuntur
533 2935 584 3004 eis,
607 2943 636 2991 et
663 2949 790 3003 quorum
817 2933 1002 3004 retinueritis,
1024 2945 1137 2994 retenta

44 3021 160 3077 sunt”³.

77 3107 169 3166 Unde
177 3108 348 3166 docendum
357 3119 409 3179 est,
422 3108 581 3168 Christiani
591 3107 719 3164 hominis
728 3107 933 3179 poenitentiam
945 3121 1011 3181 post
1021 3110 1137 3182 lapsum

44 3195 136 3251 multo
146 3194 234 3252 aliani
248 3213 313 3253 esse
325 3213 343 3252 a
355 3195 539 3266 baptismali3
558 3213 653 3268 eaque
666 3195 811 3253 contineri
826 3213 885 3253 non
897 3197 988 3255 niodo
999 3200 1137 3256 cessatio-

45 3301 110 3339 nem
123 3300 140 3338 a
153 3285 293 3355 peccatis,
305 3293 334 3341 et
347 3301 450 3341 eorum
461 3284 699 3352 detestationem,
710 3293 759 3339 aut
768 3300 819 3340 cor
827 3283 987 3340 contritum
1001 3295 1029 3342 et
1043 3285 1137 3342 lrumi-

45 3369 159 3440 liatunr;
178 3371 382 3428 verumetiam
397 3372 571 3430 eorumdem
586 3369 831 3428 sacramentalem
845 3371 1073 3440 consessionem,
1084 3375 1137 3430 sal·

45 3467 100 3512 tem
115 3458 144 3514 in
158 3467 238 3520 voto,
253 3467 282 3514 et
297 3475 352 3514 suo
365 3467 500 3529 tempore
513 3457 689 3526 faciendam,
706 3468 736 3514 et
750 3457 964 3517 sacerdotalem
977 3459 1137 3518 absolutio·

46 3560 126 3612 nenr;
145 3543 277 3614 itemque
289 3543 521 3602 satistadtionem
531 3561 583 3616 per
594 3544 714 3614 jejunia,
728 3543 939 3616 eleemosynas,
953 3547 1100 3604 orationes
1109 3563 1137 3605 et

46 3627 97 3684 alia
106 3627 154 3699 pia
162 3627 321 3698 spiritualis
332 3626 399 3684 vitae
409 3627 563 3698 exercitia;
581 3644 641 3683 non
652 3625 774 3697 quidem
784 3643 837 3697 pro
846 3629 935 3698 poena
945 3630 1063 3698 aeterna,
1071 3648 1138 3701 quae

46 3713 88 3773 vel
108 3715 308 3783 Sacrament0‚
321 3715 368 3772 vel
388 3713 571 3772 Sacramenti
591 3724 670 3782 voto,
692 3731 837 3770 unacum
857 3713 946 3785 eulpa
965 3716 1138 3786 remittitur,

47 3801 95 3860 sed
109 3819 162 3873 pro
180 3801 271 3873 poena
289 3801 455 3874 temporali,
469 3819 545 3873 quae,
562 3811 595 3858 ut
614 3819 704 3858 sacrae
720 3800 838 3858 Litterae
858 3801 977 3872 docent,
996 3821 1056 3860 non
1077 3815 1138 3862 tota

47 3907 166 3964 semper,
179 3900 211 3947 ut
224 3889 254 3946 in
265 3889 420 3962 Baptismo
434 3890 475 3962 fit,
486 3889 645 3947 dimittitur
658 3889 723 3958 illis,
736 3889 787 3959 qui
800 3890 900 3960 gratiae
913 3890 978 3959 Dei,
988 3909 1077 3963 quarn
1092 3911 1139 3948 ac-

46 3989 191 4052 ceperunt,
212 3977 317 4048 ingrati
336 3977 477 4050 Spiritum
498 3974 640 4034 Sanetum
660 3977 917 4044 contristaverunt,
938 3987 966 4035 et
992 3983 1136 4050 templum

49 4061 99 4118 Dei
119 4060 232 4118 violare
252 4077 312 4117 non
332 4070 400 4117 sunt
419 4059 511 4118 veriti.
552 4059 599 4115 De
620 4059 679 4128 qua
702 4059 879 4130 poenitentia
899 4059 1105 4130 scriptumest
1131 4081 1137 4117 ι

78 4247 193 4312 ¹Ma!!„
209 4245 317 4309 XXIV,
334 4259 373 4308 tt.
390 4276 424 4286 -
438 4246 642 4312 =R0n1.,v111,
661 4260 747 4313 1243.
765 4275 799 4284 -
812 4246 822 4276 ³
824 4247 902 4316 soa,
915 4245 979 4312 XX,
994 4260 1082 4313 22·23.
