2770 4652
136 927 457 995 39389239'
499 927 1050 995 ‘9289'489'6892393

226 1291 297 1370 De
326 1285 635 1372 poenitentia
665 1294 725 1371 ut
750 1290 962 1371 virtute.

88 1539 166 1602 Duo
196 1559 429 1622 exponemus:
465 1552 496 1601 10
526 1539 705 1620 genuinam
740 1538 947 1620 poenitentiae
978 1537 1146 1614 notionem,

48 1655 80 1704 20
94 1644 166 1724 ejus
183 1644 402 1706 necessitatem.

273 1824 301 1880 1.
326 1821 501 1880 Genutna
525 1821 767 1892 poenitentiae
792 1814 924 1879 n0t10¹.

89 1983 115 2046 ς
167 1963 232 2054 (Α)
250 1965 368 2044 Quoad
375 1987 495 2028 nomen.
534 1965 745 2039 Poenitentia,
754 1964 855 2044 juxta
867 1965 1043 2046 plerosque
1056 1965 1147 2026 theo-

49 2069 150 2152 logos,
164 2071 331 2133 derivatur
346 2091 365 2132 a
373 2082 503 2151 poenam
520 2079 631 2144 tenere,
647 2077 812 2150 quatenus
836 2068 938 2130 homo
954 2067 1149 2149 poenitendo

48 2176 142 2255 punit
160 2173 320 2256 quidquid
350 2173 427 2237 mali
447 2173 618 2255 peccando
642 2172 784 2236 admisit.
829 2173 935 2253 Juxta
952 2172 1150 2234 recentiores

47 2298 130 2353 ver0‚
148 2277 345 2358 poenitentia
360 2277 451 2340 venit
467 2298 487 2340 a
495 2288 595 2358 poene,
610 2274 700 2357 quod
721 2275 904 2356 antiquitus
921 2276 1009 2338 idem
1027 2272 1150 2356 signifi-

47 2381 144 2442 cabat
160 2399 198 2442 ac
214 2379 355 2461 penitus,
371 2379 388 2442 i.
405 2399 430 2441 e.
448 2379 573 2460 aliquid
591 2379 756 2451 intimum,
771 2377 861 2460 quod
879 2398 935 2440 cor
951 2379 1060 2460 ipsum
1082 2375 1150 2440 affi-

48 2483 88 2546 cit
100 2495 121 2544 2.
166 2480 337 2564 Quidquid
350 2483 402 2558 sit,
414 2503 481 2545 vox
495 2483 551 2545 illa
564 2483 627 2546 tria
640 2482 821 2565 praesertim
836 2481 1001 2564 significat
1016 2507 1022 2545 ε
1039 2482 1089 2563 (a)
1102 2483 1149 2543 in·

48 2587 198 2650 teriorem
215 2587 317 2649 animi
333 2607 465 2649 sensum
483 2607 550 2668 quo
566 2607 626 2662 res,
642 2589 711 2649 sive
735 2586 822 2649 bona
841 2588 911 2649 sive
928 2587 1023 2662 mala,
1039 2606 1149 2667 repro-

48 2689 144 2753 batur
151 2711 159 2766 ;
182 2688 234 2770 (b)
249 2689 398 2752 dolorem
418 2702 617 2772 conceptum
640 2691 682 2753 de
701 2691 849 2766 crimine,
864 2710 931 2754 non
957 2691 1020 2752 Dei
1042 2694 1150 2765 causa,

47 2793 102 2854 sed
131 2775 266 2874 propter
293 2791 398 2855 malos
424 2791 561 2856 effectus
589 2793 710 2856 exinde
736 2804 888 2870 secutos;
918 2792 967 2874 (c)
993 2793 1148 2856 intimum

47 2896 147 2959 animi
178 2895 327 2959 dolorem
358 2896 401 2959 de
431 2906 569 2979 peccato
599 2898 789 2969 commisso,
816 2896 880 2958 Dei
907 2901 1006 2958 causa
1033 2916 1135 2957 conce

48 3009 139 3078 ptum
154 3020 161 3076 ;
187 3019 254 3080 quo
270 3019 368 3062 sensu
385 3001 471 3063 hanc
487 3020 602 3063 vocem
620 3000 651 3061 in
670 3001 732 3061 hoc
749 2995 892 3062 tra&atu
909 3019 1113 3080 usurpamus,

86 3120 115 3184 4.
166 3098 233 3187 (Β)
255 3102 373 3181 Quoad
392 3123 468 3180 rem,
484 3103 682 3184 poenitentia
698 3112 735 3164 ut
751 3102 884 3165 habitus
900 3101 1027 3165 definiri
1045 3103 1149 3166 solet:

47 3205 152 3268 virtus
180 3207 442 3288 supernaturalis
471 3218 502 3269 et
531 3207 677 3282 moralrs,
696 3216 889 3288 peccatorem
918 3207 1077 3270 inclinans
1106 3208 1154 3269 ad

48 3307 284 3373 detestationem
297 3311 429 3392 proprii
441 3312 572 3392 peccati,
587 3320 744 3391 quatenus
763 3319 811 3371 est
827 3310 947 3392 offensu
968 3311 1041 3386 Dei,
1057 3321 1087 3372 et
1106 3310 1153 3372 ad

39 3412 178 3490 firmum
195 3414 427 3476 emendationis
441 3413 734 3494 satisfactionisque
741 3414 951 3493 propositum.

89 3517 220 3579 Dicitur
243 3517 293 3598 (a)
316 3519 419 3580 virtus
441 3517 708 3598 seqaermzturaliu
731 3517 818 3598 qnia,
842 3518 918 3579 licet
945 3517 1147 3597 speculative

46 3617 115 3681 dari
139 3630 252 3701 posset
275 3621 439 3683 naturales
461 3620 594 3683 habitus
617 3621 833 3701 poenitentiae,
849 3619 977 3684 adtibus
1002 3619 1149 3701 repetitis

47 3723 235 3803 acquisitus,
251 3734 363 3786 tamen
381 3724 423 3785 de
441 3721 529 3787 ΐειξὶο
545 3744 646 3804 quum
664 3724 705 3786 ad
723 3733 848 3787 statum
865 3722 1148 3804 supernaturalem

80 3951 89 3981 ¹
101 3952 131 4006 S.
148 3953 175 4004 Τ
171 3952 275 4019 homas,
286 3967 302 4022 3
315 3970 341 4022 p.
356 3970 384 4023 q.
396 3954 444 4020 85;
460 3954 577 4016 Suarea,
590 3954 626 4007 de
641 3952 788 4007 Poenitent.
800 3953 872 4022 disp.
889 3953 971 4006 1-V11
984 3973 990 4014 ;
1004 3954 1147 4008 Salmant.

48 4037 118 4108 disp.
134 4039 171 4104 V;
190 4040 334 4106 Marinus,
351 4039 398 4094 lib.
417 4041 438 4108 1,
455 4057 477 4094 c.
495 4058 524 4104 1;
545 4041 665 4100 Bruttia,
681 4057 707 4109 q.
725 4039 747 4101 Ι,
763 4057 785 4092 c.
804 4057 836 4102 1;
856 4040 992 4108 Billuar!‚
1016 4042 1081 4095 diss.
1100 4042 1150 4104 11;

47 4123 79 4177 de
91 4126 271 4195 Auentinis,
286 4145 311 4194 p.
329 4127 349 4194 1,
366 4143 390 4182 a.
408 4144 418 4180 r
434 4146 440 4192 ;
461 4128 557 4194 uiuat,
573 4144 597 4196 p.
612 4129 712 4196 53-62;
732 4128 825 4194 Percli,
839 4145 865 4181 n.
879 4127 913 4192 87
928 4146 968 4198 sq.

82 4217 91 4238 ²
105 4211 159 4266 cn.
175 4213 218 4266 M.
235 4215 325 4267 Brc‘al
334 4221 361 4266 et
372 4214 399 4267 Α
405 4255 410 4266 .
425 4215 528 4283 Bailly,
549 4211 741 4268 Ditiionnaire
756 4213 962 4285 dtymologique
975 4215 1054 4278 latin,
1074 4215 1147 4282 1885,

50 4315 74 4366 p.
92 4314 147 4365 241.
