2758 4652
267 172 323 221 DE
343 172 635 223 POENITENTIAE
653 169 952 224 sacramanto
1089 164 1155 217 52³

57 351 237 424 “Multique
257 354 442 412 credentium
460 353 621 412 veniebant
632 353 792 424 confitentes
810 359 838 409 et
855 350 1065 434 arznanrianres
1076 349 1158 405 aHus

52 439 161 505 suos'',·
179 456 268 510 porro
286 458 381 511 graeea
399 459 455 498 vox
475 437 716 508 ἐξομολογουμενοι
733 440 781 496 hic
801 436 934 496 adhibita
948 437 1053 495 eadem
1067 445 1110 493 est
1123 452 1158 492 ac

52 541 87 581 ea
107 525 167 595 qua
186 525 283 583 Graeci
302 537 425 584 utuntur
443 527 481 584 ad
500 526 718 584 consessionem
739 525 982 582 sacramentalem
1001 523 1155 594 designan-

52 612 143 680 dam;
175 613 283 670 eodem
315 614 407 670 modo
439 612 643 684 intelliguntur
673 631 690 670 a
721 613 872 670 nonnullis
904 612 1039 668 Patribus
1069 610 1159 668 verba

53 697 84 754 S.
99 697 232 767 sacobi¹:
258 699 481 758 “Confitemini
502 700 673 756 alterutrum
698 711 819 772 peccata
842 698 970 757 vestra''.
1023 698 1159 754 Fatemur

52 795 154 842 tamen
174 803 210 842 ex
228 785 400 856 hujusmodi
419 785 547 844 textibus
567 805 628 842 non
648 797 769 856 certum,
792 788 844 844 sed
867 796 983 843 tanturn
1004 783 1158 856 probabile

51 871 162 929 deduci
178 882 395 943 argumentum,
409 890 500 944 quum
517 891 596 930 exse
613 873 651 930 de
669 873 799 944 'quadarn
819 872 947 944 generali
967 881 1157 942 peccatorum

50 958 261 1028 declaratione,
285 977 346 1016 non
368 971 467 1018 autem
492 961 657 1018 necessario
683 960 721 1017 de
746 959 948 1017 sacramentali
971 957 1159 1016 confessione

51 1045 177 1112 intelligi
190 1046 314 1103 valeant.

94 1157 146 1224 70.
195 1144 261 1233 (Β)
285 1149 429 1211 Tradit²
446 1149 697 1212 Confessionem
714 1149 998 1222 sacramentalem,
1013 1148 1082 1209 sive
1098 1167 1156 1227 pu·

52 1250 184 1325 blicam,
197 1252 265 1313 sive
278 1251 493 1313 auricularem
511 1235 610 1313 luisse
626 1253 658 1312 in
676 1273 736 1314 usu
754 1253 786 1313 in
805 1251 955 1313 Ecclesia
966 1259 1036 1312 turn
1049 1253 1157 1331 graeca

49 1365 124 1415 turn
139 1354 241 1416 latina
254 1353 352 1435 longe
364 1364 441 1417 ante
456 1354 714 1417 Reformationis
730 1365 862 1436 tempus
879 1374 977 1415 nemo
993 1362 1043 1415 est
1059 1352 1157 1414 hodie

50 1460 106 1539 qui
137 1459 275 1520 dubitet.
322 1458 393 1519 Nec
418 1458 568 1521 hodierni
596 1459 823 1521 Protestantes
846 1457 987 1536 amplius
1013 1473 1157 1516 asserere

48 1563 179 1623 audent
194 1559 414 1622 Innocentium
431 1561 493 1622 111
505 1562 721 1623 confessionis
737 1562 942 1623 inventorem
959 1559 1077 1620 fuisse:
1101 1559 1156 1620 de-

47 1672 181 1725 cretum
204 1665 291 1724 enirn
317 1664 406 1744 quod
430 1663 535 1725 edidit
557 1665 590 1724 in
615 1663 715 1728 Cone.
731 1663 947 1726 Laterauensi
963 1662 987 1724 Ι
994 1661 1025 1724 V
1043 1661 1156 1742 (1215)

49 1767 158 1846 {apud
189 1765 349 1845 Denaing,
380 1785 409 1826 n.
438 1767 514 1845 363)
546 1767 722 1828 manifesto
752 1767 910 1848 supponit
941 1764 1157 1827 confessionis

50 1870 283 1932 necessitatem
297 1869 366 1948 jain
383 1868 426 1930 ab
442 1869 596 1931 omnibus
612 1871 760 1950 agnitam
778 1869 886 1944 fuisse,
898 1879 931 1930 et
944 1867 1157 1929 solummodo

48 1983 178 2052 teinpus
201 1973 400 2034 determinat
426 1991 493 2051 quo
517 1983 721 2054 praeceptum
746 1972 936 2051 hujusmodi
960 1972 1003 2032 sit
1025 1990 1156 2032 servan-

47 2077 143 2136 dum.
191 2073 337 2136 Aliunde
352 2075 385 2136 in
404 2075 552 2137 Ecclesia
568 2076 691 2137 Latino
707 2076 868 2137 Alcm'nus
886 2075 917 2155 (Ι.
932 2081 1018 2153 755),
1035 2074 1074 2136 P.
1086 2073 1156 2134 Da·

50 2177 188 2238 titianus
204 2173 240 2260 (f.
258 2177 583 2257 1057),‘Lansrancus
597 2175 635 2260 (†
651 2181 755 2260 1070),
766 2180 798 2240 in
812 2176 955 2241 traelatu
971 2177 1014 2239 dc
1025 2175 1156 2239 celanda)

47 2279 253 2358 consessione,
265 2280 386 2360 aliique
399 2279 497 2360 longe
509 2291 608 2342 antea
619 2282 661 2342 de
674 2282 889 2343 consessionis
901 2279 1156 2361 proprietatibus

49 2393 84 2443 et
110 2383 308 2445 necessitate
331 2382 559 2456 disseruerant,
579 2392 616 2445 ut
638 2383 787 2446 hodierni
814 2386 1039 2446 Protestantes
1063 2381 1155 2444 fateri

47 2493 248 2566 cogunturs.
305 2485 430 2547 Pariter
457 2485 488 2545 in
516 2484 666 2547 Ecclesia
693 2485 812 2562 cneco,
838 2507 910 2548 saec.
938 2485 988 2547 lX
1018 2485 1157 2548 Severus

52 2587 293 2648 Aschmonirms
308 2596 341 2648 et
357 2585 479 2647 saeculo
495 2586 544 2648 Vl
565 2586 600 2649 S.
613 2588 814 2652 Anastasius
827 2589 968 2664 Sr‘noito,
981 2591 1156 2671 episcopus

49 2689 283 2762 Antzbchenus,
300 2687 335 2750 S.
350 2700 499 2772 Joannes
515 2687 730 2752 Scholasticus
749 2691 799 2753 vel
825 2691 992 2766 Clr'macus,
1012 2692 1158 2765 Joarmes

47 2793 241 2877 Jernator,
260 2790 446 2871 patriarcha
470 2788 861 2873 Constantinopolitanus
884 2795 1006 2874 aliique
1029 2793 1155 2854 confes·

50 2895 157 2958 sionis
187 2895 334 2956 divinam
366 2894 618 2969 institutionem,
646 2896 823 2958 utilitatem
855 2917 893 2957 ac
924 2897 1156 2957 necessitatem

51 2997 203 3081 pluribus
220 2999 252 3058 in
269 2996 349 3058 locis
364 2995 556 3058 describunt
571 3019 578 3074 ;
598 2998 768 3078 Liturgiae,
786 2999 969 3080 Eucologia
985 3019 1023 3061 ac
1041 2999 1156 3061 Ritua-

50 3104 97 3163 lia
115 3099 238 3162 formas
254 3100 426 3162 continent
442 3099 561 3180 quibus
578 3111 790 3181 peccatorum
807 3101 974 3164 absolutio
989 3102 1158 3183 poeniten-

48 3205 145 3266 tibus
157 3204 442 3279 concedebaturs.
470 3204 633 3266 Praeterea
644 3225 709 3266 non
720 3205 843 3267 desunt
856 3205 1156 3281 Concilia,Latera-

49 3306 150 3371 nansi
163 3305 186 3366 Ι
192 3304 218 3368 V
234 3305 366 3387 praevia,
382 3325 456 3385 quae
478 3305 693 3368 confessionis
716 3309 964 3370 sacramentalis
981 3308 1158 3370 necessita-

48 3425 124 3475 tem
147 3409 361 3490 praescribant
384 3408 435 3471 vel
459 3416 696 3488 supponant⁵;
719 3409 804 3470 inter
823 3428 898 3489 quae
924 3407 1154 3470 Wormatiense

51 3514 148 3595 (868)
161 3533 231 3576 can.
242 3530 259 3574 2
266 3526 281 3592 5
300 3523 333 3574 et
349 3514 399 3586 80,
417 3511 447 3572 T
445 3511 581 3572 icinense
593 3511 626 3591 (8
632 3511 686 3591 50)
699 3532 723 3572 c.
737 3512 766 3586 6,
778 3511 1013 3593 Mognrrtz'uum
1026 3509 1049 3572 Ι
1057 3509 1158 3590 (846),

49 3643 77 3682 c.
96 3619 148 3693 26,
164 3617 353 3678 Parisiense
376 3613 430 3690 Vl,
453 3615 555 3694 (829),
577 3633 622 3675 cc.
648 3630 696 3692 32,
715 3630 763 3692 34,
785 3613 966 3675 Toronense
980 3611 1043 3673 111
1054 3609 1156 3692 (813),

51 3743 124 3785 can.
138 3737 187 3796 22,
199 3719 377 3782 Rlierneuse
390 3718 430 3781 ΙΙ
445 3717 537 3799 (813)
549 3739 573 3778 c.
590 3733 635 3793 12,
648 3715 823 3779 Concilium
835 3714 859 3776 Ι
870 3713 1055 3776 Germanice
1065 3710 1157 3791 (742)

930 3867 956 3872 .--
966 3864 1063 3872 -—-.
1077 3859 1157 3870 ...ι-..-

90 3975 97 3996 1
131 3967 170 4002 ac.
185 3949 211 4000 V
237 3949 276 4002 16.

88 3953 265 4103 ²JPraecipua
284 4032 453 4095 testimonia,
475 4033 588 4085 decreta
606 4037 654 4082 aut
673 4025 747 4081 rana
765 4027 819 4080 hac
839 4026 874 4079 de
893 4043 922 4078 re
942 4023 1065 4093 collegit,
1085 4023 1158 4076 inter

51 4127 135 4192 alios,
155 4121 292 4188 Cambr'er,
306 4138 349 4190 op.
367 4121 411 4174 cit.
427 4138 451 4188 p.
466 4119 573 4188 96-323.

89 4223 99 4253 ³
113 4212 168 4266 Cir.
181 4211 409 4278 SchaffHerzog,
423 4207 584 4274 Encyclop,
598 4221 623 4272 p.
640 4217 652 4271 5
657 4218 698 4270 30.

89 4307 100 4335 ⁴
117 4297 255 4366 Cambr'er,
268 4315 312 4366 op.
329 4297 373 4350 cit.
388 4313 414 4363 p.
435 4298 483 4348 160
496 4311 537 4354 su.
554 4324 587 4331 —
600 4289 610 4320 ³
624 4291 758 4356 Cambier,
772 4307 796 4358 p.
815 4303 860 4357 151
878 4305 918 4355 sq.
