2794 4662
411 205 467 253 DE
487 205 723 255 MATRIMON
729 207 780 256 10.
1082 207 1147 258 62³

74 375 152 432 Can.
168 397 194 448 3.
235 379 263 435 Si
277 380 344 450 quis
356 380 470 452 dixerit,
485 401 538 440 eos
552 393 666 440 tantum
680 383 944 455 consanguinitatis
957 394 987 442 et
999 385 1146 442 affinitatis

34 463 149 531 gradus
174 465 225 535 qui
252 465 385 525 Levitico
409 469 614 540 exprimuntur
639 489 726 542 posse
751 471 897 543 impedire
921 471 1146 529 Matrimonium

35 549 288 621 contrahendum,
314 563 342 611 et
364 554 503 614 dirimere
520 557 726 624 contractum
748 575 803 615 nec
824 575 912 630 posse
933 558 1098 614 Ecclesiam
1117 557 1146 614 in

37 635 193 692 nonnullis
206 636 322 695 illorum
337 639 517 711 dispensare,
525 653 574 698 aut
588 643 767 702 constituere
782 653 813 702 ut
826 645 925 716 plures
940 645 1104 716 impediant
1117 655 1146 702 et

36 720 203 792 dirimant;
222 723 256 778 A.
271 725 298 780 S.

76 809 155 864 Can.
179 828 204 879 4.
245 810 275 868 Si
301 813 367 882 quis
391 813 506 884 dixerit,
535 815 701 874 Ecclesiam
726 835 786 874 non
812 817 944 889 potuisse
968 819 1147 877 constituere

35 893 259 966 impedimenta
286 898 512 958 Matrimonium
538 901 717 970 dirimentis,
744 903 790 960 vel
815 904 845 960 in
871 903 905 961 iis
931 906 1146 963 constituendis

35 999 174 1052 errasse;
194 984 229 1040 A.
247 984 275 1040 S.

77 1067 154 1124 Can.
170 1085 194 1140 5.
233 1070 262 1126 Si
278 1072 344 1141 quis
358 1072 473 1143 dixerit,
487 1087 608 1148 propter
621 1078 766 1149 haeresim,
782 1088 832 1136 aut
852 1079 1007 1136 molestam
1026 1079 1146 1135 cohabi-

36 1155 195 1223 tationem,
208 1166 259 1213 aut
270 1157 437 1216 affectatam
451 1161 618 1221 absentiam
632 1183 649 1223 a
662 1167 800 1237 conjuge,
811 1164 933 1223 dissolvi
947 1182 1034 1236 posse
1046 1166 1146 1223 Matri-

38 1241 138 1297 monii
152 1241 322 1315 vinculum;
341 1245 376 1300 A.
394 1245 422 1302 S.

77 1327 155 1384 Can.
174 1331 198 1384 6.
236 1329 350 1402 Siquis
369 1331 483 1405 dixerit,
507 1337 732 1396 Matrimonium
752 1350 854 1409 ratum,
878 1358 938 1398 non
958 1358 1145 1398 consumma·

36 1425 113 1484 tum,
132 1432 185 1486 per
197 1415 360 1476 solemnem
374 1419 524 1491 religionis
538 1425 752 1496 professionem
771 1426 889 1485 alterius
907 1427 1070 1498 conjugum
1085 1445 1145 1485 non

36 1501 161 1570 dirimi;
181 1503 216 1557 A.
231 1501 259 1560 S.

80 1588 154 1646 Can.
173 1604 196 1660 7.
237 1591 266 1647 Si
286 1591 352 1662 quis
371 1592 486 1664 dixerit,
505 1597 670 1656 Ecclesiam
689 1618 783 1658 errare
801 1618 870 1658 cum
889 1601 993 1659 docuit
1010 1611 1041 1658 et
1058 1601 1146 1660 docet

35 1680 124 1747 juxta
138 1678 349 1751 Evangelicam
368 1694 397 1741 et
417 1685 621 1757 Apostolicanr
642 1687 817 1757 doctrinam,
835 1697 956 1760 propter
968 1687 1144 1746 adulterium

36 1763 162 1822 alterius
186 1771 347 1840 conjugum
375 1769 559 1830 Matrimonii
580 1773 731 1830 vinculum
755 1793 815 1832 nou
840 1792 929 1847 posse
954 1775 1093 1842 dissolvi;
1117 1788 1148 1835 et

38 1863 211 1924 utrumque,
227 1855 273 1912 vel
292 1857 381 1913 etiam
402 1857 605 1921 innocentem,
620 1856 671 1926 qui
685 1874 805 1914 causam
819 1857 965 1915 adulterio
979 1877 1039 1914 non
1052 1859 1143 1930 dedit,

37 1957 102 1995 non
118 1957 215 2012 posse,
230 1941 323 2000 altero
336 1944 464 2014 conjuge
483 1943 608 2011 vivente,
622 1942 703 2000 aliud
724 1943 949 2001 Matrimonium
963 1945 1146 2014 contrahere;

38 2025 246 2099 moecharique
259 2046 327 2087 eum
341 2029 403 2100 qui,
415 2021 540 2087 dimissa
550 2029 692 2100 adultera,
708 2030 797 2088 aliam
810 2031 932 2100 duxerit,
947 2040 976 2088 et
988 2048 1054 2088 eam
1067 2051 1143 2103 quae,

37 2112 167 2170 dimisso
178 2114 322 2185 adultero,
337 2115 386 2172 alii
401 2115 553 2187 nupserit;
572 2117 607 2173 A.
625 2116 654 2173 S.

81 2199 155 2257 Can.
169 2205 192 2256 8.
232 2201 261 2258 Si
275 2203 341 2273 quis
355 2203 468 2273 dixerit,
486 2202 651 2259 Ecclesiam
665 2219 767 2272 errare,
784 2220 853 2259 cum
867 2203 907 2260 ob
919 2204 1026 2261 multas
1043 2222 1147 2261 causas

38 2287 259 2358 separationem
275 2288 349 2346 iuter
361 2290 513 2359 conjuges,
530 2288 632 2359 quoad
650 2299 757 2360 torum,
774 2307 826 2348 seu
839 2291 940 2361 quoad
953 2291 1146 2349 cohabitatio·

39 2391 120 2442 nem,
136 2374 176 2432 ad
189 2385 301 2432 certum
316 2377 497 2434 incertumve
511 2385 630 2448 tempus
644 2375 705 2433 fieri
719 2394 807 2448 posse
821 2377 953 2435 deceruit
967 2401 974 2445 ;
993 2380 1029 2435 A.
1046 2378 1074 2436 S.

80 2461 155 2518 Can.
172 2479 196 2531 9.
237 2462 267 2520 Si
281 2464 347 2534 quis
360 2463 474 2532 dixerit,
487 2461 620 2520 Clericus
634 2462 663 2519 in
677 2463 766 2520 sacris
780 2462 944 2522 Ordinibus
957 2465 1143 2536 constitutos,

38 2548 87 2606 vel
104 2549 254 2620 regulares
272 2551 436 2609 castitatem
458 2550 630 2608 solemniter
649 2550 806 2622 professos,
820 2567 907 2621 posse
922 2551 1147 2609 Matrimonium

38 2634 228 2702 contrahere,
243 2637 491 2709 contractumque
505 2637 636 2695 validum
649 2654 724 2706 esse,
740 2637 953 2697 nonobstante
972 2639 1036 2710 lege
1055 2639 1147 2697 eccle·

38 2722 172 2793 siasticA,
187 2724 232 2781 vel
246 2735 333 2793 voto;
353 2736 382 2782 et
395 2725 568 2797 oppositum
583 2724 623 2780 nil
636 2723 717 2780 aliud
732 2741 806 2792 esse,
818 2742 908 2794 quam
929 2725 1068 2783 damnare
1084 2726 1145 2782 Ma-

37 2810 226 2878 trimonium,
237 2829 385 2884 posseque
398 2830 502 2870 omnes
515 2812 690 2870 contrahere
705 2812 929 2870 Matrimonium
944 2815 994 2883 qui
1010 2831 1069 2870 non
1083 2831 1147 2870 sen-

36 2901 119 2958 tiunt
133 2917 166 2957 se
179 2901 328 2970 castitatis
345 2901 460 2958 etiamsi
474 2919 539 2959 eam
554 2901 696 2970 voverint,
709 2899 819 2958 habere
838 2901 952 2957 donum
968 2920 974 2956 :
994 2899 1147 2956 anathema

37 2987 98 3045 sit:
119 3004 189 3043 cum
206 2987 287 3044 Deus
306 2988 336 3045 id
355 2988 435 3046 reete
450 2987 621 3060 petentibus
641 3005 701 3043 non
721 2988 857 3057 deneget,
871 3004 926 3044 nec
946 2987 1073 3057 patiatur
1092 3003 1147 3043 nos

35 3091 133 3146 supra
147 3073 179 3130 id
192 3074 274 3145 quod
288 3091 455 3145 possumus,
472 3075 582 3132 tentari.

79 3161 157 3218 Can.
177 3179 215 3216 ro.
253 3161 282 3218 Si
296 3161 362 3232 quis
375 3161 489 3231 dixerit,
501 3172 610 3219 statum
624 3160 812 3231 conjugalem
825 3158 1070 3230 anteponendum
1083 3176 1147 3217 esse

36 3247 132 3307 statui
142 3247 316 3318 virginitatis
326 3249 372 3306 vel
382 3249 543 3319 caelibatus,
555 3259 584 3306 et
595 3267 656 3305 non
666 3264 730 3305 esse
741 3246 846 3305 melius
856 3264 891 3302 ac
902 3245 1016 3304 beatius
1028 3264 1147 3306 manere

37 3337 69 3394 in
86 3335 256 3406 virginitate
268 3346 318 3392 aut
332 3336 477 3407 caelibatu,
495 3353 585 3408 quam
597 3335 680 3407 jungi
698 3333 908 3403 Matrirnonio;
928 3334 962 3389 A.
977 3333 1004 3390 S.

79 3423 156 3480 Can.
174 3440 212 3478 rr.
253 3422 282 3480 Si
296 3422 363 3494 quis
376 3423 490 3492 dixerit,
505 3421 737 3495 prohibitionem
756 3419 951 3478 solemnitatis
964 3420 1143 3491 nuptiarum,

36 3509 132 3568 certis
144 3509 215 3565 anni
229 3509 411 3582 temporibus
424 3509 664 3583 superstitionem
678 3525 742 3566 esse
756 3507 947 3579 tyrannicam,
963 3506 1003 3565 ab
1016 3507 1147 3564 ethnico·

36 3616 108 3657 rum
122 3597 332 3668 superstitione
346 3597 519 3669 prolectam,
529 3608 581 3653 aut
591 3595 817 3654 benedictiones
830 3604 858 3651 et
871 3595 942 3651 alias
956 3595 1147 3651 caeremonias

36 3685 155 3758 quibus
169 3683 302 3740 Ecclesia
316 3684 345 3740 in
360 3683 415 3740 illis
429 3683 519 3740 utitur
532 3681 733 3748 damnaverit;
751 3686 786 3737 A.
802 3681 830 3738 S.

80 3772 157 3829 Can.
177 3788 216 3826 12.
256 3769 286 3827 Si
302 3771 368 3841 quis
385 3771 490 3828 dixerit
507 3787 611 3827 causas
627 3768 857 3826 matrimoniales
877 3787 938 3825 non
957 3767 1092 3840 spectare
1108 3769 1147 3826 ad

39 3860 160 3926 iudices
174 3857 408 3928 ecclesiasticos,
428 3859 462 3914 A.
480 3857 509 3915 S.

418 4010 776 4092 Praenotanda.

89 4210 117 4259 1.
165 4189 378 4254 Sacramento
406 4189 542 4255 Ordinis
571 4200 798 4271 propagantur
825 4190 965 4253 ministri
994 4191 1067 4264 Dei,
1090 4189 1146 4270 qui

38 4293 250 4378 spiritualem
275 4294 468 4356 societatem
493 4301 633 4374 regunt;
659 4302 867 4355 sacramento
894 4289 1005 4356 autem
1033 4294 1145 4354 Matri-
