2776 4644
229 97 278 158 so'
570 121 574 132 ·
701 101 840 154 unnur
860 103 885 149 1.

229 283 323 345 stolis
341 283 372 343 in
391 282 464 362 ipsa
481 275 581 342 nocte
597 281 663 358 qua
680 299 799 359 corpus
816 289 850 341 et
866 279 1068 360 sanguinem
1088 278 1211 342 Christi
1236 279 1332 357 prima
1368 281 1369 332 l

231 387 301 447 rice
317 391 523 464 receperant.

272 511 322 578 59.
369 497 431 578 (Β)
450 495 577 558 Tradit.
624 494 690 559 “Si
708 496 781 578 quis
798 496 923 558 dixerit
936 493 1171 576 justificatum,
1184 496 1254 556 sine
1269 512 1332 572 spe·

230 601 303 662 ciali
323 600 387 662 Dei
405 597 545 672 auxilio,
557 598 589 658 in
603 599 743 678 accepta
750 596 880 677 justitia
894 617 1107 679 perseverare
1120 617 1228 679 posse,
1238 596 1279 659 Α.
1291 595 1332 658 8.”

230 703 339 784 (Tn'd.
357 722 434 764 sess.
453 700 515 772 Vl,
531 719 602 761 can.
621 699 684 774 22.)
732 700 818 764 Illud
843 710 957 763 autem
981 701 1129 781 speciale
1146 700 1332 762 auxiliuma

230 805 430 868 Tridentino
447 801 653 883 requisitum,
670 801 750 864 nihil
775 801 865 864 aliud
890 812 950 876 est,
964 803 1068 883 juxta
1082 823 1203 865 omnes
1219 800 1333 864 theolo·
1369 827 1370 870 r

230 929 301 990 gos,
316 907 379 971 nisi
397 906 506 988 gratia
521 913 622 988 prout
637 903 853 985 distinguitur
876 915 949 968 tum
974 925 994 966 a
1017 925 1172 967 concursu
1189 903 1332 969 naturali.

230 1032 334 1095 quum
359 1008 606 1093 perseverantia
629 1008 672 1069 sit
695 1027 780 1088 opus
804 1007 1068 1088 supernaturale,
1091 1018 1166 1070 turn
1192 1028 1212 1069 a
1228 1005 1333 1088 gratirl

231 1111 403 1186 habituali,
419 1114 486 1193 qua
500 1110 610 1190 justus
625 1109 695 1190 jam
712 1119 869 1172 ornatur:
886 1120 937 1172 est
954 1111 1056 1192 igitur
1072 1111 1182 1192 gratia
1198 1108 1332 1174 actualis.

274 1228 324 1293 6⁰.
369 1227 428 1308 (C)
444 1225 523 1289 Rat.
572 1225 695 1300 Homo
712 1226 814 1287 etiam
829 1225 949 1305 justus,
966 1245 1032 1287 non
1059 1234 1173 1306 potest
1196 1241 1332 1306 perseve-
1370 1250 1371 1314 q

233 1352 304 1396 rare
321 1331 353 1392 in
373 1329 490 1410 gratia,
508 1327 569 1388 nisi
587 1327 713 1410 aliquot
730 1327 850 1391 saltem
867 1348 970 1410 opera
985 1327 1253 1410 supernaturalia
1275 1324 1331 1386 effi·
1370 1327 1371 1338 ¹

232 1436 320 1498 ciat:
344 1431 438 1511 atqui
462 1429 505 1491 ad
529 1448 629 1492 omne
652 1449 736 1511 opus
760 1430 1013 1511 supernaturale
1037 1431 1216 1511 requiritur
1237 1427 1332 1512 gratia
1370 1435 1371 1438 ’

233 1533 373 1598 actualis
389 1531 652 1612 supernaturalis
668 1555 674 1608 ;
699 1553 776 1594 nam
801 1534 941 1595 virtutes
966 1533 1094 1608 insusae,
1110 1553 1187 1615 quae
1203 1532 1331 1614 gratiam

233 1635 498 1700 sanctificantem
523 1634 735 1708 comitantur,
761 1634 856 1696 nobis
881 1636 1017 1717 quidem
1043 1636 1127 1698 dant
1151 1635 1331 1697 facultatem

234 1738 386 1802 eliciendi
405 1733 499 1798 actus
516 1735 795 1815 supernaturales,
811 1739 869 1800 sed
895 1739 977 1799 sicut
1002 1737 1033 1798 in
1059 1737 1178 1800 ordine
1196 1733 1332 1800 naturali.

235 1851 356 1927 praeter
372 1839 560 1912 facultates,
577 1840 753 1919 requiritur
768 1859 949 1902 concursus
967 1839 1031 1900 Dei
1048 1839 1091 1901 ad
1109 1858 1227 1900 omnes
1243 1835 1333 1900 aclio-

235 1966 294 2008 nes
312 1953 443 2005 nostras
460 1939 688 2023 perficiendas,
705 1943 751 2003 ita
768 1943 891 2022 pariter
908 1943 940 2003 in
958 1941 1075 2003 ordine
1091 1937 1333 2021 supernaturali.

235 2058 356 2130 praeter
371 2044 515 2126 gratiam
533 2041 737 2104 habitualem
755 2055 788 2105 et
805 2045 954 2118 virtutes,
970 2044 1148 2124 requiritur
1167 2059 1333 2105 concursus

236 2146 496 2232 supernaturalis
521 2164 578 2206 seu
603 2147 710 2226 gratia
733 2143 897 2222 adlualis;
929 2146 1022 2208 nulla
1045 2145 1135 2207 enim
1162 2165 1213 2207 res
1235 2151 1332 2206 creata

237 2261 348 2334 potest
360 2252 402 2313 de
415 2256 506 2312 statu
520 2249 680 2328 potentiae
693 2249 832 2312 transire
846 2249 878 2310 in
893 2247 1004 2312 actum
1019 2248 1080 2310 nisi
1095 2248 1217 2310 virtute
1228 2247 1333 2308 motio·

237 2357 287 2417 nis
304 2353 428 2416 divinae
443 2374 449 2428 ;
473 2371 561 2431 ergo.

277 2515 326 2579 61.
378 2515 476 2573 Tiresis
501 2521 532 2570 2¹
549 2530 559 2562 .·
588 2511 720 2586 Justus
749 2523 980 2584 perseverare
1010 2510 1136 2587 nequit
1164 2507 1333 2588 usquein
1372 2479 1373 2494 ¹

239 2615 347 2679 finem
373 2612 451 2676 sine
478 2608 599 2689 gratia
627 2602 894 2683 supernaturali
924 2605 1070 2670 omnino
1099 2606 1257 2686 speciali,
1298 2606 1335 2663 De

230 2721 302 2805 fidr
317 2727 363 2781 cst
378 2725 494 2778 contra
511 2713 646 2776 eosdem
664 2709 837 2770 lraereticos
855 2717 926 2770 turn
945 2729 989 2770 ex
1007 2729 1136 2772 canone
1147 2710 1219 2790 jam
1236 2711 1334 2774 citato.

240 2823 295 2884 ubi
313 2821 421 2900 agitur
437 2818 479 2879 de
497 2811 743 2897 perseverantia
760 2809 791 2870 in
810 2828 939 2889 genere,
954 2819 1025 2872 tum
1042 2831 1086 2873 ex
1106 2812 1136 2873 Τ
1135 2812 1250 2874 rident.
1265 2809 1334 2872 inira

240 2922 487 3100 αῒῖὲῗοὲενψϊ.
546 3018 584 3078 In
615 3014 786 3094 Scriptura
814 3012 1059 3094 perseuerantia
1088 3011 1197 3073 finalis
1226 3009 1335 3076 directe

241 3127 396 3192 tribuitur
411 3124 485 3184 Deo
502 3140 558 3182 seu
573 3118 689 3199 gratia:
704 3138 711 3178 :
735 3121 751 3145 ‘¹
767 3115 833 3196 Qui
847 3115 950 3194 coepit
964 3114 996 3174 in
1009 3114 1104 3175 vobis
1117 3134 1203 3194 opus
1216 3116 1336 3178 bonum.

243 3227 390 3312 perficiet
407 3245 512 3305 usque
530 3225 562 3285 in
581 3222 669 3283 diem
688 3217 810 3281 Christi
827 3217 905 3296 Jesu
919 3217 968 3288 ¹¹1,
985 3217 1002 3278 i.
1020 3237 1045 3278 e.
1064 3217 1096 3277 in
1114 3218 1205 3279 diem
1221 3217 1336 3298 judicii:

243 3339 257 3366 “
273 3332 364 3394 Deus
379 3328 488 3390 omnis
506 3323 632 3405 gratiae,
644 3322 700 3401 qui
718 3321 850 3381 vocavit
867 3339 927 3380 nos
946 3320 976 3380 in
995 3329 1154 3380 aeternam
1174 3339 1268 3381 suam
1281 3319 1337 3400 glo·

243 3437 334 3506 riam,
352 3433 422 3514 ipse
438 3427 594 3510 perficiet,
614 3423 819 3504 confirmabit
839 3421 1052 3500 solidabitque
1063 3421 1077 3444 ”
1089 3432 1111 3482 ².
1161 3420 1261 3484 Unde
1283 3423 1338 3481 sic:

244 3539 300 3599 Ex
318 3535 468 3597 textibus
485 3529 604 3600 allatis,
617 3524 670 3586 ille
687 3545 747 3586 nos
764 3543 973 3606 perseverare
987 3523 1065 3584 lacit
1077 3542 1184 3603 usque
1196 3525 1238 3586 ad
1252 3523 1337 3585 finem

245 3639 299 3719 qui
318 3657 378 3698 nos
396 3634 526 3696 vocavit
543 3629 585 3692 ad
604 3627 713 3702 fidem,
731 3637 788 3688 aut
812 3627 869 3708 qui
893 3627 995 3706 coepit
1019 3645 1104 3706 opus
1128 3623 1338 3688 conversionis

246 3750 389 3814 nostrae3
412 3738 515 3818 atqui,
532 3756 576 3797 ex
594 3729 701 3805 dictis,
714 3731 816 3792 solius
834 3730 897 3791 Dei
915 3737 966 3789 est
983 3749 1043 3790 nos
1060 3748 1180 3789 vocare
1197 3738 1230 3790 et
1247 3729 1278 3790 in
1295 3745 1339 3790 no·

246 3845 296 3906 bis
314 3843 457 3922 incipere
473 3860 557 3919 opus
574 3833 808 3906 conversionis
826 3831 1010 3912 etquidem
1034 3831 1161 3910 absque
1181 3831 1249 3892 ullo
1273 3849 1339 3912 prae·

246 3945 300 4006 vio
318 3941 436 4004 merito
451 3961 457 4012 ;
481 3958 569 4018 ergo.

283 4163 291 4192 ¹
305 4167 411 4234 I'lu'lr'p.
429 4165 438 4216 l
465 4163 490 4216 6.
505 4187 539 4200 -
552 4167 561 4190 ²
574 4161 594 4212 I
603 4160 680 4212 Pelr.
698 4160 729 4211 V.
750 4175 792 4211 10.
