2776 4644
257 145 301 195 ⁴6
715 147 854 198 CAPUT
872 149 896 196 1.

257 326 305 406 git
320 325 508 407 Apostolus
525 330 557 390 in
574 340 662 392 statu
680 332 834 411 praesenti
851 331 937 393 hanc
954 328 1256 411 concupiscentiam
1275 343 1345 404 pro-

258 429 336 508 priis
352 429 475 494 viribus
498 434 628 499 vincere
649 443 845 521 nequimus:
878 442 1006 525 “Quod
1031 439 1120 502 enim
1137 450 1254 514 operor
1281 446 1343 487 non

258 530 408 611 intelligo
426 556 432 594 :
465 541 634 602 nonenim
655 546 745 623 quod
758 545 834 606 volo
847 546 982 618 bonum,
994 544 1056 606 hoc
1069 559 1146 621 ag0;
1184 533 1239 596 Sed
1257 527 1342 608 q1¹⁰d

257 633 312 694 odi
341 634 474 712 malum,
502 639 581 703 illud
608 643 694 707 facio
706 647 742 724 ”3
774 668 854 729 ergo
876 649 947 710 sine
972 647 1079 728 gratia
1103 651 1210 705 totam
1239 634 1341 712 legem
1376 675 1377 680 κ

258 737 440 818 adimplere
467 761 531 804 non
560 747 715 812 valemus.
762 751 812 832 (b)
830 750 1054 814 Confirmatur
1078 768 1121 810 ex
1132 739 1265 827 Jacobo¹
1292 735 1343 795 de·

257 840 404 904 clarante
432 843 587 927 linguam,
612 873 668 916 seu
695 868 832 936 peccata
857 855 932 928 oris,
958 854 1016 915 vix
1044 846 1190 912 cohiberi
1217 856 1312 922 posse
1336 856 1342 892 t

258 943 452 1026 “Linguam
470 951 579 1014 nullus
591 955 764 1022 hominum
775 962 912 1022 domare
923 965 1054 1040 potest:
1078 950 1262 1033 inquietum
1281 957 1342 1000 ma·

258 1043 330 1121 lum,
348 1048 447 1128 plena
469 1073 596 1118 veneno
621 1063 790 1126 mortifero
800 1064 832 1140 ‘’;
860 1083 988 1126 necnon
1014 1081 1059 1120 ex
1077 1048 1277 1136 Sapientiae
1293 1041 1340 1103 ubi

257 1151 443 1214 declaratur
459 1159 624 1224 neminem
636 1167 834 1245 sapientiam
848 1188 905 1229 seu
916 1168 1072 1228 virtutem
1086 1153 1230 1242 perfecte
1240 1149 1341 1212 colese

256 1272 354 1331 posse
380 1257 440 1318 nisi
464 1280 523 1340 per
544 1267 738 1344 orationem,
754 1291 792 1331 ac
819 1270 958 1350 proinde
982 1263 1229 1350 pergratiam:
1271 1252 1340 1314 “Ut

256 1356 335 1417 scivi
358 1363 516 1438 quoniam
540 1368 634 1430 aliter
658 1391 723 1433 non
745 1393 877 1453 possem
906 1392 978 1436 esse
1000 1369 1176 1432 continens
1201 1361 1232 1438 (i.
1251 1379 1286 1428 e..
1302 1375 1338 1415 ex

255 1468 427 1536 contextu,
447 1467 619 1546 sapientiae
640 1473 769 1554 cultor),
786 1475 847 1536 nisi
866 1475 958 1538 Deus
974 1477 1066 1536 det...
1083 1469 1149 1531 adii
1164 1463 1338 1526 Dominum

256 1571 289 1622 et
305 1563 500 1643 deprecatus
516 1592 589 1636 sum
601 1575 623 1638 ’'.
1376 1591 1377 1668 t

302 1661 367 1750 (B)
387 1669 416 1730 Τ
413 1673 482 1735 rad.
508 1675 546 1737 In
561 1679 660 1744 Cone.
674 1681 926 1766 Carthaginensi
939 1682 972 1743 II
989 1675 1086 1763 (415)
1105 1673 1254 1736 damnati
1271 1677 1339 1728 sunt
1376 1683 1377 1732 l

257 1769 426 1850 Pelagiani
456 1797 496 1839 eo
522 1785 610 1861 quod
639 1796 785 1849 asserent
812 1787 982 1849 hominem
1015 1780 1090 1842 talis
1119 1796 1192 1839 esse
1223 1782 1337 1834 natura

256 1882 293 1932 ut
316 1877 402 1954 “per
421 1884 587 1963 propriam
615 1887 820 1952 voluntatem
847 1890 954 1972 legem
973 1886 1036 1947 Dei
1066 1888 1178 1963 posset
1204 1874 1339 1956 implero

256 1975 324 2036 sive
365 1984 557 2050 naturaliter
595 1991 626 2051 in
660 1995 758 2056 corde
790 1995 1012 2074 conscriptam
1050 1989 1119 2049 sive
1161 1985 1193 2044 in
1232 1975 1346 2040 litteris*

255 2078 368 2144 datam
380 2085 403 2147 '’.

297 2196 346 2261 45
394 2187 452 2269 (C)
463 2191 538 2256 Rat.
557 2195 658 2260 Tlreol.
675 2199 726 2280 (a)
740 2200 795 2261 Ex
811 2197 909 2262 ditiis
926 2199 1015 2259 enim
1034 2195 1135 2256 homo
1152 2191 1263 2270 lapsus
1280 2200 1336 2246 non

256 2296 365 2364 potest
382 2295 557 2372 moraliter,
571 2301 640 2362 sine
651 2305 767 2382 gratia,
777 2324 894 2364 omnes
905 2320 1021 2382 graves
1038 2296 1239 2360 tentationes
1253 2307 1337 2368 supe·

256 2407 343 2464 rare;
373 2398 465 2474 atqui
482 2403 687 2481 experientia
704 2416 835 2468 constat
852 2406 1020 2467 hominem
1038 2421 1103 2463 non
1121 2417 1219 2480 posse
1230 2395 1285 2456 diu
1300 2391 1336 2451 si·

256 2510 339 2566 vere,
357 2497 435 2574 quin
456 2501 556 2564 etiam
585 2519 700 2571 contra
722 2509 803 2590 legis
827 2508 987 2570 naturalis
1015 2512 1183 2586 praeccpta
1206 2499 1336 2580 graviter

257 2600 420 2674 tentetur;
446 2622 525 2682 ergo
541 2627 606 2669 non
624 2621 733 2690 potest
750 2613 806 2673 diu
823 2612 936 2673 omnia
958 2610 1013 2672 illa
1030 2615 1196 2689 praecepta
1212 2616 1335 2664 servare.

257 2693 307 2774 (b)
321 2698 539 2782 Experientia
549 2712 762 2776 confirmatur
776 2737 782 2776 :
807 2734 884 2775 nam
902 2714 1076 2792 si,'absque
1092 2708 1207 2790 gratia,
1220 2706 1274 2766 lex
1290 2721 1332 2762 na·

257 2801 370 2864 turalis
387 2806 516 2889 integra
538 2815 704 2877 moraliter
725 2818 845 2878 servari
867 2826 988 2897 posset,
1004 2837 1023 2876 a
1047 2812 1214 2876 nonnullis
1230 2809 1334 2870 saltem

256 2907 396 2982 paganis
415 2924 544 2976 servata
563 2915 694 2994 suisset;
728 2920 820 2998 atqui
845 2918 953 2980 nullus
969 2917 1182 2998 cognoscitur
1198 2927 1334 2995 paganus

257 3005 473 3090 philosophus
489 3019 545 3096 qui
569 3028 674 3082 totam
702 3022 809 3101 legem
827 3021 1011 3082 naturalem
1029 3016 1172 3100 perfecie
1189 3013 1334 3094 adimple·

256 3111 339 3173 verit
352 3135 359 3173 ε
394 3118 655 3195 sapientissimus
668 3125 765 3196 enim,
775 3146 803 3186 u.
816 3145 844 3204 g.
857 3125 995 3195 Socrati,
1009 3121 1189 3190 Aristoteli,
1205 3114 1333 3180 Platoni·

255 3232 320 3292 que
335 3221 449 3296 gravia
465 3223 653 3287 tribuuntur
668 3225 798 3301 delicia,
821 3238 855 3289 ut
872 3227 982 3287 videre
1001 3233 1050 3286 est
1067 3225 1155 3304 apud
1173 3224 1333 3304 Diogenem

255 3316 434 3396 Locru'um,
448 3326 502 3404 qui
520 3327 562 3386 de
579 3327 641 3388 illis
661 3330 799 3410 scripsit,
813 3331 858 3391 ita
875 3340 911 3391 ut
929 3329 960 3391 S.
974 3327 1094 3390 Paulus
1111 3328 1219 3388 dicere
1234 3335 1333 3406 potue·

257 3423 323 3483 rit:
357 3433 372 3455 ‘¹
385 3427 520 3490 Causati
546 3431 632 3492 enim
650 3453 764 3494 sumus
780 3434 916 3513 Judaeos
942 3443 974 3493 et
991 3432 1125 3494 Graecos
1147 3450 1262 3491 omnes
1284 3424 1333 3488 sub

256 3539 392 3605 peccato
409 3551 489 3602 csse,
510 3535 593 3596 sicut
610 3538 767 3616 scriptum
792 3548 851 3610 est,
867 3539 945 3616 quia
970 3556 1035 3596 nou
1060 3545 1110 3596 est
1129 3535 1239 3615 justus
1259 3531 1332 3614 quis·

256 3647 356 3704 quam
371 3631 413 3694 ’'3.
461 3636 532 3698 Nec
548 3638 658 3700 obstat
681 3641 769 3718 quod
787 3639 865 3700 alibi
882 3639 1000 3700 dieitr:
1028 3645 1043 3667 “
1058 3637 1191 3710 Gentes
1207 3657 1280 3717 quae
1299 3634 1333 3694 le·
1376 3681 1377 3748 p

256 3749 330 3808 gem
359 3757 424 3798 uon
448 3739 581 3813 habeut,
599 3742 794 3804 naturaliter
819 3763 857 3802 ca
877 3762 951 3821 quae
976 3741 1058 3820 legis
1083 3750 1160 3801 sunt
1179 3736 1332 3802 saciunt'';

292 3961 395 4024 ‘oron
415 3965 502 4029 uns.
1376 3955 1377 4038 l

291 4053 534 4119 ⁴.s«rp.t'111,2r.
575 4055 658 4106 Hunc
672 4065 777 4107 textum
792 4054 879 4107 multi.
894 4053 1050 4123 praesertim
1064 4063 1198 4109 oratores,
1214 4051 1248 4103 de
1262 4044 1330 4103 casti·
1376 4045 1377 4048 ’

256 4151 311 4190 κνῆ
327 4141 493 4208 intelligunt,
508 4141 558 4193 sed
573 4141 718 4205 immerito,
732 4153 760 4194 ut
775 4143 895 4196 fatentur
909 4141 1035 4194 hodierni
1051 4140 1221 4208 interpretes.

286 4227 382 4279 *lau-u,
402 4231 455 4289 111,
472 4245 497 4294 s).
514 4231 656 4281 -⁴lr'oru.
675 4231 710 4297 ll,
732 4245 770 4294 14.
