2758 4652
235 194 292 244 DE
309 191 604 243 POENITENTIAE
622 189 922 241 SACRAMENTO.
1061 189 1128 239 5⁴7

31 387 88 426 non
100 370 238 438 debitus3
255 371 338 442 atqui
351 370 481 429 amicitia
492 369 593 429 divina
613 369 760 440 peccatori
781 385 842 426 non
861 366 995 426 redditur
1007 366 1061 426 nisi
1076 383 1129 440 per

31 456 207 515 infusionem
220 458 321 530 gratiae
334 457 500 516 habitualis.
540 456 600 514 sed
613 465 770 528 peccatum
782 455 896 513 veniale
911 455 940 511 iu
953 471 991 514 eo
1003 453 1055 525 qui
1066 453 1128 524 jam

30 543 57 598 in
70 553 148 600 statu
160 547 262 616 gratia
274 556 413 610 versatur,
428 543 537 601 remitti
557 552 653 614 potest
661 551 718 612 per
728 561 756 598 se
773 542 837 600 sine
856 541 1015 600 habitualis
1027 538 1128 612 gratiae

30 627 195 700 infusione;
214 649 292 701 narn,
309 641 340 688 ut
352 631 392 688 ait
406 632 436 688 S.
456 629 581 686 Thomas
593 631 631 700 (q.
645 630 689 698 87,
704 646 729 684 a
744 633 779 698 a),
797 627 1034 703 unumquodque
1053 625 1128 684 tolli-

30 725 75 771 tur
88 733 236 787 persuum
250 719 422 790 oppositum
434 736 442 788 3
460 717 541 788 atqui
559 715 732 788 oppositum
750 715 865 787 peccati
877 714 998 772 venialis
1011 730 1071 771 non
1084 724 1128 770 est

30 803 121 872 gratia
134 803 303 871 habitualis,
318 822 385 876 quas
405 821 457 876 per
476 821 544 861 eum
565 820 625 859 non
644 801 795 871 amittitur,
809 802 862 859 sed
876 801 971 860 servor
982 799 1128 868 caritatis;

30 905 99 956 ergo
112 901 269 960 peccatum
283 889 398 948 veniale
412 883 473 946 tolli
488 897 585 960 potest
603 906 639 944 ex
656 906 684 944 sc
701 905 754 960 per
771 888 871 945 actum
892 888 1052 946 ferventem
1064 885 1128 944 sine

30 973 177 1033 inlusione
188 977 297 1048 gratiae.
334 975 425 1049 Quod
437 975 661 1047 comparatione
681 975 856 1034 illustratur:
875 975 950 1032 sicut
969 975 1048 1032 enim
1066 993 1127 1032 cor-

30 1078 85 1132 pus
97 1061 255 1133 dupliciter
267 1063 410 1134 contingit
429 1061 577 1131 maculari,
594 1078 646 1132 per
665 1061 859 1134 privationem
879 1062 993 1120 decoris
1012 1061 1057 1119 vel
1077 1080 1130 1134 per

29 1149 324 1218 superinductionem
340 1150 391 1207 luti
411 1159 462 1207 aut
481 1149 617 1220 pulveris,
634 1147 673 1204 ita
686 1147 776 1205 etiam
788 1149 887 1205 anima
900 1147 1057 1219 dupliciter
1069 1167 1129 1205 ma·

29 1235 144 1290 culatur
169 1236 332 1306 privatione
356 1237 471 1295 decoris
488 1236 596 1308 'gratiae
621 1235 667 1292 vel
690 1235 856 1293 inordinata
877 1236 1069 1294 inclinatione
1090 1237 1129 1294 ad

30 1323 212 1393 temporalia,
235 1342 287 1382 seu
309 1336 432 1398 peccato
454 1325 583 1384 veniali:
604 1325 684 1396 prior
705 1323 820 1381 macula
843 1322 960 1379 nonnisi
981 1321 1130 1382 inlusione

29 1410 130 1478 gratiae
149 1410 211 1468 tolli
231 1421 337 1482 potest,
351 1412 495 1484 posterior
513 1421 613 1468 autem
633 1421 800 1469 removetur
819 1427 856 1468 eo
875 1409 940 1482 ipso
959 1410 1041 1481 quod
1060 1411 1130 1469 actu

30 1494 151 1551 fervoris
163 1507 258 1554 cessat
271 1497 438 1554 inordinata
450 1496 582 1555 adhaesio
594 1497 633 1554 ad
648 1497 829 1568 temporalia.

66 1605 122 1645 roa
160 1593 209 1664 (c)
222 1594 349 1652 Peccata
361 1593 486 1652 venialia
497 1593 567 1665 justi
582 1593 690 1650 remitti
704 1603 828 1664 possunt
847 1611 882 1650 ex
900 1608 990 1663 opere
1008 1603 1131 1666 operato

29 1689 58 1736 et
78 1697 114 1737 ex
133 1697 223 1752 opere
241 1681 410 1754 operantis:
430 1683 471 1752 (ι)
489 1697 525 1737 ex
541 1689 622 1752 opere
639 1680 792 1750 operantis,
807 1679 944 1737 videlicet
963 1696 1016 1750 per
1029 1679 1130 1738 atium

29 1766 216 1824 contritionis
227 1779 278 1826 aut
290 1767 418 1824 caritatis
430 1765 577 1840 perfectae,
591 1766 672 1836 juxta
684 1783 799 1832 omnes,
811 1766 872 1822 imo
885 1764 1067 1836 probabilius
1079 1783 1132 1838 per

29 1851 131 1909 adium
151 1853 317 1911 attritionis.
355 1854 495 1925 Aliquam
515 1852 621 1923 requiri
642 1851 850 1921 contritionem
869 1852 908 1909 ad
926 1853 1130 1911 remissionem

29 1939 146 2011 peccati
159 1940 280 1998 venialis
293 1940 335 1998 sic
350 1939 455 2012 prohat
468 1939 622 2011 Angelicns
634 1939 747 1996 Dollor
758 1941 798 2010 (q.
815 1943 856 2008 87,
870 1956 895 1996 a.
915 1941 939 2009 ι)
952 1959 958 1995 :
976 1951 1130 2012 peccatum

29 2024 155 2090 veniale,
166 2026 301 2098 quamvis
314 2044 374 2083 non
388 2027 424 2084 sit
436 2025 550 2084 aversio
563 2044 580 2083 a
595 2027 661 2083 Deo
675 2025 780 2083 ultimo
795 2026 861 2096 line,
871 2027 1001 2098 aliquam
1014 2027 1130 2086 deordi-

30 2111 185 2168 nationem
198 2113 340 2178 continet,
352 2123 498 2183 quatenus
511 2111 637 2170 retardat
647 2112 786 2170 aflectum
797 2112 935 2182 hominis,
944 2131 982 2170 ne
995 2124 1132 2186 prompte

30 2196 60 2252 in
76 2197 176 2254 Deum
190 2197 316 2264 seratum
334 2198 416 2269 atqui
435 2199 501 2256 talis
519 2198 708 2256 deordinatio
727 2198 788 2256 tolli
810 2200 913 2271 nequit
932 2199 987 2256 nisi
1007 2199 1132 2272 disposi-

29 2283 113 2342 tione
126 2285 279 2354 contraria,
292 2303 330 2342 sc.
340 2285 539 2344 detestatione
552 2295 581 2344 et
594 2283 801 2344 retractatione
813 2286 926 2358 peccati
941 2307 947 2346 :
961 2287 984 2344 si
995 2286 1132 2346 voluntas

29 2370 112 2426 enim
131 2369 162 2426 in
181 2369 230 2427 illa
249 2362 415 2428 inordinata
433 2370 605 2429 adhaesione
624 2369 711 2428 rebus
730 2372 942 2444 temporalibus
955 2385 1130 2445 perseveret,

30 2467 189 2528 peccatum
204 2457 301 2529 ipsum
318 2459 425 2516 animae
444 2457 614 2528 adhaerebit,
632 2475 734 2530 quum,
751 2469 890 2516 manente
903 2461 1000 2528 causa,
1015 2475 1132 2520 maneat

30 2541 165 2600 effecius.
558 2545 563 2552 '

68 2629 192 2702 Optima
211 2649 282 2689 sane
303 2629 460 2708 dispositio
478 2641 522 2688 est
543 2631 681 2688 contritio
703 2631 841 2702 perlecta,
862 2649 955 2704 quum
976 2645 1132 2704 peccatum

29 2716 123 2772 etiam
143 2717 267 2774 mortale
285 2717 387 2788 tollat;
409 2714 462 2774 sed
481 2716 663 2787 probabilius
681 2719 789 2776 sufficit
807 2718 896 2776 etiam
915 2720 1025 2778 attritio
1035 2741 1043 2792 ;
1064 2739 1131 2779 narn

29 2802 168 2867 venialia,
183 2802 206 2860 si
219 2802 394 2862 mortalibus
406 2814 624 2874 comparentur,
639 2803 714 2860 levia
727 2814 805 2872 sunt,
819 2821 874 2861 nec
889 2805 1015 2876 proinde
1027 2806 1132 2864 eadem

29 2889 190 2960 dispositio
203 2891 359 2962 requiritur
371 2887 410 2947 ad
422 2884 581 2947 venialium
592 2907 681 2962 quarn
692 2889 731 2948 ad
741 2890 908 2949 mortalium
919 2891 1134 2966 remissionem;

29 2975 141 3056 sufficit
155 2977 242 3048 igitur
254 2977 392 3035 contritio
405 2976 503 3032 minus
517 2977 648 3048 perlecta
660 2995 712 3034 seu
725 2977 843 3034 attritio.

69 3063 135 3120 Nec
155 3081 276 3122 necesse
295 3073 338 3120 est
358 3074 390 3121 ut
409 3063 472 3120 haec
490 3063 600 3120 attritio
618 3062 741 3119 actualis
760 3061 816 3132 sit;
834 3063 972 3120 av'rtualis
989 3065 1059 3122 satis
1079 3076 1131 3136 est,

30 3162 105 3222 puta
118 3167 188 3206 cum
201 3149 307 3221 aliquis
319 3149 376 3206 hoc
389 3148 481 3206 modo
495 3149 584 3206 fertur
596 3148 625 3204 in
641 3150 745 3219 Deum,
760 3159 792 3206 ut
802 3149 950 3221 quidquid
963 3149 1019 3208 sibi
1032 3169 1133 3209 occur-

30 3247 109 3296 reret
121 3238 205 3310 quod
218 3255 286 3296 eum
299 3238 338 3294 ab
351 3235 409 3294 hoc
423 3247 505 3294 motu
519 3237 686 3306 retardaret,
703 3236 873 3308 displiceret
886 3237 921 3306 ei,
934 3248 963 3295 et
976 3237 1090 3297 doleret
1102 3257 1134 3296 se

28 3324 228 3390 commisisse,
242 3323 356 3382 etiamsi
369 3323 437 3381 actu
451 3323 490 3382 de
503 3341 539 3381 eo
552 3341 614 3380 non
627 3322 777 3394 cogitaret.

29 3414 71 3482 (b)
86 3410 143 3466 Ex
154 3419 234 3482 opere
244 3416 367 3481 operato,
380 3427 433 3481 per
451 3409 672 3480 susceptionem
691 3419 953 3474 sacramentorum,
968 3408 1135 3468 dummodo

29 3516 93 3555 non
108 3497 147 3555 sit
159 3496 243 3567 obex,
260 3497 278 3554 i.
294 3515 318 3554 e.
332 3496 462 3554 virtualis
475 3507 525 3554 aut
538 3495 661 3554 actualis
679 3497 897 3569 complacentia
911 3497 1025 3568 peccati
1037 3498 1135 3555 venia-

28 3584 64 3640 lis
80 3604 87 3652 ;
108 3583 193 3654 quod
206 3583 328 3654 quidem
341 3590 446 3639 certum
465 3591 506 3640 cs!
523 3583 561 3640 de
582 3582 745 3654 Baptismo,
763 3582 941 3640 Paenitentia
954 3592 982 3640 et
996 3583 1135 3641 Extrema

29 3667 198 3734 Unctione,
222 3683 290 3738 quae
314 3678 504 3739 peccatorum
529 3667 733 3725 remissionem
760 3679 792 3724 ut
817 3667 955 3724 effectum
982 3666 1134 3738 proprium

27 3755 163 3825 habent;
176 3753 357 3826 probabilius
367 3754 456 3812 etiam
465 3753 504 3812 de
514 3754 578 3811 aliis
586 3754 731 3824 asseritur,
743 3772 810 3826 quae
821 3754 859 3811 ad
869 3752 1134 3813 sanctificationem

25 3843 200 3901 animarum
215 3841 347 3899 instituta
359 3851 437 3911 sunt,
454 3840 582 3912 ideoque
601 3840 640 3898 ad
660 3843 803 3899 fervorem
823 3839 950 3896 caritatis
964 3840 1136 3914 fovendum,

26 3929 79 3988 cui
102 3927 230 3985 venialia
249 3939 371 3999 peccata
389 3939 591 4000 opponuntur,
630 3928 860 3986 sacramentalia
881 3937 988 3997 autem,
1011 3939 1043 3985 ut
1064 3927 1134 3986 alibi

26 4017 174 4080 diximus,
189 4014 313 4072 venialia
325 4014 461 4072 indirelie
474 4015 636 4082 remittunt,
649 4014 835 4072 contritionis
849 4025 878 4072 et
891 4014 1019 4072 caritatis
1032 4031 1136 4072 sensus

27 4106 59 4162 in
74 4103 179 4160 animai
191 4101 355 4160 excitando.

67 4221 124 4259 ror.
166 4201 217 4272 (D)
230 4201 331 4258 Potest
344 4217 435 4256 unum
448 4199 562 4257 veniale
578 4199 808 4284 peccatumsine
820 4199 889 4256 alri's
900 4199 1020 4268 remitti,
1033 4199 1057 4257 si
1070 4201 1137 4274 quis

27 4287 174 4347 videlicet
191 4302 258 4346 vere
276 4285 314 4345 dc
333 4303 395 4344 uno
412 4285 521 4354 doleat,
540 4302 600 4344 non
619 4295 719 4346 autem
738 4285 778 4345 de
796 4285 912 4344 ceteris.
955 4284 1047 4344 Unde
1065 4295 1137 4344 tunc
