<?xml version="1.0" encoding="UTF-8"?>
<!DOCTYPE html PUBLIC "-//W3C//DTD XHTML 1.0 Transitional//EN"
    "http://www.w3.org/TR/xhtml1/DTD/xhtml1-transitional.dtd">
<html xmlns="http://www.w3.org/1999/xhtml" xml:lang="en" lang="en">
 <head>
  <title>
</title>
<meta http-equiv="Content-Type" content="text/html;charset=utf-8" />
  <meta name='ocr-system' content='tesseract 3.04.00' />
  <meta name='ocr-capabilities' content='ocr_page ocr_carea ocr_par ocr_line ocrx_word'/>
</head>
<body>
  <div class='ocr_page' id='page_1' title='image "./synopsistheolog01tanqgoog_0219.png"; bbox 0 0 2770 4646; ppageno 0'>
   <div class='ocr_carea' id='block_1_1' title="bbox 263 128 915 207">
    <p class='ocr_par' dir='ltr' id='par_1_1' title="bbox 263 128 915 207">
     <span class='ocr_line' id='line_1_1' title="bbox 263 128 915 207; baseline 0.006 -6"><span class='ocrx_word' id='word_1_1' title='bbox 263 128 330 202; x_wconf 73' lang='lat' dir='ltr'>aot</span> <span class='ocrx_word' id='word_1_2' title='bbox 705 153 845 205; x_wconf 73' lang='lat' dir='ltr'>cuntur</span> <span class='ocrx_word' id='word_1_3' title='bbox 862 155 915 207; x_wconf 78' lang='grc' dir='ltr'>ιν.</span> 
     </span>
    </p>
   </div>
   <div class='ocr_carea' id='block_1_2' title="bbox 260 323 1374 935">
    <p class='ocr_par' dir='ltr' id='par_1_2' title="bbox 260 323 1343 518">
     <span class='ocr_line' id='line_1_2' title="bbox 260 323 1343 420; baseline 0.003 -24"><span class='ocrx_word' id='word_1_4' title='bbox 260 323 421 396; x_wconf 75' lang='lat' dir='ltr'>&#39;Sacrificii</span> <span class='ocrx_word' id='word_1_5' title='bbox 445 343 477 396; x_wconf 91' lang='lat' dir='ltr'>et</span> <span class='ocrx_word' id='word_1_6' title='bbox 501 332 788 398; x_wconf 82' lang='lat' dir='ltr'>administratione</span> <span class='ocrx_word' id='word_1_7' title='bbox 811 345 1096 399; x_wconf 84' lang='lat' dir='ltr'>sacramentorum</span> <span class='ocrx_word' id='word_1_8' title='bbox 1118 337 1159 400; x_wconf 87' lang='lat' dir='ltr'>N.</span> <span class='ocrx_word' id='word_1_9' title='bbox 1178 338 1275 420; x_wconf 82' lang='lat' dir='ltr'>Legis</span> <span class='ocrx_word' id='word_1_10' title='bbox 1296 359 1343 400; x_wconf 87' lang='lat' dir='ltr'>ne-</span> 
     </span>
     <span class='ocr_line' id='line_1_3' title="bbox 262 435 755 518; baseline 0.004 -20"><span class='ocrx_word' id='word_1_11' title='bbox 262 435 403 499; x_wconf 89' lang='lat' dir='ltr'>cessaria</span> <span class='ocrx_word' id='word_1_12' title='bbox 419 446 468 499; x_wconf 92' lang='lat' dir='ltr'>est</span> <span class='ocrx_word' id='word_1_13' title='bbox 485 437 614 499; x_wconf 90' lang='lat' dir='ltr'>interna</span> <span class='ocrx_word' id='word_1_14' title='bbox 630 439 755 518; x_wconf 84' lang='lat' dir='ltr'>gratia?</span> 
     </span>
    </p>

    <p class='ocr_par' dir='ltr' id='par_1_3' title="bbox 262 538 1374 935">
     <span class='ocr_line' id='line_1_4' title="bbox 262 538 1343 626; baseline 0.001 -23"><span class='ocrx_word' id='word_1_15' title='bbox 262 538 313 619; x_wconf 89' lang='lat' dir='ltr'>(b)</span> <span class='ocrx_word' id='word_1_16' title='bbox 326 539 465 621; x_wconf 84' lang='lat' dir='ltr'>insuper</span> <span class='ocrx_word' id='word_1_17' title='bbox 476 540 663 620; x_wconf 87' lang='lat' dir='ltr'>specialiter</span> <span class='ocrx_word' id='word_1_18' title='bbox 674 541 846 604; x_wconf 89' lang='lat' dir='ltr'>diciturde</span> <span class='ocrx_word' id='word_1_19' title='bbox 860 543 1017 606; x_wconf 88' lang='lat' dir='ltr'>ministris</span> <span class='ocrx_word' id='word_1_20' title='bbox 1029 544 1069 606; x_wconf 93' lang='lat' dir='ltr'>N.</span> <span class='ocrx_word' id='word_1_21' title='bbox 1083 539 1205 626; x_wconf 75' lang='lat' dir='ltr'>L&#39;egis:</span> <span class='ocrx_word' id='word_1_22' title='bbox 1225 551 1241 576; x_wconf 91' lang='grc'>“</span> <span class='ocrx_word' id='word_1_23' title='bbox 1252 543 1343 625; x_wconf 88' lang='lat' dir='ltr'>Opor-</span> 
     </span>
     <span class='ocr_line' id='line_1_5' title="bbox 263 641 1341 729; baseline 0.002 -24"><span class='ocrx_word' id='word_1_24' title='bbox 263 651 311 706; x_wconf 88' lang='lat' dir='ltr'>tet</span> <span class='ocrx_word' id='word_1_25' title='bbox 339 641 542 724; x_wconf 88' lang='lat' dir='ltr'>Episcopum</span> <span class='ocrx_word' id='word_1_26' title='bbox 570 643 641 705; x_wconf 90' lang='lat' dir='ltr'>sine</span> <span class='ocrx_word' id='word_1_27' title='bbox 667 644 804 706; x_wconf 89' lang='lat' dir='ltr'>crimine</span> <span class='ocrx_word' id='word_1_28' title='bbox 835 665 921 719; x_wconf 82' lang='lat' dir='ltr'>esse,</span> <span class='ocrx_word' id='word_1_29' title='bbox 944 646 1028 709; x_wconf 90' lang='lat' dir='ltr'>sicut</span> <span class='ocrx_word' id='word_1_30' title='bbox 1057 647 1121 709; x_wconf 90' lang='lat' dir='ltr'>Dei</span> <span class='ocrx_word' id='word_1_31' title='bbox 1150 649 1341 729; x_wconf 85' lang='lat' dir='ltr'>dispensato-</span> 
     </span>
     <span class='ocr_line' id='line_1_6' title="bbox 262 745 1374 831; baseline 0.002 -23"><span class='ocrx_word' id='word_1_32' title='bbox 262 767 330 809; x_wconf 92' lang='lat' dir='ltr'>rem</span> <span class='ocrx_word' id='word_1_33' title='bbox 343 747 381 790; x_wconf 86' lang='lat'>”1</span> <span class='ocrx_word' id='word_1_34' title='bbox 395 768 403 824; x_wconf 92' lang='lat'>;</span> <span class='ocrx_word' id='word_1_35' title='bbox 426 745 546 828; x_wconf 91' lang='lat' dir='ltr'>quibus</span> <span class='ocrx_word' id='word_1_36' title='bbox 562 745 669 810; x_wconf 87' lang='lat' dir='ltr'>uerbis</span> <span class='ocrx_word' id='word_1_37' title='bbox 687 748 853 811; x_wconf 91' lang='lat' dir='ltr'>indicatur</span> <span class='ocrx_word' id='word_1_38' title='bbox 872 750 1119 831; x_wconf 90' lang='lat' dir='ltr'>dispensatores</span> <span class='ocrx_word' id='word_1_39' title='bbox 1135 759 1341 813; x_wconf 89' lang='lat' dir='ltr'>sacramento·</span> <span class='ocrx_word' id='word_1_40' title='bbox 1373 773 1374 820; x_wconf 85' lang='lat' dir='ltr'>l</span> 
     </span>
     <span class='ocr_line' id='line_1_7' title="bbox 262 847 1098 935; baseline 0.002 -21"><span class='ocrx_word' id='word_1_41' title='bbox 262 871 344 926; x_wconf 89' lang='lat' dir='ltr'>rum,</span> <span class='ocrx_word' id='word_1_42' title='bbox 360 847 493 914; x_wconf 68' lang='lat' dir='ltr'>sandios</span> <span class='ocrx_word' id='word_1_43' title='bbox 509 870 581 912; x_wconf 92' lang='lat' dir='ltr'>esse</span> <span class='ocrx_word' id='word_1_44' title='bbox 596 851 726 926; x_wconf 90' lang='lat' dir='ltr'>debere,</span> <span class='ocrx_word' id='word_1_45' title='bbox 742 871 799 914; x_wconf 88' lang='lat' dir='ltr'>seu</span> <span class='ocrx_word' id='word_1_46' title='bbox 818 851 957 915; x_wconf 86' lang='lat' dir='ltr'>instatu</span> <span class='ocrx_word' id='word_1_47' title='bbox 973 855 1098 935; x_wconf 87' lang='lat' dir='ltr'>gratiae.</span> 
     </span>
    </p>
   </div>
   <div class='ocr_carea' id='block_1_3' title="bbox 219 975 1340 1475">
    <p class='ocr_par' dir='ltr' id='par_1_4' title="bbox 219 975 1340 1475">
     <span class='ocr_line' id='line_1_8' title="bbox 305 975 1340 1062; baseline -0.006 -18"><span class='ocrx_word' id='word_1_48' title='bbox 305 975 363 1062; x_wconf 84' lang='lat' dir='ltr'>(B)</span> <span class='ocrx_word' id='word_1_49' title='bbox 386 979 510 1043; x_wconf 81' lang='lat' dir='ltr'>Tradit.</span> <span class='ocrx_word' id='word_1_50' title='bbox 559 979 692 1043; x_wconf 88' lang='lat' dir='ltr'>Rituale</span> <span class='ocrx_word' id='word_1_51' title='bbox 709 981 805 1042; x_wconf 92' lang='lat' dir='ltr'>Rom.</span> <span class='ocrx_word' id='word_1_52' title='bbox 823 980 836 1061; x_wconf 87' lang='lat'>(</span> <span class='ocrx_word' id='word_1_53' title='bbox 843 980 874 1043; x_wconf 90' lang='lat' dir='ltr'><em>T</em></span> <span class='ocrx_word' id='word_1_54' title='bbox 871 981 904 1043; x_wconf 78' lang='lat' dir='ltr'>it.</span> <span class='ocrx_word' id='word_1_55' title='bbox 924 980 950 1054; x_wconf 90' lang='lat' dir='ltr'>I,</span> <span class='ocrx_word' id='word_1_56' title='bbox 965 981 1001 1060; x_wconf 88' lang='lat'>4)</span> <span class='ocrx_word' id='word_1_57' title='bbox 1017 981 1088 1043; x_wconf 88' lang='lat' dir='ltr'>baec</span> <span class='ocrx_word' id='word_1_58' title='bbox 1108 981 1234 1044; x_wconf 90' lang='lat' dir='ltr'>habet:</span> <span class='ocrx_word' id='word_1_59' title='bbox 1256 977 1340 1042; x_wconf 88' lang='lat' dir='ltr'>“Etsi</span> 
     </span>
     <span class='ocr_line' id='line_1_9' title="bbox 219 1081 1340 1166; baseline -0.001 -22"><span class='ocrx_word' id='word_1_60' title='bbox 219 1081 220 1086; x_wconf 68' lang='grc'>’</span> <span class='ocrx_word' id='word_1_61' title='bbox 262 1093 469 1147; x_wconf 90' lang='lat' dir='ltr'>sacramenta</span> <span class='ocrx_word' id='word_1_62' title='bbox 496 1083 539 1145; x_wconf 88' lang='lat' dir='ltr'>ab</span> <span class='ocrx_word' id='word_1_63' title='bbox 567 1084 677 1166; x_wconf 89' lang='lat' dir='ltr'>impiis</span> <span class='ocrx_word' id='word_1_64' title='bbox 704 1083 910 1164; x_wconf 90' lang='lat' dir='ltr'>coinquinari</span> <span class='ocrx_word' id='word_1_65' title='bbox 938 1104 1004 1147; x_wconf 90' lang='lat' dir='ltr'>non</span> <span class='ocrx_word' id='word_1_66' title='bbox 1033 1086 1213 1166; x_wconf 92' lang='lat' dir='ltr'>possint</span> <span class='ocrx_word' id='word_1_67' title='bbox 1231 1085 1340 1164; x_wconf 89' lang='lat' dir='ltr'>impure</span> 
     </span>
     <span class='ocr_line' id='line_1_10' title="bbox 262 1169 1339 1269; baseline -0.005 -20"><span class='ocrx_word' id='word_1_68' title='bbox 262 1195 374 1249; x_wconf 87' lang='lat' dir='ltr'>tamen</span> <span class='ocrx_word' id='word_1_69' title='bbox 390 1196 423 1249; x_wconf 89' lang='lat' dir='ltr'>et</span> <span class='ocrx_word' id='word_1_70' title='bbox 441 1169 576 1269; x_wconf 86' lang='lat' dir='ltr'>indigne</span> <span class='ocrx_word' id='word_1_71' title='bbox 591 1207 630 1249; x_wconf 90' lang='lat' dir='ltr'>ea</span> <span class='ocrx_word' id='word_1_72' title='bbox 648 1187 872 1250; x_wconf 89' lang='lat' dir='ltr'>ministrantes</span> <span class='ocrx_word' id='word_1_73' title='bbox 892 1187 924 1248; x_wconf 89' lang='lat' dir='ltr'>in</span> <span class='ocrx_word' id='word_1_74' title='bbox 945 1197 1079 1249; x_wconf 82' lang='lat' dir='ltr'>aeternae</span> <span class='ocrx_word' id='word_1_75' title='bbox 1096 1187 1213 1249; x_wconf 91' lang='lat' dir='ltr'>mortis</span> <span class='ocrx_word' id='word_1_76' title='bbox 1230 1197 1339 1248; x_wconf 87' lang='lat' dir='ltr'>reatum</span> 
     </span>
     <span class='ocr_line' id='line_1_11' title="bbox 261 1281 1338 1371; baseline -0.004 -20"><span class='ocrx_word' id='word_1_77' title='bbox 261 1290 431 1354; x_wconf 90' lang='lat' dir='ltr'>incurrunt</span> <span class='ocrx_word' id='word_1_78' title='bbox 442 1290 478 1367; x_wconf 86' lang='lat'>”;</span> <span class='ocrx_word' id='word_1_79' title='bbox 500 1310 575 1371; x_wconf 84' lang='lat' dir='ltr'>quae</span> <span class='ocrx_word' id='word_1_80' title='bbox 592 1291 725 1371; x_wconf 89' lang='lat' dir='ltr'>quidem</span> <span class='ocrx_word' id='word_1_81' title='bbox 742 1291 843 1352; x_wconf 90' lang='lat' dir='ltr'>verba</span> <span class='ocrx_word' id='word_1_82' title='bbox 859 1281 946 1353; x_wconf 86' lang='lat' dir='ltr'>clarc</span> <span class='ocrx_word' id='word_1_83' title='bbox 963 1291 1111 1353; x_wconf 86' lang='lat' dir='ltr'>indicant</span> <span class='ocrx_word' id='word_1_84' title='bbox 1129 1290 1300 1362; x_wconf 91' lang='lat' dir='ltr'>ministros,</span> <span class='ocrx_word' id='word_1_85' title='bbox 1313 1287 1338 1348; x_wconf 92' lang='lat' dir='ltr'>in</span> 
     </span>
     <span class='ocr_line' id='line_1_12' title="bbox 261 1393 1319 1475; baseline 0 -21"><span class='ocrx_word' id='word_1_86' title='bbox 261 1402 349 1456; x_wconf 90' lang='lat' dir='ltr'>statu</span> <span class='ocrx_word' id='word_1_87' title='bbox 367 1395 492 1475; x_wconf 89' lang='lat' dir='ltr'>peccati</span> <span class='ocrx_word' id='word_1_88' title='bbox 509 1403 716 1458; x_wconf 84' lang='lat' dir='ltr'>sacramenta</span> <span class='ocrx_word' id='word_1_89' title='bbox 734 1395 968 1468; x_wconf 86' lang='lat' dir='ltr'>ministrantes,</span> <span class='ocrx_word' id='word_1_90' title='bbox 984 1393 1170 1457; x_wconf 84' lang='lat' dir='ltr'>mortaliter</span> <span class='ocrx_word' id='word_1_91' title='bbox 1187 1411 1319 1474; x_wconf 87' lang='lat' dir='ltr'>peccare.</span> 
     </span>
    </p>
   </div>
   <div class='ocr_carea' id='block_1_4' title="bbox 259 1518 1338 2223">
    <p class='ocr_par' dir='ltr' id='par_1_5' title="bbox 259 1518 1338 2223">
     <span class='ocr_line' id='line_1_13' title="bbox 303 1518 1338 1603; baseline -0.009 -17"><span class='ocrx_word' id='word_1_92' title='bbox 303 1519 361 1603; x_wconf 86' lang='lat' dir='ltr'>(C)</span> <span class='ocrx_word' id='word_1_93' title='bbox 373 1521 450 1586; x_wconf 72' lang='grc' dir='ltr'>Καί.</span> <span class='ocrx_word' id='word_1_94' title='bbox 461 1521 549 1586; x_wconf 75' lang='lat' dir='ltr'>theol.</span> <span class='ocrx_word' id='word_1_95' title='bbox 596 1521 662 1603; x_wconf 83' lang='lat' dir='ltr'>Qui</span> <span class='ocrx_word' id='word_1_96' title='bbox 680 1521 845 1583; x_wconf 86' lang='lat' dir='ltr'>ministrat</span> <span class='ocrx_word' id='word_1_97' title='bbox 858 1530 1066 1584; x_wconf 84' lang='lat' dir='ltr'>sacramenta</span> <span class='ocrx_word' id='word_1_98' title='bbox 1080 1521 1111 1582; x_wconf 90' lang='lat' dir='ltr'>in</span> <span class='ocrx_word' id='word_1_99' title='bbox 1126 1529 1215 1583; x_wconf 88' lang='lat' dir='ltr'>statu</span> <span class='ocrx_word' id='word_1_100' title='bbox 1229 1518 1338 1601; x_wconf 87' lang='lat' dir='ltr'>peccati</span> 
     </span>
     <span class='ocr_line' id='line_1_14' title="bbox 261 1621 1337 1707; baseline -0.004 -21"><span class='ocrx_word' id='word_1_101' title='bbox 261 1626 409 1688; x_wconf 88' lang='lat' dir='ltr'>mortalis</span> <span class='ocrx_word' id='word_1_102' title='bbox 421 1646 555 1707; x_wconf 90' lang='lat' dir='ltr'>gravem</span> <span class='ocrx_word' id='word_1_103' title='bbox 570 1625 723 1705; x_wconf 85' lang='lat' dir='ltr'>injuriam</span> <span class='ocrx_word' id='word_1_104' title='bbox 737 1624 917 1687; x_wconf 88' lang='lat' dir='ltr'>committit</span> <span class='ocrx_word' id='word_1_105' title='bbox 930 1645 1008 1706; x_wconf 88' lang='lat' dir='ltr'>erga</span> <span class='ocrx_word' id='word_1_106' title='bbox 1021 1623 1128 1686; x_wconf 79' lang='lat' dir='ltr'>Deum</span> <span class='ocrx_word' id='word_1_107' title='bbox 1140 1646 1153 1696; x_wconf 88' lang='lat'>,·</span> <span class='ocrx_word' id='word_1_108' title='bbox 1176 1644 1261 1698; x_wconf 84' lang='lat' dir='ltr'>nam,</span> <span class='ocrx_word' id='word_1_109' title='bbox 1271 1621 1337 1683; x_wconf 89' lang='lat' dir='ltr'>dum</span> 
     </span>
     <span class='ocr_line' id='line_1_15' title="bbox 261 1727 1337 1810; baseline -0.006 -20"><span class='ocrx_word' id='word_1_110' title='bbox 261 1729 330 1810; x_wconf 91' lang='lat' dir='ltr'>ipse</span> <span class='ocrx_word' id='word_1_111' title='bbox 353 1739 403 1792; x_wconf 91' lang='lat' dir='ltr'>est</span> <span class='ocrx_word' id='word_1_112' title='bbox 427 1729 578 1792; x_wconf 89' lang='lat' dir='ltr'>inimicus</span> <span class='ocrx_word' id='word_1_113' title='bbox 603 1729 666 1791; x_wconf 89' lang='lat' dir='ltr'>Dei</span> <span class='ocrx_word' id='word_1_114' title='bbox 691 1748 748 1809; x_wconf 89' lang='lat' dir='ltr'>per</span> <span class='ocrx_word' id='word_1_115' title='bbox 772 1737 956 1809; x_wconf 87' lang='lat' dir='ltr'>peccatum,</span> <span class='ocrx_word' id='word_1_116' title='bbox 977 1728 1127 1791; x_wconf 89' lang='lat' dir='ltr'>divinam</span> <span class='ocrx_word' id='word_1_117' title='bbox 1155 1727 1337 1808; x_wconf 87' lang='lat' dir='ltr'>legationen</span> 
     </span>
     <span class='ocr_line' id='line_1_16' title="bbox 259 1828 1338 1914; baseline -0.006 -20"><span class='ocrx_word' id='word_1_118' title='bbox 259 1852 304 1895; x_wconf 88' lang='lat' dir='ltr'>ex</span> <span class='ocrx_word' id='word_1_119' title='bbox 321 1832 429 1895; x_wconf 87' lang='lat' dir='ltr'>officio</span> <span class='ocrx_word' id='word_1_120' title='bbox 445 1834 514 1914; x_wconf 87' lang='lat' dir='ltr'>agit</span> <span class='ocrx_word' id='word_1_121' title='bbox 531 1853 538 1906; x_wconf 89' lang='grc'><strong>;</strong></span> <span class='ocrx_word' id='word_1_122' title='bbox 561 1853 639 1914; x_wconf 87' lang='lat' dir='ltr'>erga</span> <span class='ocrx_word' id='word_1_123' title='bbox 654 1831 830 1907; x_wconf 85' lang='lat' dir='ltr'>Clm’stmu,</span> <span class='ocrx_word' id='word_1_124' title='bbox 844 1851 921 1894; x_wconf 90' lang='lat' dir='ltr'>nam</span> <span class='ocrx_word' id='word_1_125' title='bbox 939 1831 1060 1895; x_wconf 89' lang='lat' dir='ltr'>Christi</span> <span class='ocrx_word' id='word_1_126' title='bbox 1077 1851 1253 1912; x_wconf 90' lang='lat' dir='ltr'>personam</span> <span class='ocrx_word' id='word_1_127' title='bbox 1268 1828 1338 1910; x_wconf 87' lang='lat' dir='ltr'>pari-</span> 
     </span>
     <span class='ocr_line' id='line_1_17' title="bbox 260 1931 1338 2018; baseline -0.007 -20"><span class='ocrx_word' id='word_1_128' title='bbox 260 1941 310 1998; x_wconf 89' lang='lat' dir='ltr'>ter</span> <span class='ocrx_word' id='word_1_129' title='bbox 331 1936 466 2018; x_wconf 86' lang='lat' dir='ltr'>indigne</span> <span class='ocrx_word' id='word_1_130' title='bbox 485 1937 594 2016; x_wconf 86' lang='lat' dir='ltr'>gerit:</span> <span class='ocrx_word' id='word_1_131' title='bbox 618 1936 754 1998; x_wconf 88' lang='lat' dir='ltr'>tandem</span> <span class='ocrx_word' id='word_1_132' title='bbox 776 1953 855 2014; x_wconf 87' lang='lat' dir='ltr'>erga</span> <span class='ocrx_word' id='word_1_133' title='bbox 870 1945 1081 2009; x_wconf 81' lang='lat' dir='ltr'>sacramenta,</span> <span class='ocrx_word' id='word_1_134' title='bbox 1098 1953 1175 2015; x_wconf 85' lang='lat' dir='ltr'>quae</span> <span class='ocrx_word' id='word_1_135' title='bbox 1195 1931 1338 1995; x_wconf 84' lang='lat' dir='ltr'>contami·</span> 
     </span>
     <span class='ocr_line' id='line_1_18' title="bbox 259 2032 1338 2120; baseline -0.006 -20"><span class='ocrx_word' id='word_1_136' title='bbox 259 2047 325 2113; x_wconf 88' lang='lat' dir='ltr'>nat,</span> <span class='ocrx_word' id='word_1_137' title='bbox 341 2048 503 2120; x_wconf 90' lang='lat' dir='ltr'>quantum</span> <span class='ocrx_word' id='word_1_138' title='bbox 521 2039 552 2104; x_wconf 88' lang='lat' dir='ltr'>in</span> <span class='ocrx_word' id='word_1_139' title='bbox 570 2058 606 2100; x_wconf 89' lang='lat' dir='ltr'>se</span> <span class='ocrx_word' id='word_1_140' title='bbox 621 2048 680 2112; x_wconf 88' lang='lat' dir='ltr'>est,</span> <span class='ocrx_word' id='word_1_141' title='bbox 697 2058 747 2098; x_wconf 89' lang='lat' dir='ltr'>res</span> <span class='ocrx_word' id='word_1_142' title='bbox 763 2057 873 2098; x_wconf 87' lang='lat' dir='ltr'>sacras</span> <span class='ocrx_word' id='word_1_143' title='bbox 890 2046 923 2099; x_wconf 90' lang='lat' dir='ltr'>ct</span> <span class='ocrx_word' id='word_1_144' title='bbox 943 2037 1058 2118; x_wconf 82' lang='lat' dir='ltr'>gratiae</span> <span class='ocrx_word' id='word_1_145' title='bbox 1080 2032 1286 2118; x_wconf 64' lang='lat' dir='ltr'>productis-as</span> <span class='ocrx_word' id='word_1_146' title='bbox 1300 2035 1338 2094; x_wconf 90' lang='lat' dir='ltr'>in-</span> 
     </span>
     <span class='ocr_line' id='line_1_19' title="bbox 259 2138 1131 2223; baseline -0.002 -19"><span class='ocrx_word' id='word_1_147' title='bbox 259 2142 368 2223; x_wconf 87' lang='lat' dir='ltr'>dignis</span> <span class='ocrx_word' id='word_1_148' title='bbox 386 2142 538 2218; x_wconf 88' lang='lat' dir='ltr'>manibus</span> <span class='ocrx_word' id='word_1_149' title='bbox 555 2141 769 2223; x_wconf 81' lang='lat' dir='ltr'>profanando¹</span> <span class='ocrx_word' id='word_1_150' title='bbox 817 2138 868 2221; x_wconf 82' lang='lat' dir='ltr'>(S.</span> <span class='ocrx_word' id='word_1_151' title='bbox 890 2139 920 2201; x_wconf 89' lang='lat' dir='ltr'><em>T</em></span> <span class='ocrx_word' id='word_1_152' title='bbox 918 2138 947 2204; x_wconf 79' lang='lat' dir='ltr'>lr.</span> <span class='ocrx_word' id='word_1_153' title='bbox 964 2139 982 2201; x_wconf 88' lang='lat' dir='ltr'>l.</span> <span class='ocrx_word' id='word_1_154' title='bbox 1000 2160 1025 2202; x_wconf 90' lang='lat' dir='ltr'>c.</span> <span class='ocrx_word' id='word_1_155' title='bbox 1043 2159 1070 2202; x_wconf 87' lang='lat' dir='ltr'>a.</span> <span class='ocrx_word' id='word_1_156' title='bbox 1086 2139 1131 2220; x_wconf 81' lang='lat'>6.)</span> 
     </span>
    </p>
   </div>
   <div class='ocr_carea' id='block_1_5' title="bbox 255 2264 1337 4101">
    <p class='ocr_par' dir='ltr' id='par_1_6' title="bbox 301 2264 1337 2349">
     <span class='ocr_line' id='line_1_20' title="bbox 301 2264 1337 2349; baseline -0.006 -20"><span class='ocrx_word' id='word_1_157' title='bbox 301 2281 350 2345; x_wconf 86' lang='lat'>91.</span> <span class='ocrx_word' id='word_1_158' title='bbox 396 2265 531 2347; x_wconf 71' lang='lat' dir='ltr'>Regale</span> <span class='ocrx_word' id='word_1_159' title='bbox 544 2267 697 2347; x_wconf 73' lang='lat' dir='ltr'>praiiicae</span> <span class='ocrx_word' id='word_1_160' title='bbox 713 2291 724 2330; x_wconf 95' lang='lat'><em>:</em></span> <span class='ocrx_word' id='word_1_161' title='bbox 754 2266 812 2349; x_wconf 83' lang='lat' dir='ltr'>(A)</span> <span class='ocrx_word' id='word_1_162' title='bbox 839 2266 958 2344; x_wconf 83' lang='lat' dir='ltr'>Quoad</span> <span class='ocrx_word' id='word_1_163' title='bbox 977 2266 1168 2329; x_wconf 83' lang='lat' dir='ltr'>ministrum</span> <span class='ocrx_word' id='word_1_164' title='bbox 1192 2264 1337 2328; x_wconf 77' lang='lat' dir='ltr'>necessila-</span> 
     </span>
    </p>

    <p class='ocr_par' dir='ltr' id='par_1_7' title="bbox 255 2367 1374 4101">
     <span class='ocr_line' id='line_1_21' title="bbox 259 2367 1335 2452; baseline -0.005 -22"><span class='ocrx_word' id='word_1_165' title='bbox 259 2369 322 2432; x_wconf 87' lang='lat' dir='ltr'>tr&#39;s.·</span> <span class='ocrx_word' id='word_1_166' title='bbox 357 2369 514 2433; x_wconf 89' lang='lat' dir='ltr'>Diximus</span> <span class='ocrx_word' id='word_1_167' title='bbox 538 2391 613 2433; x_wconf 91' lang='lat' dir='ltr'>eum</span> <span class='ocrx_word' id='word_1_168' title='bbox 638 2371 693 2452; x_wconf 90' lang='lat' dir='ltr'>qui</span> <span class='ocrx_word' id='word_1_169' title='bbox 717 2391 754 2433; x_wconf 80' lang='lat' dir='ltr'>ex</span> <span class='ocrx_word' id='word_1_170' title='bbox 776 2369 874 2452; x_wconf 80' lang='lat' dir='ltr'>officio</span> <span class='ocrx_word' id='word_1_171' title='bbox 897 2370 1063 2433; x_wconf 87' lang='lat' dir='ltr'>ministrat</span> <span class='ocrx_word' id='word_1_172' title='bbox 1087 2379 1290 2431; x_wconf 87' lang='lat' dir='ltr'>sacramenta</span> <span class='ocrx_word' id='word_1_173' title='bbox 1310 2367 1335 2426; x_wconf 90' lang='lat' dir='ltr'>in</span> 
     </span>
     <span class='ocr_line' id='line_1_22' title="bbox 260 2469 1335 2556; baseline -0.007 -20"><span class='ocrx_word' id='word_1_174' title='bbox 260 2473 404 2547; x_wconf 89' lang='lat' dir='ltr'>mortali,</span> <span class='ocrx_word' id='word_1_175' title='bbox 420 2475 564 2556; x_wconf 87' lang='lat' dir='ltr'>graviter</span> <span class='ocrx_word' id='word_1_176' title='bbox 579 2495 739 2556; x_wconf 88' lang='lat' dir='ltr'>peceare;</span> <span class='ocrx_word' id='word_1_177' title='bbox 762 2475 820 2537; x_wconf 87' lang='lat' dir='ltr'>sed</span> <span class='ocrx_word' id='word_1_178' title='bbox 842 2475 1097 2536; x_wconf 87' lang='lat' dir='ltr'>controvertitur</span> <span class='ocrx_word' id='word_1_179' title='bbox 1117 2482 1228 2534; x_wconf 92' lang='lat' dir='ltr'>utrum</span> <span class='ocrx_word' id='word_1_180' title='bbox 1248 2469 1335 2552; x_wconf 80' lang='lat' dir='ltr'>gravi·</span> 
     </span>
     <span class='ocr_line' id='line_1_23' title="bbox 259 2574 1335 2659; baseline -0.005 -22"><span class='ocrx_word' id='word_1_181' title='bbox 259 2585 309 2638; x_wconf 91' lang='lat' dir='ltr'>ter</span> <span class='ocrx_word' id='word_1_182' title='bbox 324 2588 439 2658; x_wconf 88' lang='lat' dir='ltr'>peccet</span> <span class='ocrx_word' id='word_1_183' title='bbox 456 2577 556 2640; x_wconf 88' lang='lat' dir='ltr'>laicus</span> <span class='ocrx_word' id='word_1_184' title='bbox 573 2578 624 2640; x_wconf 87' lang='lat' dir='ltr'>vel</span> <span class='ocrx_word' id='word_1_185' title='bbox 642 2578 795 2640; x_wconf 89' lang='lat' dir='ltr'>sacerdos</span> <span class='ocrx_word' id='word_1_186' title='bbox 812 2577 867 2659; x_wconf 91' lang='lat' dir='ltr'>qui</span> <span class='ocrx_word' id='word_1_187' title='bbox 885 2597 951 2639; x_wconf 90' lang='lat' dir='ltr'>non</span> <span class='ocrx_word' id='word_1_188' title='bbox 968 2597 1012 2638; x_wconf 89' lang='lat' dir='ltr'>ex</span> <span class='ocrx_word' id='word_1_189' title='bbox 1028 2575 1149 2656; x_wconf 86' lang='lat' dir='ltr'>officio,</span> <span class='ocrx_word' id='word_1_190' title='bbox 1164 2574 1222 2637; x_wconf 93' lang='lat' dir='ltr'>sed</span> <span class='ocrx_word' id='word_1_191' title='bbox 1244 2592 1335 2636; x_wconf 88' lang='lat' dir='ltr'>neces·</span> 
     </span>
     <span class='ocr_line' id='line_1_24' title="bbox 258 2679 1336 2762; baseline -0.006 -21"><span class='ocrx_word' id='word_1_192' title='bbox 258 2681 356 2744; x_wconf 88' lang='lat' dir='ltr'>sitate</span> <span class='ocrx_word' id='word_1_193' title='bbox 372 2691 615 2762; x_wconf 88' lang='lat' dir='ltr'>sacramentum</span> <span class='ocrx_word' id='word_1_194' title='bbox 632 2680 769 2755; x_wconf 81' lang='lat' dir='ltr'>confert,¹</span> <span class='ocrx_word' id='word_1_195' title='bbox 783 2703 812 2743; x_wconf 93' lang='lat' dir='ltr'>v.</span> <span class='ocrx_word' id='word_1_196' title='bbox 829 2701 859 2762; x_wconf 89' lang='lat' dir='ltr'>g.</span> <span class='ocrx_word' id='word_1_197' title='bbox 875 2681 931 2762; x_wconf 91' lang='lat' dir='ltr'>qui</span> <span class='ocrx_word' id='word_1_198' title='bbox 954 2680 1102 2760; x_wconf 89' lang='lat' dir='ltr'>baptizat</span> <span class='ocrx_word' id='word_1_199' title='bbox 1124 2679 1195 2740; x_wconf 91' lang='lat' dir='ltr'>siue</span> <span class='ocrx_word' id='word_1_200' title='bbox 1211 2693 1336 2738; x_wconf 86' lang='lat' dir='ltr'>ceremo-</span> 
     </span>
     <span class='ocr_line' id='line_1_25' title="bbox 259 2785 705 2861; baseline 0 -15"><span class='ocrx_word' id='word_1_201' title='bbox 259 2785 329 2861; x_wconf 89' lang='lat' dir='ltr'>niis,</span> <span class='ocrx_word' id='word_1_202' title='bbox 347 2785 379 2846; x_wconf 91' lang='lat' dir='ltr'>in</span> <span class='ocrx_word' id='word_1_203' title='bbox 395 2805 473 2848; x_wconf 91' lang='lat' dir='ltr'>casu</span> <span class='ocrx_word' id='word_1_204' title='bbox 491 2786 705 2848; x_wconf 89' lang='lat' dir='ltr'>necessitatis.</span> 
     </span>
     <span class='ocr_line' id='line_1_26' title="bbox 258 2877 1335 2967; baseline -0.011 -18"><span class='ocrx_word' id='word_1_205' title='bbox 258 2886 308 2967; x_wconf 82' lang='lat' dir='ltr'>(a)</span> <span class='ocrx_word' id='word_1_206' title='bbox 326 2887 362 2950; x_wconf 82' lang='lat' dir='ltr'>S.</span> <span class='ocrx_word' id='word_1_207' title='bbox 383 2888 529 2964; x_wconf 75' lang='lat' dir='ltr'>Thomas,</span> <span class='ocrx_word' id='word_1_208' title='bbox 548 2889 675 2951; x_wconf 76' lang='lat' dir='ltr'>Suarea</span> <span class='ocrx_word' id='word_1_209' title='bbox 697 2887 818 2967; x_wconf 88' lang='lat' dir='ltr'>aliique</span> <span class='ocrx_word' id='word_1_210' title='bbox 842 2883 1045 2966; x_wconf 90' lang='lat' dir='ltr'>probabilius</span> <span class='ocrx_word' id='word_1_211' title='bbox 1069 2891 1204 2964; x_wconf 85' lang='lat' dir='ltr'>negant,</span> <span class='ocrx_word' id='word_1_212' title='bbox 1220 2882 1293 2962; x_wconf 89' lang='lat' dir='ltr'>quia</span> <span class='ocrx_word' id='word_1_213' title='bbox 1310 2877 1335 2938; x_wconf 94' lang='lat' dir='ltr'>in</span> 
     </span>
     <span class='ocr_line' id='line_1_27' title="bbox 258 2986 1336 3069; baseline -0.01 -19"><span class='ocrx_word' id='word_1_214' title='bbox 258 2989 320 3050; x_wconf 88' lang='lat' dir='ltr'>hoc</span> <span class='ocrx_word' id='word_1_215' title='bbox 337 3011 414 3052; x_wconf 87' lang='lat' dir='ltr'>casu</span> <span class='ocrx_word' id='word_1_216' title='bbox 431 2993 584 3055; x_wconf 90' lang='lat' dir='ltr'>sacerdos</span> <span class='ocrx_word' id='word_1_217' title='bbox 595 2991 645 3052; x_wconf 94' lang='lat' dir='ltr'>vel</span> <span class='ocrx_word' id='word_1_218' title='bbox 664 2991 764 3054; x_wconf 90' lang='lat' dir='ltr'>laicus</span> <span class='ocrx_word' id='word_1_219' title='bbox 782 3009 847 3051; x_wconf 92' lang='lat' dir='ltr'>non</span> <span class='ocrx_word' id='word_1_220' title='bbox 861 2986 931 3069; x_wconf 89' lang='lat' dir='ltr'>agit</span> <span class='ocrx_word' id='word_1_221' title='bbox 943 2995 980 3050; x_wconf 92' lang='lat' dir='ltr'>ut</span> <span class='ocrx_word' id='word_1_222' title='bbox 993 2987 1144 3049; x_wconf 90' lang='lat' dir='ltr'>minister</span> <span class='ocrx_word' id='word_1_223' title='bbox 1156 2991 1336 3047; x_wconf 80' lang='lat' dir='ltr'>consecratus</span> 
     </span>
     <span class='ocr_line' id='line_1_28' title="bbox 258 3089 1335 3174; baseline -0.01 -22"><span class='ocrx_word' id='word_1_224' title='bbox 258 3091 411 3172; x_wconf 82' lang='lat' dir='ltr'>exofficr&#39;o,</span> <span class='ocrx_word' id='word_1_225' title='bbox 424 3092 590 3156; x_wconf 89' lang='lat' dir='ltr'>Christum</span> <span class='ocrx_word' id='word_1_226' title='bbox 609 3101 858 3174; x_wconf 84' lang='lat' dir='ltr'>repraesentans,</span> <span class='ocrx_word' id='word_1_227' title='bbox 871 3091 928 3152; x_wconf 89' lang='lat' dir='ltr'>sed</span> <span class='ocrx_word' id='word_1_228' title='bbox 946 3100 982 3153; x_wconf 91' lang='lat' dir='ltr'>ut</span> <span class='ocrx_word' id='word_1_229' title='bbox 1000 3089 1149 3151; x_wconf 91' lang='lat' dir='ltr'>minister</span> <span class='ocrx_word' id='word_1_230' title='bbox 1162 3101 1335 3150; x_wconf 89' lang='lat' dir='ltr'>succurrens</span> 
     </span>
     <span class='ocr_line' id='line_1_29' title="bbox 258 3191 1334 3276; baseline -0.007 -22"><span class='ocrx_word' id='word_1_231' title='bbox 258 3195 391 3274; x_wconf 87' lang='lat' dir='ltr'>speciali</span> <span class='ocrx_word' id='word_1_232' title='bbox 408 3197 595 3258; x_wconf 88' lang='lat' dir='ltr'>necessitati</span> <span class='ocrx_word' id='word_1_233' title='bbox 612 3195 834 3276; x_wconf 88' lang='lat' dir='ltr'>suscipientis;</span> <span class='ocrx_word' id='word_1_234' title='bbox 858 3193 909 3274; x_wconf 88' lang='lat' dir='ltr'>(b)</span> <span class='ocrx_word' id='word_1_235' title='bbox 927 3193 961 3256; x_wconf 87' lang='lat' dir='ltr'>S.</span> <span class='ocrx_word' id='word_1_236' title='bbox 973 3191 1129 3272; x_wconf 63' lang='lat' dir='ltr'>Ligerim</span> <span class='ocrx_word' id='word_1_237' title='bbox 1141 3193 1262 3273; x_wconf 85' lang='lat' dir='ltr'>aliique</span> <span class='ocrx_word' id='word_1_238' title='bbox 1276 3206 1334 3270; x_wconf 90' lang='lat' dir='ltr'>pro-</span> 
     </span>
     <span class='ocr_line' id='line_1_30' title="bbox 257 3294 1334 3381; baseline -0.005 -22"><span class='ocrx_word' id='word_1_239' title='bbox 257 3297 410 3361; x_wconf 89' lang='lat' dir='ltr'>babiliter</span> <span class='ocrx_word' id='word_1_240' title='bbox 425 3298 600 3374; x_wconf 85' lang='lat' dir='ltr'>affirmant,</span> <span class='ocrx_word' id='word_1_241' title='bbox 615 3300 693 3381; x_wconf 92' lang='lat' dir='ltr'>quia</span> <span class='ocrx_word' id='word_1_242' title='bbox 709 3297 869 3379; x_wconf 86' lang='lat' dir='ltr'>obligatio</span> <span class='ocrx_word' id='word_1_243' title='bbox 887 3294 1094 3358; x_wconf 87' lang='lat' dir='ltr'>ministrandi</span> <span class='ocrx_word' id='word_1_244' title='bbox 1116 3294 1160 3356; x_wconf 70' lang='lat' dir='ltr'>in&#39;</span> <span class='ocrx_word' id='word_1_245' title='bbox 1171 3303 1257 3355; x_wconf 89' lang='lat' dir='ltr'>statu</span> <span class='ocrx_word' id='word_1_246' title='bbox 1276 3309 1334 3370; x_wconf 79' lang='lat' dir='ltr'>gra·</span> 
     </span>
     <span class='ocr_line' id='line_1_31' title="bbox 257 3395 1334 3469; baseline -0.009 -4"><span class='ocrx_word' id='word_1_247' title='bbox 257 3403 312 3465; x_wconf 83' lang='lat' dir='ltr'>tiae</span> <span class='ocrx_word' id='word_1_248' title='bbox 340 3424 410 3466; x_wconf 92' lang='lat' dir='ltr'>non</span> <span class='ocrx_word' id='word_1_249' title='bbox 433 3404 600 3467; x_wconf 91' lang='lat' dir='ltr'>derivatur</span> <span class='ocrx_word' id='word_1_250' title='bbox 624 3403 730 3465; x_wconf 92' lang='lat' dir='ltr'>solum</span> <span class='ocrx_word' id='word_1_251' title='bbox 759 3423 788 3462; x_wconf 86' lang='lat' dir='ltr'>a·</span> <span class='ocrx_word' id='word_1_252' title='bbox 806 3399 1053 3464; x_wconf 89' lang='lat' dir='ltr'>consecratione</span> <span class='ocrx_word' id='word_1_253' title='bbox 1077 3398 1228 3469; x_wconf 82' lang='lat' dir='ltr'>ministri,</span> <span class='ocrx_word' id='word_1_254' title='bbox 1250 3395 1334 3456; x_wconf 83' lang='lat' dir='ltr'>seda</span> 
     </span>
     <span class='ocr_line' id='line_1_32' title="bbox 257 3496 1334 3583; baseline -0.015 -13"><span class='ocrx_word' id='word_1_255' title='bbox 257 3505 433 3571; x_wconf 59' lang='lat' dir='ltr'>sanititatc</span> <span class='ocrx_word' id='word_1_256' title='bbox 456 3516 744 3570; x_wconf 86' lang='lat' dir='ltr'>sacramentorum.</span> <span class='ocrx_word' id='word_1_257' title='bbox 793 3504 943 3583; x_wconf 86' lang='lat' dir='ltr'>Utraque</span> <span class='ocrx_word' id='word_1_258' title='bbox 967 3501 1081 3582; x_wconf 90' lang='lat' dir='ltr'>opinio</span> <span class='ocrx_word' id='word_1_259' title='bbox 1104 3499 1211 3562; x_wconf 93' lang='lat' dir='ltr'>solide</span> <span class='ocrx_word' id='word_1_260' title='bbox 1234 3496 1334 3580; x_wconf 87' lang='lat' dir='ltr'>proba·</span> 
     </span>
     <span class='ocr_line' id='line_1_33' title="bbox 256 3602 1333 3691; baseline -0.011 -19"><span class='ocrx_word' id='word_1_261' title='bbox 256 3609 331 3672; x_wconf 91' lang='lat' dir='ltr'>bilis</span> <span class='ocrx_word' id='word_1_262' title='bbox 347 3620 406 3684; x_wconf 88' lang='lat' dir='ltr'>est,</span> <span class='ocrx_word' id='word_1_263' title='bbox 423 3631 460 3672; x_wconf 91' lang='lat' dir='ltr'>ac</span> <span class='ocrx_word' id='word_1_264' title='bbox 478 3610 616 3691; x_wconf 90' lang='lat' dir='ltr'>proinde</span> <span class='ocrx_word' id='word_1_265' title='bbox 640 3610 671 3670; x_wconf 93' lang='lat' dir='ltr'>in</span> <span class='ocrx_word' id='word_1_266' title='bbox 696 3609 792 3690; x_wconf 90' lang='lat' dir='ltr'>praxi</span> <span class='ocrx_word' id='word_1_267' title='bbox 817 3608 878 3669; x_wconf 92' lang='lat' dir='ltr'>erit</span> <span class='ocrx_word' id='word_1_268' title='bbox 901 3614 1073 3687; x_wconf 75' lang='lat' dir='ltr'>peccatum</span> <span class='ocrx_word' id='word_1_269' title='bbox 1091 3624 1192 3684; x_wconf 87' lang='lat' dir='ltr'>grave</span> <span class='ocrx_word' id='word_1_270' title='bbox 1207 3602 1255 3665; x_wconf 85' lang='lat' dir='ltr'>uel</span> <span class='ocrx_word' id='word_1_271' title='bbox 1272 3617 1333 3668; x_wconf 83' lang='lat' dir='ltr'>non,</span> 
     </span>
     <span class='ocr_line' id='line_1_34' title="bbox 256 3703 1332 3794; baseline -0.015 -20"><span class='ocrx_word' id='word_1_272' title='bbox 256 3723 354 3793; x_wconf 92' lang='lat' dir='ltr'>prout</span> <span class='ocrx_word' id='word_1_273' title='bbox 365 3714 514 3776; x_wconf 87' lang='lat' dir='ltr'>minister</span> <span class='ocrx_word' id='word_1_274' title='bbox 524 3715 656 3794; x_wconf 89' lang='lat' dir='ltr'>agendo</span> <span class='ocrx_word' id='word_1_275' title='bbox 668 3711 844 3775; x_wconf 88' lang='lat' dir='ltr'>crediderit</span> <span class='ocrx_word' id='word_1_276' title='bbox 856 3729 891 3770; x_wconf 87' lang='lat' dir='ltr'>se</span> <span class='ocrx_word' id='word_1_277' title='bbox 904 3727 1042 3789; x_wconf 89' lang='lat' dir='ltr'>peccare</span> <span class='ocrx_word' id='word_1_278' title='bbox 1054 3707 1199 3786; x_wconf 89' lang='lat' dir='ltr'>graviter</span> <span class='ocrx_word' id='word_1_279' title='bbox 1211 3703 1258 3768; x_wconf 81' lang='lat' dir='ltr'>rel</span> <span class='ocrx_word' id='word_1_280' title='bbox 1270 3719 1332 3763; x_wconf 91' lang='lat' dir='ltr'>non.</span> 
     </span>
     <span class='ocr_line' id='line_1_35' title="bbox 255 3809 1333 3895; baseline -0.012 -19"><span class='ocrx_word' id='word_1_281' title='bbox 255 3815 361 3895; x_wconf 87' lang='lat' dir='ltr'>Juxta</span> <span class='ocrx_word' id='word_1_282' title='bbox 377 3837 489 3879; x_wconf 89' lang='lat' dir='ltr'>omnes</span> <span class='ocrx_word' id='word_1_283' title='bbox 505 3823 808 3891; x_wconf 88' lang='lat' dir='ltr'>tamen‚excusatur</span> <span class='ocrx_word' id='word_1_284' title='bbox 824 3832 881 3893; x_wconf 88' lang='lat' dir='ltr'>per</span> <span class='ocrx_word' id='word_1_285' title='bbox 897 3811 1050 3873; x_wconf 86' lang='lat' dir='ltr'>accidens</span> <span class='ocrx_word' id='word_1_286' title='bbox 1066 3810 1132 3890; x_wconf 90' lang='lat' dir='ltr'>qui,</span> <span class='ocrx_word' id='word_1_287' title='bbox 1146 3810 1178 3871; x_wconf 93' lang='lat' dir='ltr'>in</span> <span class='ocrx_word' id='word_1_288' title='bbox 1193 3809 1249 3872; x_wconf 88' lang='lat' dir='ltr'>tali</span> <span class='ocrx_word' id='word_1_289' title='bbox 1260 3823 1333 3874; x_wconf 77' lang='lat' dir='ltr'>casu.</span> 
     </span>
     <span class='ocr_line' id='line_1_36' title="bbox 256 3911 1333 3999; baseline -0.007 -23"><span class='ocrx_word' id='word_1_290' title='bbox 256 3914 306 3977; x_wconf 91' lang='lat' dir='ltr'>vel</span> <span class='ocrx_word' id='word_1_291' title='bbox 331 3936 396 3978; x_wconf 92' lang='lat' dir='ltr'>non</span> <span class='ocrx_word' id='word_1_292' title='bbox 422 3919 545 3999; x_wconf 86' lang='lat' dir='ltr'>cogitat</span> <span class='ocrx_word' id='word_1_293' title='bbox 568 3920 610 3980; x_wconf 91' lang='lat' dir='ltr'>de</span> <span class='ocrx_word' id='word_1_294' title='bbox 634 3918 796 3980; x_wconf 88' lang='lat' dir='ltr'>eliciendo</span> <span class='ocrx_word' id='word_1_295' title='bbox 812 3913 922 3978; x_wconf 61' lang='lat' dir='ltr'>abtum</span> <span class='ocrx_word' id='word_1_296' title='bbox 940 3913 1160 3988; x_wconf 90' lang='lat' dir='ltr'>contritionis,</span> <span class='ocrx_word' id='word_1_297' title='bbox 1176 3912 1235 3986; x_wconf 90' lang='lat' dir='ltr'>vel,</span> <span class='ocrx_word' id='word_1_298' title='bbox 1250 3911 1287 3972; x_wconf 90' lang='lat' dir='ltr'>de</span> <span class='ocrx_word' id='word_1_299' title='bbox 1302 3925 1333 3968; x_wconf 87' lang='lat' dir='ltr'>eo</span> 
     </span>
     <span class='ocr_line' id='line_1_37' title="bbox 256 4018 892 4101; baseline 0.002 -23"><span class='ocrx_word' id='word_1_300' title='bbox 256 4018 415 4096; x_wconf 84' lang='lat' dir='ltr'>cogitans,</span> <span class='ocrx_word' id='word_1_301' title='bbox 432 4029 527 4099; x_wconf 90' lang='lat' dir='ltr'>putat</span> <span class='ocrx_word' id='word_1_302' title='bbox 543 4021 606 4083; x_wconf 91' lang='lat' dir='ltr'>sibi</span> <span class='ocrx_word' id='word_1_303' title='bbox 623 4031 752 4101; x_wconf 87' lang='lat' dir='ltr'>tempus</span> <span class='ocrx_word' id='word_1_304' title='bbox 769 4020 892 4081; x_wconf 86' lang='lat' dir='ltr'>deesse.</span> 
     </span>
    </p>
   </div>
   <div class='ocr_carea' id='block_1_6' title="bbox 291 4241 446 4310">
    <p class='ocr_par' dir='ltr' id='par_1_8' title="bbox 291 4241 446 4310">
     <span class='ocr_line' id='line_1_38' title="bbox 291 4241 446 4310; baseline 0.013 -14"><span class='ocrx_word' id='word_1_305' title='bbox 291 4241 298 4264; x_wconf 87' lang='lat'>¹</span> <span class='ocrx_word' id='word_1_306' title='bbox 315 4243 370 4297; x_wconf 76' lang='lat' dir='ltr'>Tir.</span> <span class='ocrx_word' id='word_1_307' title='bbox 388 4243 404 4295; x_wconf 88' lang='lat'>1.</span> <span class='ocrx_word' id='word_1_308' title='bbox 422 4257 446 4310; x_wconf 93' lang='lat'>7.</span> 
     </span>
    </p>
   </div>
   <div class='ocr_carea' id='block_1_7' title="bbox 0 0 1390 4646">
    <p class='ocr_par' dir='ltr' id='par_1_9' title="bbox 0 0 1390 4646">
     <span class='ocr_line' id='line_1_39' title="bbox 0 0 1390 4646; baseline 0 2"><span class='ocrx_word' id='word_1_309' title='bbox 0 0 1390 4646; x_wconf 95' lang='lat' dir='ltr'> </span> 
     </span>
    </p>
   </div>
  </div>
 </body>
</html>
