2770 4652
237 164 303 215 4⁷6
622 164 955 216 PROLEGOMENA.

238 337 343 402 evedti
358 341 469 412 simus,
484 341 587 405 virtus
608 342 815 423 poenitentiae
831 343 864 404 in
880 341 1068 405 christianis
1083 351 1135 404 est
1148 351 1332 422 supernatu-

240 442 329 517 ralis,
344 443 467 525 quippe
482 464 557 526 quae
573 443 773 526 probabilius
789 465 809 507 a
826 444 900 506 Deo
916 444 1109 523 infunditur
1122 465 1196 508 cum
1220 445 1332 507 ceteris

238 544 423 620 virtutibus,
439 567 477 608 ac
493 556 584 609 certo
598 547 662 610 sub
677 546 805 610 influxu
817 547 939 628 gratioe
951 547 1091 610 naualis
1112 557 1282 610 exercetur
1298 555 1332 608 et

241 649 366 712 motivo
380 649 671 729 supernaturaliter
683 651 805 730 cognito
819 649 980 731 dirigitur,
995 647 1151 713 videlicet
1166 659 1331 731 peecatum

240 770 312 812 esse
329 750 403 813 Deo
419 750 621 832 injuriosum,
637 761 735 833 prout
751 753 783 814 in
802 752 972 834 Scriptura
988 753 1159 815 revelatur.

241 852 291 935 (b)
309 854 354 918 Et
374 855 516 930 moralis,
538 875 604 918 non
626 864 739 918 autem
761 855 957 937 theologica,
978 855 1056 937 quia
1079 855 1151 936 ejus
1171 851 1331 936 objectum

242 957 411 1020 materiale
426 978 492 1020 non
509 967 559 1020 est
577 959 669 1021 Deus
685 960 764 1040 Ipse,
779 959 837 1022 sed
861 959 1090 1041 compensatio
1107 979 1168 1040 pro
1184 969 1332 1041 peccato;

242 1081 302 1124 nec
316 1061 388 1141 ejus
403 1059 571 1141 objettum
588 1059 726 1124 formale
741 1072 791 1124 est
807 1062 930 1143 aliquid
943 1062 1104 1136 divinum,
1113 1063 1172 1124 sed
1186 1061 1332 1124 honestas

241 1161 381 1227 actionis
395 1168 462 1245 qua
476 1165 550 1245 quis
565 1173 738 1245 peecatum
754 1185 849 1228 suum
866 1162 1022 1228 retractat
1037 1174 1071 1227 et
1086 1173 1226 1246 reparat

241 1265 289 1347 (c)
316 1266 482 1329 lnclinans
507 1268 549 1330 ad
572 1266 810 1330 detestationem
826 1267 949 1348 peccati
960 1291 972 1330 .·
997 1265 1050 1330 hic
1077 1276 1129 1329 est
1151 1267 1332 1348 'praecipuus

241 1369 447 1450 poenitentiae
469 1371 568 1446 ndns,
583 1389 650 1451 quo
671 1369 825 1432 videlicet
849 1380 1002 1452 peccator
1024 1372 1067 1433 de
1090 1380 1230 1452 peccato
1250 1389 1332 1431 com-

242 1473 343 1535 misso
358 1473 506 1537 dolorem
523 1493 579 1536 seu
597 1473 765 1535 tristitiam
785 1473 940 1555 concipit,
955 1473 1036 1536 illud
1060 1473 1141 1536 odio
1160 1473 1257 1536 habet
1271 1473 1333 1534 sin-

241 1595 379 1657 cereque
402 1576 539 1658 repellit,
560 1578 606 1639 ita
627 1585 663 1637 ut
683 1575 771 1651 velit,
790 1575 823 1638 in
843 1586 1006 1658 quantum
1030 1575 1099 1639 fieri
1121 1578 1239 1659 possit,
1257 1573 1333 1637 illud

242 1696 408 1759 nunquam
426 1678 525 1741 luisse
540 1681 763 1743 commissum.
811 1681 912 1745 Unde
928 1691 1093 1762 quatenus
1109 1681 1235 1762 species
1250 1699 1336 1760 quae-

240 1779 319 1842 dam
335 1780 488 1854 tristitie,
502 1790 553 1844 est
572 1782 603 1844 in
626 1782 873 1864 concupiscibili
896 1784 1048 1866 appetitu
1068 1783 1154 1847 sicut
1178 1783 1210 1845 in
1231 1783 1334 1862 subje-

240 1881 315 1960 t't03
338 1884 395 1946 sed
413 1885 594 1948 secundum
612 1887 701 1966 quod
718 1895 769 1949 est
785 1886 897 1962 virtus,
911 1897 962 1949 est
979 1887 1011 1949 in
1028 1885 1194 1956 voluntate
1207 1886 1289 1948 sicut
1304 1886 1333 1946 in

240 1984 410 2068 subjecto:
436 1988 619 2052 voluntatis
635 1989 724 2051 enim
748 1998 799 2052 est
821 1989 999 2052 admittere
1014 1987 1065 2050 vel
1083 2007 1250 2051 removere
1264 2007 1335 2069 pec-

240 2099 360 2154 catum,
406 2090 458 2172 (S.
479 2091 537 2154 Th.
553 2110 582 2172 q.
602 2092 652 2170 85,
668 2111 695 2153 a.
711 2092 756 2172 4.)

239 2191 292 2272 (d)
309 2191 438 2253 Peccati
448 2192 585 2272 proprii,
602 2211 677 2254 nam
701 2192 734 2253 id
758 2191 865 2254 solum
890 2201 1001 2274 potest
1016 2194 1152 2275 proprie
1173 2190 1333 2258 retradlari

239 2294 328 2375 quod
354 2293 416 2357 suit
445 2295 578 2375 propria
610 2294 780 2357 voluntate
810 2303 987 2376 patratum.
1044 2296 1135 2359 Hinc
1166 2306 1331 2379 peecatum

239 2397 397 2480 originale
418 2398 481 2460 sub
503 2396 564 2460 hae
587 2398 709 2461 virtute
731 2397 863 2480 proprie
886 2418 953 2460 non
976 2398 1075 2475 cadit,
1090 2401 1170 2480 quia
1191 2398 1332 2462 nonfuit

240 2503 352 2561 nostra
367 2499 538 2562 voluntate
555 2495 742 2582 peractum
758 2519 819 2562 nec
831 2509 969 2581 peccata
980 2501 1096 2576 altena,
1107 2512 1243 2584 propter
1251 2520 1330 2564 eam·

240 2602 316 2664 dem
344 2601 529 2678 rationem;
560 2612 697 2683 peccata
721 2622 799 2664 vero
819 2601 964 2683 proprrn,
989 2603 1058 2663 sive
1083 2603 1245 2678 mortalia,
1270 2601 1330 2662 sive

239 2704 390 2778 venialia,
416 2705 485 2766 sive
512 2705 649 2766 remissa
674 2705 743 2766 sive
770 2723 847 2780 non,
870 2714 947 2766 sunt
973 2701 1143 2784 objectum
1171 2702 1329 2768 materiale

240 2807 455 2888 poenitentiae,
467 2817 631 2889 quatenus
647 2827 685 2870 ea
702 2807 868 2870 detestare
884 2817 917 2870 et
933 2807 1100 2870 vindicare
1112 2823 1330 2890 possumusne

239 2911 407 2975 debemus.
437 2911 577 2991 insuper
607 2911 805 2992 poenitentia
835 2911 900 2974 late
928 2919 1065 2990 sumpta,
1088 2920 1254 2992 quatenus
1288 2918 1331 2972 est

239 3017 366 3096 peccati
397 3014 510 3076 odium
542 3022 576 3075 et
605 3011 760 3087 vindi6ta,
785 3022 933 3075 versatur
959 3013 1060 3076 etiam
1088 3015 1175 3077 circa
1205 3023 1331 3096 peccata

240 3116 370 3192 aliena;
400 3136 467 3198 quo
490 3135 586 3178 sensu
616 3115 765 3179 Christus
792 3117 958 3197 poenitens
985 3113 1055 3192 luit,
1078 3127 1245 3197 quatenus
1267 3135 1332 3198 pec·

240 3227 351 3282 catum
365 3219 443 3281 odio
455 3216 572 3281 habuit
584 3229 616 3281 et
627 3238 685 3299 pro
697 3217 753 3281 illo
764 3218 932 3281 satisfecit.
945 3217 996 3298 (S.
1010 3217 1039 3278 T
1036 3217 1066 3281 lc.
1075 3238 1106 3299 q.
1117 3220 1168 3297 84,
1179 3237 1233 3282 a.2
1244 3219 1283 3282 ad
1298 3219 1333 3297 3.)

240 3323 290 3404 (e)
318 3321 491 3404 Quatenus
518 3329 568 3382 est
598 3321 716 3402 offensa
746 3320 833 3384 Dei:
862 3340 902 3383 en
932 3320 1101 3401 proprium
1134 3321 1333 3401 poenitentiae

240 3425 392 3506 obs'ellnrn
399 3422 552 3504 formale,
564 3443 621 3485 seu
638 3423 798 3484 motivum
814 3444 821 3498 ;
841 3432 1014 3504 peccatum
1028 3423 1126 3498 enim,
1137 3432 1237 3503 prout
1252 3443 1334 3486 aver·

241 3529 290 3590 sio
306 3549 325 3589 a
343 3527 424 3602 Deo,
441 3527 470 3588 ei
487 3525 649 3606 displicet,
665 3544 808 3605 eumque
824 3523 973 3598 offendit,
990 3533 1155 3605 quatenus
1171 3525 1275 3588 violat
1288 3525 1334 3605 jus

241 3631 330 3711 quod
351 3628 452 3692 habet
475 3638 511 3690 ut
535 3626 578 3689 sit
600 3625 675 3688 finis
699 3637 811 3688 noster
833 3625 978 3701 ultimus,
995 3626 1202 3707 proindeque
1218 3629 1334 3690 sincere

243 3731 410 3796 retratlari
427 3732 551 3812 nequit,
567 3731 629 3792 nisi
646 3731 829 3793 detestetur
845 3740 1009 3811 quatenus
1025 3739 1075 3791 est
1091 3729 1221 3792 offensa
1239 3731 1307 3794 Dei.

242 3837 289 3916 (f)
308 3837 351 3898 Et
368 3835 409 3898 ad
427 3834 557 3898 firmum
577 3833 809 3895 emendationes
824 3853 862 3894 ac
878 3831 1110 3912 satrsfnlir'onis
1117 3834 1332 3914 proposr'tnrn,·

244 3959 309 4001 non
327 3947 438 4019 potest
453 3939 541 4000 enim
559 3938 632 4018 quis
645 3947 819 4018 peccatum
832 3955 907 3997 vere
920 3933 1085 4010 detestari,
1098 3935 1160 3996 nisi
1174 3955 1194 3996 a
1206 3945 1331 4016 peccato

244 4049 350 4102 cesset
365 4059 553 4119 novamque
573 4040 744 4101 instituere
768 4038 869 4100 vitam
894 4038 955 4099 sibi
981 4046 1167 4118 proponat;
1192 4037 1261 4100 imo
1277 4051 1331 4098 non

245 4139 365 4201 sufficit
388 4140 458 4200 sola
481 4140 621 4200 cessatio
636 4139 781 4214 offensae,
798 4139 854 4201 sed
872 4140 1018 4218 exigitur
1033 4137 1169 4201 ulterius
1186 4141 1330 4220 quaedam

284 4237 436 4312 tissaetio,
451 4243 517 4316 qua
532 4250 764 4320 compensetur
779 4239 905 4303 offensa
922 4242 997 4303 Deo
1013 4242 1164 4321 irrogata.
