2794 4662
4 309 46 322 Q

445 199 501 248 DE
520 197 811 249 uarnmouto.
1109 191 1174 243 6⁴7

5 397 6 402 ¹
120 373 192 463 (A)
220 378 471 442 Matrimonium
496 389 547 441 est
572 377 762 443 contradus
784 379 833 441 sui
859 375 996 460 generis,
1020 373 1175 457 speciales

64 478 285 546 charadteres
313 504 381 565 prae
412 505 448 547 se
478 484 606 561 ferens;
635 483 799 565 siquidem
828 491 899 546 est:
929 480 981 562 (a)
1008 478 1178 554 naturales,

3 615 6 622 ·
64 594 245 666 quatenus
261 587 401 649 naturali
418 586 590 650 hominum
608 586 821 650 inclinatione
837 584 1001 660 fundatur,
1011 593 1044 646 et
1060 583 1102 646 ad
1120 582 1177 644 bo·

3 719 12 756 .·
64 707 158 750 num
178 697 304 751 naturae
320 689 500 765 ordinatur,
516 689 584 752 scil.
601 689 734 753 humani
758 689 887 772 generis
903 687 1177 770 propagationem

64 799 104 852 et
124 790 359 854 educationem
374 814 382 870 ;
404 795 462 856 sed
479 793 551 856 aliis
562 790 787 856 contraflibus
803 791 943 856 multum
957 799 1093 872 praestat
1105 797 1176 850 tum

64 894 156 973 quia
173 914 194 955 a
211 895 285 957 Deo
302 893 363 959 luit
380 895 559 973 institutus,
575 906 646 960 tum
670 897 748 976 quia
770 903 918 958 versatur
939 913 1004 956 non
1025 892 1110 954 cirea
1127 910 1177 952 res

65 997 274 1074 materiales,
289 1000 348 1062 sed
364 999 450 1062 circa
466 1001 554 1082 ipsas
571 1018 727 1082 personas
743 997 985 1071 contrahentes,
997 1013 1177 1074 earumque

17 1141 22 1146 -
63 1098 225 1175 affectus,
237 1110 307 1164 tum
321 1102 398 1183 quia
412 1123 477 1165 non
492 1113 603 1186 potest
614 1102 750 1166 dissolvi
762 1100 1026 1164 contrahentium
1039 1117 1175 1160 consen-

2 1249 3 1254 η
63 1224 107 1266 su
129 1204 189 1266 sed
206 1224 250 1266 ex
267 1210 384 1268 natura
400 1210 459 1269 sua
475 1215 526 1268 est
542 1204 788 1278 indissolubilis,
804 1211 841 1266 ut
858 1201 941 1264 inira
962 1200 1175 1276 ostendetur;

63 1306 124 1388 (b)
141 1328 233 1370 sacer
246 1317 279 1369 et
294 1308 547 1382 sacramentalis,
563 1328 666 1390 quum
688 1305 851 1390 significet
876 1306 1031 1368 unionem
1052 1303 1174 1367 Christi

63 1430 150 1473 cum
178 1410 324 1474 Ecclesia
344 1423 378 1475 et
397 1413 439 1474 ad
461 1412 659 1493 dignitatem
684 1409 881 1474 sacramenti
905 1405 1036 1472 evedlus
1057 1406 1175 1484 luerit3

2 1599 3 1605 ἵ
63 1515 121 1595 (c)
138 1514 371 1590 eccleszarricus,
388 1523 553 1595 quatenus
569 1515 611 1576 ad
629 1513 753 1576 bonurn
773 1513 930 1576 Ecclesiae
946 1512 1125 1584 ordinatur,
1141 1519 1175 1572 et

64 1619 101 1680 in
127 1617 241 1681 multis
265 1617 392 1700 legibus
410 1617 569 1680 Ecclesiae
592 1619 736 1699 regitur;
760 1616 812 1698 (d)
834 1617 948 1690 civilis,
965 1625 1080 1698 utpote
1104 1626 1174 1678 ten·

63 1724 155 1786 dens
172 1723 215 1786 ad
232 1723 356 1786 bonum
374 1722 572 1804 reipublicae,
587 1734 620 1786 et
638 1723 669 1785 in
688 1721 887 1803 quibusdam
909 1719 1098 1782 accessoriis
1115 1738 1174 1799 po-

64 1826 186 1889 testati
202 1826 288 1889 civili
305 1826 480 1888 obnoxius.

111 1987 163 2052 29.
214 1971 279 2061 (B)
300 1975 550 2038 Matrimonium
574 1977 657 2039 inter
673 1977 822 2058 lufideles
839 1995 903 2037 non
921 1984 971 2037 est
987 1993 1172 2036 sacramen·

64 2087 153 2152 tum,
165 2097 266 2158 quum
285 2077 476 2158 Baptismus
492 2077 535 2139 sit
549 2077 651 2156 janua
663 2073 1116 2146 omnium'sacramentorum.
1128 2077 1173 2137 ita

66 2189 107 2242 ut
126 2179 254 2242 nullum
272 2198 291 2242 a
308 2199 374 2241 non
391 2179 569 2260 baptizatis
592 2181 701 2243 valide
724 2181 822 2262 recipi
848 2179 964 2242 valeat.
1011 2177 1171 2241 Attamen

64 2304 185 2347 eorum
202 2285 370 2347 connubia
385 2284 496 2347 valida
512 2294 589 2347 sunt
607 2295 643 2348 ut
659 2283 849 2348 contradlus
866 2283 1045 2346 naturalis:
1070 2283 1173 2345 “Etsi

64 2388 318 2451 matrimonium
335 2409 448 2450 verum
470 2389 553 2451 inter
570 2387 718 2452 infideles
742 2391 876 2464 existat,
892 2408 957 2450 non
983 2397 1095 2451 tamen
1120 2397 1170 2450 est

63 2503 178 2556 ratum
190 2491 214 2566 ”‚
226 2492 273 2554 ait
285 2491 488 2554 Innocentius
503 2492 565 2555 HI
572 2493 608 2570 (l.
621 2493 668 2574 c).
684 2493 841 2556 Hoerctr'ci
855 2503 976 2567 autem,
990 2492 1045 2573 qui
1063 2492 1171 2554 valide

43 2591 47 2598 ’
62 2595 227 2678 baptizati
244 2604 330 2670 sunt,
347 2603 380 2657 et
397 2594 543 2676 legitime
567 2596 775 2670 contrahunt,
792 2605 1035 2658 sacramentum
1054 2595 1168 2657 Matri-

62 2698 169 2763 monii
194 2697 302 2760 valide
326 2698 501 2778 accipiunt,
517 2699 646 2761 etiamsi
672 2701 824 2781 ignorent
848 2700 898 2762 vel
923 2709 1046 2780 negent
1070 2698 1167 2778 hujus

60 2801 264 2864 sacramenti
281 2801 504 2864 existentiam.
544 2803 739 2865 Dummodo
756 2804 844 2865 enim
858 2802 1046 2883 generalem
1061 2802 1166 2864 inten-

60 2905 189 2966 tionem
203 2903 348 2965 nubendi
361 2902 507 2966 habeant
517 2903 615 2984 juxta
629 2906 718 2984 leges
731 2926 750 2967 a
762 2905 893 2969 Christo
907 2906 1167 2977 institutascon-

59 3004 206 3071 tradium
224 3016 295 3069 nati
307 3006 408 3068 ralem
431 3007 636 3069 Matrimonii
650 3008 791 3070 validem
809 3007 996 3084 conficiunt,
1009 3018 1050 3082 et,
1064 3027 1166 3088 quum

60 3110 149 3172 inter
176 3109 363 3192 baptizatos
391 3109 443 3170 hic
471 3130 490 3171 a
517 3121 726 3173 sacramento
754 3111 882 3192 sejungi
912 3121 1063 3193 nequeat,
1090 3132 1165 3174 vere

58 3213 163 3275 etiarn
182 3212 344 3293 recipiunt
360 3221 613 3275 sacramentum.

103 3379 153 3444 3⁰·
203 3361 313 3441 Hujus
330 3361 374 3422 rei
391 3362 564 3424 occasione
580 3361 656 3423 duae
672 3362 873 3443 quaestiones
890 3361 974 3426 inter
990 3361 1162 3446 theologos

59 3466 250 3547 agitantur:
273 3464 323 3546 (a)
340 3464 443 3526 Prior
464 3474 514 3528 est
539 3474 647 3527 utrum
672 3466 919 3528 matrimonium
936 3487 955 3528 a
972 3486 1037 3528 non
1056 3466 1162 3550 bapti-

59 3568 144 3630 zatis
159 3564 368 3630 contrastum
382 3566 440 3629 fiat
451 3579 704 3644 sacramentum,
718 3570 743 3631 si
758 3579 894 3651 uterque
908 3569 1031 3650 conjux
1046 3581 1161 3652 postea

58 3671 249 3752 baptizatus
263 3669 369 3733 luerit.
410 3669 557 3751 Quidam
572 3681 704 3752 negant,
719 3671 803 3734 inter
819 3693 902 3753 quos
925 3672 1075 3753 Vosquea,
1088 3675 1162 3738 Sal-

59 3775 277 3848 manticenses,
303 3772 453 3838 Carridre
466 3785 488 3848 ¹,
511 3784 582 3850 etc,
604 3775 682 3856 quia
705 3794 883 3838 consensus
912 3777 1161 3841 matrimonialis

56 3877 126 3958 jam
139 3877 245 3940 valide
258 3879 364 3952 datus
376 3897 440 3940 non
453 3887 563 3959 potest
576 3878 723 3941 renovari
739 3899 745 3940 ε
763 3897 813 3939 res
823 3879 910 3940 enim
924 3879 1024 3940 semel
1036 3880 1161 3944 donata

59 4001 125 4044 non
143 3991 253 4063 potest
268 3983 311 4044 de
327 4001 414 4042 novo
429 3981 538 4044 valide
554 3983 680 4056 donari,
693 4001 795 4062 quum
810 4001 875 4042 non
890 3981 932 4043 sit
945 3982 1086 4063 amplius
1100 3985 1160 4047 sub

60 4091 225 4163 potestate
247 4083 424 4148 donatoris.
445 4083 512 4147 Alii
537 4095 648 4148 autem
672 4087 880 4147 communius
903 4096 936 4148 et
960 4087 1160 4167 probabilius

96 4325 102 4347 ¹
117 4320 295 4380 Salmantic..
311 4339 334 4376 c.
351 4336 375 4390 3,
389 4339 416 4375 n.
432 4323 477 4387 82;
499 4323 592 4386 Collet,
606 4340 629 4377 c.
648 4325 685 4392 ll,
702 4341 728 4377 n.
743 4324 813 4389 278;
833 4325 970 4390 Camire,
983 4343 1010 4380 n.
1030 4343 1039 4379 r
1045 4337 1086 4397 50.
