<?xml version="1.0" encoding="UTF-8"?>
<!DOCTYPE html PUBLIC "-//W3C//DTD XHTML 1.0 Transitional//EN"
    "http://www.w3.org/TR/xhtml1/DTD/xhtml1-transitional.dtd">
<html xmlns="http://www.w3.org/1999/xhtml" xml:lang="en" lang="en">
 <head>
  <title>
</title>
<meta http-equiv="Content-Type" content="text/html;charset=utf-8" />
  <meta name='ocr-system' content='tesseract 3.04.00' />
  <meta name='ocr-capabilities' content='ocr_page ocr_carea ocr_par ocr_line ocrx_word'/>
</head>
<body>
  <div class='ocr_page' id='page_1' title='image "./synopsistheolog01tanqgoog_0747.png"; bbox 0 0 2808 4664; ppageno 0'>
   <div class='ocr_carea' id='block_1_1' title="bbox 342 147 1161 202">
    <p class='ocr_par' dir='ltr' id='par_1_1' title="bbox 342 147 1161 202">
     <span class='ocr_line' id='line_1_1' title="bbox 342 147 1161 202; baseline -0.005 -2"><span class='ocrx_word' id='word_1_1' title='bbox 342 151 399 200; x_wconf 78' lang='lat' dir='ltr'>DE</span> <span class='ocrx_word' id='word_1_2' title='bbox 417 151 501 202; x_wconf 84' lang='lat' dir='ltr'>DEO</span> <span class='ocrx_word' id='word_1_3' title='bbox 520 148 891 201; x_wconf 78' lang='lat' dir='ltr'>REMUNERATORE.</span> <span class='ocrx_word' id='word_1_4' title='bbox 1105 147 1161 198; x_wconf 81' lang='lat'>7³1</span> 
     </span>
    </p>
   </div>
   <div class='ocr_carea' id='block_1_2' title="bbox 58 328 1166 4132">
    <p class='ocr_par' dir='ltr' id='par_1_2' title="bbox 62 328 1162 499">
     <span class='ocr_line' id='line_1_2' title="bbox 62 328 1162 414; baseline 0.002 -24"><span class='ocrx_word' id='word_1_5' title='bbox 62 339 269 408; x_wconf 89' lang='lat' dir='ltr'>noscuntur;</span> <span class='ocrx_word' id='word_1_6' title='bbox 292 331 380 413; x_wconf 89' lang='lat' dir='ltr'>prius</span> <span class='ocrx_word' id='word_1_7' title='bbox 401 331 622 406; x_wconf 86' lang='lat' dir='ltr'>essentialem,</span> <span class='ocrx_word' id='word_1_8' title='bbox 638 331 800 414; x_wconf 84' lang='lat' dir='ltr'>posterius</span> <span class='ocrx_word' id='word_1_9' title='bbox 821 350 901 394; x_wconf 91' lang='lat' dir='ltr'>vero</span> <span class='ocrx_word' id='word_1_10' title='bbox 923 328 1162 393; x_wconf 90' lang='lat' dir='ltr'>accidentalem</span> 
     </span>
     <span class='ocr_line' id='line_1_3' title="bbox 62 431 713 499; baseline 0.006 -5"><span class='ocrx_word' id='word_1_11' title='bbox 62 431 255 496; x_wconf 73' lang='lat' dir='ltr'>sanctorum</span> <span class='ocrx_word' id='word_1_12' title='bbox 272 434 514 499; x_wconf 84' lang='lat' dir='ltr'>beatitudinem</span> <span class='ocrx_word' id='word_1_13' title='bbox 531 434 713 498; x_wconf 87' lang='lat' dir='ltr'>constituit.</span> 
     </span>
    </p>

    <p class='ocr_par' dir='ltr' id='par_1_3' title="bbox 62 535 1165 1446">
     <span class='ocr_line' id='line_1_4' title="bbox 106 535 1165 619; baseline -0.004 -17"><span class='ocrx_word' id='word_1_14' title='bbox 106 535 156 614; x_wconf 87' lang='grc'>64.</span> <span class='ocrx_word' id='word_1_15' title='bbox 206 536 263 619; x_wconf 86' lang='grc' dir='ltr'>(Α)</span> <span class='ocrx_word' id='word_1_16' title='bbox 279 539 376 602; x_wconf 83' lang='lat' dir='ltr'>Beati</span> <span class='ocrx_word' id='word_1_17' title='bbox 389 539 474 601; x_wconf 88' lang='lat' dir='ltr'>clare</span> <span class='ocrx_word' id='word_1_18' title='bbox 488 549 520 601; x_wconf 84' lang='lat' dir='ltr'>at</span> <span class='ocrx_word' id='word_1_19' title='bbox 534 539 687 601; x_wconf 83' lang='lat' dir='ltr'>intuitive</span> <span class='ocrx_word' id='word_1_20' title='bbox 701 537 814 601; x_wconf 83' lang='lat' dir='ltr'>vident</span> <span class='ocrx_word' id='word_1_21' title='bbox 829 537 950 611; x_wconf 87' lang='lat' dir='ltr'>Deum,</span> <span class='ocrx_word' id='word_1_22' title='bbox 966 537 1034 617; x_wconf 82' lang='lat' dir='ltr'>ejas</span> <span class='ocrx_word' id='word_1_23' title='bbox 1048 535 1165 599; x_wconf 81' lang='lat' dir='ltr'>scilicet</span> 
     </span>
     <span class='ocr_line' id='line_1_5' title="bbox 62 639 1165 728; baseline 0.001 -25"><span class='ocrx_word' id='word_1_24' title='bbox 62 640 248 716; x_wconf 82' lang='lat' dir='ltr'>essentiam,</span> <span class='ocrx_word' id='word_1_25' title='bbox 273 643 432 705; x_wconf 80' lang='lat' dir='ltr'>attributa</span> <span class='ocrx_word' id='word_1_26' title='bbox 455 653 486 706; x_wconf 84' lang='lat' dir='ltr'>et</span> <span class='ocrx_word' id='word_1_27' title='bbox 508 652 572 706; x_wconf 85' lang='lat' dir='ltr'>tres</span> <span class='ocrx_word' id='word_1_28' title='bbox 593 641 725 704; x_wconf 85' lang='lat' dir='ltr'>divinas</span> <span class='ocrx_word' id='word_1_29' title='bbox 740 653 902 723; x_wconf 77' lang='lat' dir='ltr'>personas.</span> <span class='ocrx_word' id='word_1_30' title='bbox 950 641 1002 703; x_wconf 93' lang='lat' dir='ltr'>De</span> <span class='ocrx_word' id='word_1_31' title='bbox 1026 639 1090 728; x_wconf 78' lang='lat' dir='ltr'>fide</span> <span class='ocrx_word' id='word_1_32' title='bbox 1114 651 1165 704; x_wconf 92' lang='lat' dir='ltr'>est</span> 
     </span>
     <span class='ocr_line' id='line_1_6' title="bbox 63 743 1162 827; baseline 0.001 -22"><span class='ocrx_word' id='word_1_33' title='bbox 63 765 107 806; x_wconf 85' lang='lat' dir='ltr'>ex</span> <span class='ocrx_word' id='word_1_34' title='bbox 126 744 311 807; x_wconf 81' lang='lat' dir='ltr'>Florentino</span> <span class='ocrx_word' id='word_1_35' title='bbox 327 767 425 827; x_wconf 90' lang='lat' dir='ltr'>supra</span> <span class='ocrx_word' id='word_1_36' title='bbox 447 748 558 809; x_wconf 92' lang='lat' dir='ltr'>citato.</span> <span class='ocrx_word' id='word_1_37' title='bbox 605 747 757 810; x_wconf 89' lang='lat' dir='ltr'>Christus</span> <span class='ocrx_word' id='word_1_38' title='bbox 773 743 862 818; x_wconf 88' lang='lat' dir='ltr'>enim</span> <span class='ocrx_word' id='word_1_39' title='bbox 878 744 981 805; x_wconf 89' lang='lat' dir='ltr'>vitam</span> <span class='ocrx_word' id='word_1_40' title='bbox 1004 751 1162 806; x_wconf 75' lang='lat' dir='ltr'>aeternam</span> 
     </span>
     <span class='ocr_line' id='line_1_7' title="bbox 63 844 1163 928; baseline 0.003 -22"><span class='ocrx_word' id='word_1_41' title='bbox 63 845 111 907; x_wconf 93' lang='lat' dir='ltr'>sic</span> <span class='ocrx_word' id='word_1_42' title='bbox 127 844 300 909; x_wconf 86' lang='lat' dir='ltr'>definivit1</span> <span class='ocrx_word' id='word_1_43' title='bbox 320 869 327 910; x_wconf 91' lang='lat'><strong>:</strong></span> <span class='ocrx_word' id='word_1_44' title='bbox 350 851 463 912; x_wconf 77' lang='lat' dir='ltr'>“Haec</span> <span class='ocrx_word' id='word_1_45' title='bbox 479 860 529 913; x_wconf 92' lang='lat' dir='ltr'>est</span> <span class='ocrx_word' id='word_1_46' title='bbox 546 851 614 913; x_wconf 89' lang='lat' dir='ltr'>vita</span> <span class='ocrx_word' id='word_1_47' title='bbox 631 859 754 912; x_wconf 67' lang='lat' dir='ltr'>aeterna</span> <span class='ocrx_word' id='word_1_48' title='bbox 779 858 814 910; x_wconf 92' lang='lat' dir='ltr'>ut</span> <span class='ocrx_word' id='word_1_49' title='bbox 837 856 1040 928; x_wconf 86' lang='lat' dir='ltr'>cognoscant</span> <span class='ocrx_word' id='word_1_50' title='bbox 1064 856 1096 908; x_wconf 90' lang='lat' dir='ltr'>te</span> <span class='ocrx_word' id='word_1_51' title='bbox 1112 867 1163 909; x_wconf 92' lang='lat' dir='ltr'>so-</span> 
     </span>
     <span class='ocr_line' id='line_1_8' title="bbox 64 948 1163 1034; baseline 0.002 -25"><span class='ocrx_word' id='word_1_52' title='bbox 64 948 134 1010; x_wconf 92' lang='lat' dir='ltr'>lum</span> <span class='ocrx_word' id='word_1_53' title='bbox 150 948 260 1012; x_wconf 91' lang='lat' dir='ltr'>Deum</span> <span class='ocrx_word' id='word_1_54' title='bbox 274 970 387 1013; x_wconf 90' lang='lat' dir='ltr'>verum</span> <span class='ocrx_word' id='word_1_55' title='bbox 405 963 438 1015; x_wconf 91' lang='lat' dir='ltr'>et</span> <span class='ocrx_word' id='word_1_56' title='bbox 454 973 552 1034; x_wconf 90' lang='lat' dir='ltr'>quem</span> <span class='ocrx_word' id='word_1_57' title='bbox 567 953 683 1016; x_wconf 90' lang='lat' dir='ltr'>misisti</span> <span class='ocrx_word' id='word_1_58' title='bbox 696 952 811 1033; x_wconf 89' lang='lat' dir='ltr'>Jesum</span> <span class='ocrx_word' id='word_1_59' title='bbox 826 949 994 1013; x_wconf 84' lang='lat' dir='ltr'>Christum</span> <span class='ocrx_word' id='word_1_60' title='bbox 1006 949 1030 1011; x_wconf 90' lang='lat'>&#39;&#39;.</span> <span class='ocrx_word' id='word_1_61' title='bbox 1075 949 1163 1013; x_wconf 86' lang='lat' dir='ltr'>Con-</span> 
     </span>
     <span class='ocr_line' id='line_1_9' title="bbox 64 1047 1163 1135; baseline 0.006 -28"><span class='ocrx_word' id='word_1_62' title='bbox 64 1056 134 1110; x_wconf 88' lang='lat' dir='ltr'>stat</span> <span class='ocrx_word' id='word_1_63' title='bbox 157 1047 291 1111; x_wconf 88' lang='lat' dir='ltr'>aliunde</span> <span class='ocrx_word' id='word_1_64' title='bbox 307 1071 350 1112; x_wconf 88' lang='lat' dir='ltr'>ex</span> <span class='ocrx_word' id='word_1_65' title='bbox 367 1049 464 1115; x_wconf 76' lang='lat' dir='ltr'>dietis</span> <span class='ocrx_word' id='word_1_66' title='bbox 488 1053 520 1114; x_wconf 92' lang='lat' dir='ltr'>in</span> <span class='ocrx_word' id='word_1_67' title='bbox 545 1053 744 1135; x_wconf 72' lang='lat' dir='ltr'>praecedenti</span> <span class='ocrx_word' id='word_1_68' title='bbox 768 1054 861 1116; x_wconf 92' lang='lat' dir='ltr'>thesi.</span> <span class='ocrx_word' id='word_1_69' title='bbox 887 1053 1048 1134; x_wconf 83' lang='lat' dir='ltr'>-Insuper</span> <span class='ocrx_word' id='word_1_70' title='bbox 1070 1053 1163 1115; x_wconf 88' lang='lat' dir='ltr'>Beati</span> 
     </span>
     <span class='ocr_line' id='line_1_10' title="bbox 65 1152 1163 1237; baseline 0.005 -25"><span class='ocrx_word' id='word_1_71' title='bbox 65 1153 97 1213; x_wconf 93' lang='lat' dir='ltr'>in</span> <span class='ocrx_word' id='word_1_72' title='bbox 117 1152 226 1232; x_wconf 73' lang='lat' dir='ltr'>patria</span> <span class='ocrx_word' id='word_1_73' title='bbox 241 1153 355 1217; x_wconf 89' lang='lat' dir='ltr'>vident</span> <span class='ocrx_word' id='word_1_74' title='bbox 371 1157 531 1237; x_wconf 90' lang='lat' dir='ltr'>quidquid</span> <span class='ocrx_word' id='word_1_75' title='bbox 549 1157 757 1220; x_wconf 91' lang='lat' dir='ltr'>crediderunt</span> <span class='ocrx_word' id='word_1_76' title='bbox 782 1157 814 1218; x_wconf 95' lang='lat' dir='ltr'>in</span> <span class='ocrx_word' id='word_1_77' title='bbox 831 1157 905 1236; x_wconf 70' lang='lat' dir='ltr'>viir;</span> <span class='ocrx_word' id='word_1_78' title='bbox 928 1157 1019 1237; x_wconf 90' lang='lat' dir='ltr'>atqui</span> <span class='ocrx_word' id='word_1_79' title='bbox 1043 1157 1163 1237; x_wconf 85' lang='lat' dir='ltr'>prima·</span> 
     </span>
     <span class='ocr_line' id='line_1_11' title="bbox 65 1253 1164 1338; baseline 0.007 -23"><span class='ocrx_word' id='word_1_80' title='bbox 65 1255 152 1316; x_wconf 92' lang='lat' dir='ltr'>rium</span> <span class='ocrx_word' id='word_1_81' title='bbox 165 1253 333 1334; x_wconf 70' lang='lat' dir='ltr'>objeetnm</span> <span class='ocrx_word' id='word_1_82' title='bbox 351 1255 426 1320; x_wconf 88' lang='lat' dir='ltr'>fidei</span> <span class='ocrx_word' id='word_1_83' title='bbox 445 1270 566 1322; x_wconf 86' lang='lat' dir='ltr'>nostrae</span> <span class='ocrx_word' id='word_1_84' title='bbox 583 1260 615 1322; x_wconf 92' lang='lat' dir='ltr'>in</span> <span class='ocrx_word' id='word_1_85' title='bbox 634 1265 718 1323; x_wconf 73' lang='lat' dir='ltr'>terra</span> <span class='ocrx_word' id='word_1_86' title='bbox 731 1270 781 1323; x_wconf 90' lang='lat' dir='ltr'>est</span> <span class='ocrx_word' id='word_1_87' title='bbox 796 1262 887 1325; x_wconf 89' lang='lat' dir='ltr'>Deus</span> <span class='ocrx_word' id='word_1_88' title='bbox 903 1281 987 1324; x_wconf 90' lang='lat' dir='ltr'>unus</span> <span class='ocrx_word' id='word_1_89' title='bbox 1001 1271 1033 1324; x_wconf 91' lang='lat' dir='ltr'>et</span> <span class='ocrx_word' id='word_1_90' title='bbox 1050 1261 1164 1338; x_wconf 87' lang='lat' dir='ltr'>trinus,</span> 
     </span>
     <span class='ocr_line' id='line_1_12' title="bbox 64 1357 775 1446; baseline 0.011 -28"><span class='ocrx_word' id='word_1_91' title='bbox 64 1357 185 1420; x_wconf 88' lang='lat' dir='ltr'>sivein</span> <span class='ocrx_word' id='word_1_92' title='bbox 202 1379 246 1435; x_wconf 91' lang='lat' dir='ltr'>se,</span> <span class='ocrx_word' id='word_1_93' title='bbox 262 1360 330 1423; x_wconf 92' lang='lat' dir='ltr'>sive</span> <span class='ocrx_word' id='word_1_94' title='bbox 347 1362 380 1424; x_wconf 92' lang='lat' dir='ltr'>in</span> <span class='ocrx_word' id='word_1_95' title='bbox 397 1363 464 1424; x_wconf 90' lang='lat' dir='ltr'>suis</span> <span class='ocrx_word' id='word_1_96' title='bbox 481 1363 666 1444; x_wconf 88' lang='lat' dir='ltr'>attributis;</span> <span class='ocrx_word' id='word_1_97' title='bbox 690 1384 775 1446; x_wconf 89' lang='lat' dir='ltr'>ergo.</span> 
     </span>
    </p>

    <p class='ocr_par' dir='ltr' id='par_1_4' title="bbox 58 1459 1165 1749">
     <span class='ocr_line' id='line_1_13' title="bbox 91 1459 1165 1547; baseline 0.007 -25"><span class='ocrx_word' id='word_1_98' title='bbox 91 1459 159 1538; x_wconf 70' lang='grc'>’65</span> <span class='ocrx_word' id='word_1_99' title='bbox 209 1459 274 1547; x_wconf 89' lang='grc' dir='ltr'>(Β)</span> <span class='ocrx_word' id='word_1_100' title='bbox 293 1464 391 1527; x_wconf 85' lang='lat' dir='ltr'>Beati</span> <span class='ocrx_word' id='word_1_101' title='bbox 411 1465 533 1541; x_wconf 74' lang='lat' dir='ltr'>veilent,</span> <span class='ocrx_word' id='word_1_102' title='bbox 549 1477 671 1547; x_wconf 76' lang='lat' dir='ltr'>praeter</span> <span class='ocrx_word' id='word_1_103' title='bbox 692 1467 812 1543; x_wconf 86' lang='lat' dir='ltr'>Deum,</span> <span class='ocrx_word' id='word_1_104' title='bbox 836 1467 941 1530; x_wconf 80' lang='lat' dir='ltr'>malla</span> <span class='ocrx_word' id='word_1_105' title='bbox 963 1469 1033 1530; x_wconf 90' lang='lat' dir='ltr'>alia</span> <span class='ocrx_word' id='word_1_106' title='bbox 1055 1478 1086 1531; x_wconf 80' lang='lat' dir='ltr'>ee</span> <span class='ocrx_word' id='word_1_107' title='bbox 1106 1468 1165 1531; x_wconf 80' lang='lat' dir='ltr'>illa</span> 
     </span>
     <span class='ocr_line' id='line_1_14' title="bbox 58 1557 1165 1654; baseline 0.009 -28"><span class='ocrx_word' id='word_1_108' title='bbox 58 1566 244 1646; x_wconf 76' lang='lat' dir='ltr'>prasertim</span> <span class='ocrx_word' id='word_1_109' title='bbox 260 1587 330 1646; x_wconf 83' lang='lat' dir='ltr'>qaoe</span> <span class='ocrx_word' id='word_1_110' title='bbox 344 1567 392 1631; x_wconf 85' lang='lat' dir='ltr'>ad</span> <span class='ocrx_word' id='word_1_111' title='bbox 397 1569 567 1651; x_wconf 82' lang='lat' dir='ltr'>proprima</span> <span class='ocrx_word' id='word_1_112' title='bbox 582 1557 705 1633; x_wconf 80' lang='lat' dir='ltr'>statum</span> <span class='ocrx_word' id='word_1_113' title='bbox 720 1573 874 1653; x_wconf 75' lang='lat' dir='ltr'>spoliant,</span> <span class='ocrx_word' id='word_1_114' title='bbox 885 1573 1067 1653; x_wconf 64' lang='lat' dir='ltr'>praeterita,</span> <span class='ocrx_word' id='word_1_115' title='bbox 1080 1583 1165 1654; x_wconf 70' lang='lat' dir='ltr'>prae-</span> 
     </span>
     <span class='ocr_line' id='line_1_15' title="bbox 60 1668 692 1749; baseline 0.013 -20"><span class='ocrx_word' id='word_1_116' title='bbox 60 1668 169 1731; x_wconf 84' lang='lat' dir='ltr'>sentia</span> <span class='ocrx_word' id='word_1_117' title='bbox 182 1671 349 1749; x_wconf 84' lang='lat' dir='ltr'>etfutura.</span> <span class='ocrx_word' id='word_1_118' title='bbox 397 1672 450 1735; x_wconf 87' lang='lat' dir='ltr'>Ita</span> <span class='ocrx_word' id='word_1_119' title='bbox 466 1674 692 1737; x_wconf 90' lang='lat' dir='ltr'>communiter.</span> 
     </span>
    </p>

    <p class='ocr_par' dir='ltr' id='par_1_5' title="bbox 65 1771 1166 4132">
     <span class='ocr_line' id='line_1_16' title="bbox 112 1771 1164 1858; baseline 0.01 -26"><span class='ocrx_word' id='word_1_120' title='bbox 112 1771 214 1833; x_wconf 89' lang='lat' dir='ltr'>Ratio</span> <span class='ocrx_word' id='word_1_121' title='bbox 237 1773 496 1838; x_wconf 88' lang='lat' dir='ltr'>fundamentalis</span> <span class='ocrx_word' id='word_1_122' title='bbox 512 1785 562 1839; x_wconf 91' lang='lat' dir='ltr'>est</span> <span class='ocrx_word' id='word_1_123' title='bbox 579 1777 656 1858; x_wconf 90' lang='lat' dir='ltr'>quia</span> <span class='ocrx_word' id='word_1_124' title='bbox 678 1776 850 1840; x_wconf 87' lang='lat' dir='ltr'>beatitudo</span> <span class='ocrx_word' id='word_1_125' title='bbox 866 1777 1011 1840; x_wconf 89' lang='lat' dir='ltr'>coelestis</span> <span class='ocrx_word' id='word_1_126' title='bbox 1027 1787 1076 1842; x_wconf 93' lang='lat' dir='ltr'>est</span> <span class='ocrx_word' id='word_1_127' title='bbox 1100 1788 1164 1842; x_wconf 88' lang='lat' dir='ltr'>sta·</span> 
     </span>
     <span class='ocr_line' id='line_1_17' title="bbox 66 1875 1160 1962; baseline 0.005 -26"><span class='ocrx_word' id='word_1_128' title='bbox 66 1885 122 1936; x_wconf 92' lang='lat' dir='ltr'>tus</span> <span class='ocrx_word' id='word_1_129' title='bbox 145 1876 294 1939; x_wconf 91' lang='lat' dir='ltr'>omnium</span> <span class='ocrx_word' id='word_1_130' title='bbox 319 1877 480 1940; x_wconf 92' lang='lat' dir='ltr'>bonorum</span> <span class='ocrx_word' id='word_1_131' title='bbox 505 1879 742 1960; x_wconf 83' lang='lat' dir='ltr'>aggregatione</span> <span class='ocrx_word' id='word_1_132' title='bbox 765 1875 950 1962; x_wconf 67' lang='lat' dir='ltr'>perfeetus3</span> <span class='ocrx_word' id='word_1_133' title='bbox 978 1882 1070 1962; x_wconf 89' lang='lat' dir='ltr'>atqui</span> <span class='ocrx_word' id='word_1_134' title='bbox 1095 1901 1160 1942; x_wconf 91' lang='lat' dir='ltr'>non</span> 
     </span>
     <span class='ocr_line' id='line_1_18' title="bbox 66 1979 1164 2063; baseline 0.005 -23"><span class='ocrx_word' id='word_1_135' title='bbox 66 1998 245 2060; x_wconf 86' lang='lat' dir='ltr'>possumus</span> <span class='ocrx_word' id='word_1_136' title='bbox 268 2001 340 2043; x_wconf 88' lang='lat' dir='ltr'>esse</span> <span class='ocrx_word' id='word_1_137' title='bbox 363 1979 507 2063; x_wconf 65' lang='lat' dir='ltr'>perfedte</span> <span class='ocrx_word' id='word_1_138' title='bbox 529 1981 619 2045; x_wconf 89' lang='lat' dir='ltr'>beati</span> <span class='ocrx_word' id='word_1_139' title='bbox 643 1981 703 2044; x_wconf 92' lang='lat' dir='ltr'>nisi</span> <span class='ocrx_word' id='word_1_140' title='bbox 727 2001 767 2044; x_wconf 91' lang='lat' dir='ltr'>ea</span> <span class='ocrx_word' id='word_1_141' title='bbox 788 1982 901 2045; x_wconf 85' lang='lat' dir='ltr'>omnia</span> <span class='ocrx_word' id='word_1_142' title='bbox 926 2003 1164 2063; x_wconf 87' lang='lat' dir='ltr'>cognoscamus</span> 
     </span>
     <span class='ocr_line' id='line_1_19' title="bbox 66 2082 1165 2166; baseline 0.003 -23"><span class='ocrx_word' id='word_1_143' title='bbox 66 2102 144 2162; x_wconf 81' lang='lat' dir='ltr'>quae</span> <span class='ocrx_word' id='word_1_144' title='bbox 172 2083 215 2145; x_wconf 91' lang='lat' dir='ltr'>ad</span> <span class='ocrx_word' id='word_1_145' title='bbox 243 2091 367 2147; x_wconf 90' lang='lat' dir='ltr'>statum</span> <span class='ocrx_word' id='word_1_146' title='bbox 394 2094 543 2148; x_wconf 92' lang='lat' dir='ltr'>nostrum</span> <span class='ocrx_word' id='word_1_147' title='bbox 568 2082 740 2166; x_wconf 75' lang='lat' dir='ltr'>speuant;</span> <span class='ocrx_word' id='word_1_148' title='bbox 773 2085 884 2148; x_wconf 91' lang='lat' dir='ltr'>Beatis</span> <span class='ocrx_word' id='word_1_149' title='bbox 909 2086 996 2148; x_wconf 90' lang='lat' dir='ltr'>euim</span> <span class='ocrx_word' id='word_1_150' title='bbox 1023 2087 1055 2149; x_wconf 91' lang='lat' dir='ltr'>in</span> <span class='ocrx_word' id='word_1_151' title='bbox 1081 2086 1165 2147; x_wconf 91' lang='lat' dir='ltr'>coelo</span> 
     </span>
     <span class='ocr_line' id='line_1_20' title="bbox 67 2184 1163 2270; baseline 0.005 -24"><span class='ocrx_word' id='word_1_152' title='bbox 67 2185 156 2248; x_wconf 89' lang='lat' dir='ltr'>inest</span> <span class='ocrx_word' id='word_1_153' title='bbox 179 2184 364 2267; x_wconf 85' lang='lat' dir='ltr'>legitimum</span> <span class='ocrx_word' id='word_1_154' title='bbox 381 2188 580 2251; x_wconf 90' lang='lat' dir='ltr'>desiderium</span> <span class='ocrx_word' id='word_1_155' title='bbox 604 2188 825 2269; x_wconf 90' lang='lat' dir='ltr'>cognoscendi</span> <span class='ocrx_word' id='word_1_156' title='bbox 848 2189 1009 2270; x_wconf 90' lang='lat' dir='ltr'>quidquid</span> <span class='ocrx_word' id='word_1_157' title='bbox 1035 2189 1163 2252; x_wconf 92' lang='lat' dir='ltr'>illorum</span> 
     </span>
     <span class='ocr_line' id='line_1_21' title="bbox 67 2291 1163 2372; baseline 0.003 -21"><span class='ocrx_word' id='word_1_158' title='bbox 67 2291 227 2368; x_wconf 88' lang='lat' dir='ltr'>interest;</span> <span class='ocrx_word' id='word_1_159' title='bbox 251 2292 384 2355; x_wconf 89' lang='lat' dir='ltr'>aliunde</span> <span class='ocrx_word' id='word_1_160' title='bbox 401 2294 502 2367; x_wconf 87' lang='lat' dir='ltr'>Beati,</span> <span class='ocrx_word' id='word_1_161' title='bbox 521 2293 630 2356; x_wconf 91' lang='lat' dir='ltr'>Deum</span> <span class='ocrx_word' id='word_1_162' title='bbox 647 2292 799 2366; x_wconf 91' lang='lat' dir='ltr'>videndo,</span> <span class='ocrx_word' id='word_1_163' title='bbox 815 2293 969 2372; x_wconf 84' lang='lat' dir='ltr'>quaedam</span> <span class='ocrx_word' id='word_1_164' title='bbox 986 2292 1103 2356; x_wconf 90' lang='lat' dir='ltr'>saltem</span> <span class='ocrx_word' id='word_1_165' title='bbox 1121 2314 1163 2356; x_wconf 87' lang='lat' dir='ltr'>ex</span> 
     </span>
     <span class='ocr_line' id='line_1_22' title="bbox 67 2394 1164 2474; baseline 0.005 -20"><span class='ocrx_word' id='word_1_166' title='bbox 67 2394 116 2455; x_wconf 90' lang='lat' dir='ltr'>eis</span> <span class='ocrx_word' id='word_1_167' title='bbox 147 2414 223 2474; x_wconf 82' lang='lat' dir='ltr'>quae</span> <span class='ocrx_word' id='word_1_168' title='bbox 254 2395 285 2456; x_wconf 93' lang='lat' dir='ltr'>in</span> <span class='ocrx_word' id='word_1_169' title='bbox 316 2397 389 2459; x_wconf 92' lang='lat' dir='ltr'>Deo</span> <span class='ocrx_word' id='word_1_170' title='bbox 419 2406 497 2459; x_wconf 91' lang='lat' dir='ltr'>sunt</span> <span class='ocrx_word' id='word_1_171' title='bbox 523 2396 666 2470; x_wconf 87' lang='lat' dir='ltr'>videant,</span> <span class='ocrx_word' id='word_1_172' title='bbox 694 2415 827 2457; x_wconf 90' lang='lat' dir='ltr'>necesse</span> <span class='ocrx_word' id='word_1_173' title='bbox 858 2405 915 2457; x_wconf 90' lang='lat' dir='ltr'>est.</span> <span class='ocrx_word' id='word_1_174' title='bbox 975 2397 1023 2461; x_wconf 94' lang='lat' dir='ltr'>Ut</span> <span class='ocrx_word' id='word_1_175' title='bbox 1053 2406 1164 2460; x_wconf 89' lang='lat' dir='ltr'>autern</span> 
     </span>
     <span class='ocr_line' id='line_1_23' title="bbox 67 2497 1165 2581; baseline 0.005 -23"><span class='ocrx_word' id='word_1_176' title='bbox 67 2497 309 2560; x_wconf 87' lang='lat' dir='ltr'>determinetur</span> <span class='ocrx_word' id='word_1_177' title='bbox 325 2500 404 2580; x_wconf 89' lang='lat' dir='ltr'>quid</span> <span class='ocrx_word' id='word_1_178' title='bbox 427 2501 459 2562; x_wconf 92' lang='lat' dir='ltr'>in</span> <span class='ocrx_word' id='word_1_179' title='bbox 482 2499 670 2581; x_wconf 88' lang='lat' dir='ltr'>particulari</span> <span class='ocrx_word' id='word_1_180' title='bbox 687 2497 786 2560; x_wconf 88' lang='lat' dir='ltr'>visuri</span> <span class='ocrx_word' id='word_1_181' title='bbox 802 2498 914 2573; x_wconf 91' lang='lat' dir='ltr'>simus,</span> <span class='ocrx_word' id='word_1_182' title='bbox 930 2500 1100 2563; x_wconf 88' lang='lat' dir='ltr'>sciendum</span> <span class='ocrx_word' id='word_1_183' title='bbox 1115 2511 1165 2563; x_wconf 87' lang='lat' dir='ltr'>est</span> 
     </span>
     <span class='ocr_line' id='line_1_24' title="bbox 68 2600 1165 2683; baseline 0.005 -22"><span class='ocrx_word' id='word_1_184' title='bbox 68 2619 341 2682; x_wconf 90' lang='lat' dir='ltr'>unumquemque</span> <span class='ocrx_word' id='word_1_185' title='bbox 370 2603 509 2665; x_wconf 89' lang='lat' dir='ltr'>Beatum</span> <span class='ocrx_word' id='word_1_186' title='bbox 541 2603 602 2664; x_wconf 88' lang='lat' dir='ltr'>sub</span> <span class='ocrx_word' id='word_1_187' title='bbox 634 2601 753 2682; x_wconf 89' lang='lat' dir='ltr'>triplici</span> <span class='ocrx_word' id='word_1_188' title='bbox 785 2600 934 2683; x_wconf 76' lang='lat' dir='ltr'>respetlu</span> <span class='ocrx_word' id='word_1_189' title='bbox 966 2605 1165 2667; x_wconf 90' lang='lat' dir='ltr'>considerari</span> 
     </span>
     <span class='ocr_line' id='line_1_25' title="bbox 69 2705 1166 2786; baseline 0.005 -22"><span class='ocrx_word' id='word_1_190' title='bbox 69 2723 168 2785; x_wconf 90' lang='lat' dir='ltr'>posse</span> <span class='ocrx_word' id='word_1_191' title='bbox 186 2727 193 2766; x_wconf 96' lang='lat'><strong>:</strong></span> <span class='ocrx_word' id='word_1_192' title='bbox 220 2705 266 2785; x_wconf 86' lang='lat' dir='ltr'>(a)</span> <span class='ocrx_word' id='word_1_193' title='bbox 283 2715 320 2766; x_wconf 84' lang='lat' dir='ltr'>at</span> <span class='ocrx_word' id='word_1_194' title='bbox 334 2715 380 2768; x_wconf 85' lang='lat' dir='ltr'>est</span> <span class='ocrx_word' id='word_1_195' title='bbox 394 2706 535 2768; x_wconf 81' lang='lat' dir='ltr'>eleeutus</span> <span class='ocrx_word' id='word_1_196' title='bbox 550 2705 597 2768; x_wconf 86' lang='lat' dir='ltr'>ad</span> <span class='ocrx_word' id='word_1_197' title='bbox 609 2706 752 2766; x_wconf 83' lang='lat' dir='ltr'>ordinem</span> <span class='ocrx_word' id='word_1_198' title='bbox 764 2707 893 2786; x_wconf 75' lang='lat' dir='ltr'>gratiae,</span> <span class='ocrx_word' id='word_1_199' title='bbox 909 2717 943 2768; x_wconf 91' lang='lat' dir='ltr'>et</span> <span class='ocrx_word' id='word_1_200' title='bbox 963 2728 1006 2768; x_wconf 89' lang='lat' dir='ltr'>ex</span> <span class='ocrx_word' id='word_1_201' title='bbox 1030 2707 1092 2770; x_wconf 90' lang='lat' dir='ltr'>hoc</span> <span class='ocrx_word' id='word_1_202' title='bbox 1113 2729 1166 2770; x_wconf 90' lang='lat' dir='ltr'>ca·</span> 
     </span>
     <span class='ocr_line' id='line_1_26' title="bbox 70 2805 1166 2891; baseline 0.005 -23"><span class='ocrx_word' id='word_1_203' title='bbox 70 2807 149 2888; x_wconf 88' lang='lat' dir='ltr'>pite,</span> <span class='ocrx_word' id='word_1_204' title='bbox 176 2818 354 2889; x_wconf 89' lang='lat' dir='ltr'>cognoscet</span> <span class='ocrx_word' id='word_1_205' title='bbox 386 2811 486 2871; x_wconf 92' lang='lat' dir='ltr'>modo</span> <span class='ocrx_word' id='word_1_206' title='bbox 518 2805 702 2891; x_wconf 69' lang='lat' dir='ltr'>perfectiori</span> <span class='ocrx_word' id='word_1_207' title='bbox 734 2808 891 2889; x_wconf 90' lang='lat' dir='ltr'>mysteria</span> <span class='ocrx_word' id='word_1_208' title='bbox 922 2829 995 2889; x_wconf 84' lang='lat' dir='ltr'>quae</span> <span class='ocrx_word' id='word_1_209' title='bbox 1026 2811 1166 2873; x_wconf 88' lang='lat' dir='ltr'>credidit</span> 
     </span>
     <span class='ocr_line' id='line_1_27' title="bbox 69 2910 1166 2994; baseline 0 -22"><span class='ocrx_word' id='word_1_210' title='bbox 69 2930 169 2992; x_wconf 89' lang='lat' dir='ltr'>super</span> <span class='ocrx_word' id='word_1_211' title='bbox 191 2921 321 2987; x_wconf 87' lang='lat' dir='ltr'>terram,</span> <span class='ocrx_word' id='word_1_212' title='bbox 337 2913 485 2994; x_wconf 88' lang='lat' dir='ltr'>aliosque</span> <span class='ocrx_word' id='word_1_213' title='bbox 508 2914 623 2975; x_wconf 89' lang='lat' dir='ltr'>beatos</span> <span class='ocrx_word' id='word_1_214' title='bbox 647 2923 680 2974; x_wconf 91' lang='lat' dir='ltr'>et</span> <span class='ocrx_word' id='word_1_215' title='bbox 703 2912 861 2987; x_wconf 89' lang='lat' dir='ltr'>concives,</span> <span class='ocrx_word' id='word_1_216' title='bbox 884 2910 1064 2991; x_wconf 77' lang='lat' dir='ltr'>praesertim</span> <span class='ocrx_word' id='word_1_217' title='bbox 1089 2932 1166 2972; x_wconf 87' lang='lat' dir='ltr'>vero</span> 
     </span>
     <span class='ocr_line' id='line_1_28' title="bbox 70 3013 1165 3099; baseline 0 -23"><span class='ocrx_word' id='word_1_218' title='bbox 70 3015 144 3077; x_wconf 93' lang='lat' dir='ltr'>illos</span> <span class='ocrx_word' id='word_1_219' title='bbox 160 3035 243 3096; x_wconf 90' lang='lat' dir='ltr'>quos</span> <span class='ocrx_word' id='word_1_220' title='bbox 259 3019 415 3099; x_wconf 90' lang='lat' dir='ltr'>cognovit</span> <span class='ocrx_word' id='word_1_221' title='bbox 432 3028 464 3081; x_wconf 94' lang='lat' dir='ltr'>et</span> <span class='ocrx_word' id='word_1_222' title='bbox 481 3016 722 3099; x_wconf 86' lang='lat' dir='ltr'>supernaturali</span> <span class='ocrx_word' id='word_1_223' title='bbox 747 3013 866 3078; x_wconf 63' lang='lat' dir='ltr'>affeetu</span> <span class='ocrx_word' id='word_1_224' title='bbox 889 3015 1013 3076; x_wconf 85' lang='lat' dir='ltr'>amavit</span> <span class='ocrx_word' id='word_1_225' title='bbox 1030 3036 1037 3090; x_wconf 89' lang='lat'>;</span> <span class='ocrx_word' id='word_1_226' title='bbox 1066 3014 1113 3094; x_wconf 82' lang='lat' dir='ltr'>(b)</span> <span class='ocrx_word' id='word_1_227' title='bbox 1130 3025 1165 3077; x_wconf 93' lang='lat' dir='ltr'>ut</span> 
     </span>
     <span class='ocr_line' id='line_1_29' title="bbox 70 3118 1165 3202; baseline 0.001 -23"><span class='ocrx_word' id='word_1_228' title='bbox 70 3127 215 3198; x_wconf 82' lang='lat' dir='ltr'>estpars</span> <span class='ocrx_word' id='word_1_229' title='bbox 229 3119 381 3196; x_wconf 80' lang='lat' dir='ltr'>universi,</span> <span class='ocrx_word' id='word_1_230' title='bbox 398 3132 431 3184; x_wconf 92' lang='lat' dir='ltr'>et</span> <span class='ocrx_word' id='word_1_231' title='bbox 451 3141 492 3182; x_wconf 88' lang='lat' dir='ltr'>ex</span> <span class='ocrx_word' id='word_1_232' title='bbox 518 3121 580 3183; x_wconf 91' lang='lat' dir='ltr'>hoc</span> <span class='ocrx_word' id='word_1_233' title='bbox 596 3121 705 3202; x_wconf 88' lang='lat' dir='ltr'>capite</span> <span class='ocrx_word' id='word_1_234' title='bbox 722 3127 901 3200; x_wconf 90' lang='lat' dir='ltr'>cognoscet</span> <span class='ocrx_word' id='word_1_235' title='bbox 917 3118 1030 3179; x_wconf 89' lang='lat' dir='ltr'>omnia</span> <span class='ocrx_word' id='word_1_236' title='bbox 1045 3138 1165 3200; x_wconf 88' lang='lat' dir='ltr'>genera</span> 
     </span>
     <span class='ocr_line' id='line_1_30' title="bbox 70 3221 1166 3304; baseline 0.001 -22"><span class='ocrx_word' id='word_1_237' title='bbox 70 3230 103 3283; x_wconf 90' lang='lat' dir='ltr'>et</span> <span class='ocrx_word' id='word_1_238' title='bbox 120 3221 246 3301; x_wconf 88' lang='lat' dir='ltr'>species</span> <span class='ocrx_word' id='word_1_239' title='bbox 263 3242 379 3294; x_wconf 86' lang='lat' dir='ltr'>rerum,</span> <span class='ocrx_word' id='word_1_240' title='bbox 397 3225 579 3304; x_wconf 66' lang='lat' dir='ltr'>praecipuas</span> <span class='ocrx_word' id='word_1_241' title='bbox 603 3222 745 3285; x_wconf 83' lang='lat' dir='ltr'>universi</span> <span class='ocrx_word' id='word_1_242' title='bbox 770 3231 889 3303; x_wconf 89' lang='lat' dir='ltr'>partes,</span> <span class='ocrx_word' id='word_1_243' title='bbox 905 3221 1017 3283; x_wconf 85' lang='lat' dir='ltr'>stellas</span> <span class='ocrx_word' id='word_1_244' title='bbox 1038 3233 1109 3296; x_wconf 90' lang='lat' dir='ltr'>etc.;</span> <span class='ocrx_word' id='word_1_245' title='bbox 1132 3231 1166 3283; x_wconf 91' lang='lat' dir='ltr'>et</span> 
     </span>
     <span class='ocr_line' id='line_1_31' title="bbox 71 3324 1165 3407; baseline 0.001 -22"><span class='ocrx_word' id='word_1_246' title='bbox 71 3324 125 3386; x_wconf 92' lang='lat' dir='ltr'>ille</span> <span class='ocrx_word' id='word_1_247' title='bbox 141 3324 197 3404; x_wconf 93' lang='lat' dir='ltr'>qui</span> <span class='ocrx_word' id='word_1_248' title='bbox 214 3327 507 3405; x_wconf 85' lang='lat' dir='ltr'>supernaturaliter</span> <span class='ocrx_word' id='word_1_249' title='bbox 523 3345 657 3407; x_wconf 91' lang='lat' dir='ltr'>operam</span> <span class='ocrx_word' id='word_1_250' title='bbox 676 3345 768 3387; x_wconf 90' lang='lat' dir='ltr'>suam</span> <span class='ocrx_word' id='word_1_251' title='bbox 786 3326 914 3387; x_wconf 88' lang='lat' dir='ltr'>dederit</span> <span class='ocrx_word' id='word_1_252' title='bbox 935 3325 1047 3386; x_wconf 89' lang='lat' dir='ltr'>studio</span> <span class='ocrx_word' id='word_1_253' title='bbox 1066 3324 1165 3386; x_wconf 89' lang='lat' dir='ltr'>alicu-</span> 
     </span>
     <span class='ocr_line' id='line_1_32' title="bbox 65 3427 1165 3510; baseline 0 -21"><span class='ocrx_word' id='word_1_254' title='bbox 65 3427 122 3509; x_wconf 92' lang='lat' dir='ltr'>jus</span> <span class='ocrx_word' id='word_1_255' title='bbox 149 3427 304 3503; x_wconf 86' lang='lat' dir='ltr'>scientiae,</span> <span class='ocrx_word' id='word_1_256' title='bbox 330 3427 497 3509; x_wconf 76' lang='lat' dir='ltr'>objellum</span> <span class='ocrx_word' id='word_1_257' title='bbox 528 3429 612 3490; x_wconf 92' lang='lat' dir='ltr'>illius</span> <span class='ocrx_word' id='word_1_258' title='bbox 640 3429 787 3490; x_wconf 79' lang='lat' dir='ltr'>scientia:</span> <span class='ocrx_word' id='word_1_259' title='bbox 816 3427 1017 3510; x_wconf 86' lang='lat' dir='ltr'>probabilius</span> <span class='ocrx_word' id='word_1_260' title='bbox 1049 3428 1165 3489; x_wconf 87' lang='lat' dir='ltr'>melius</span> 
     </span>
     <span class='ocr_line' id='line_1_33' title="bbox 68 3529 1164 3612; baseline -0.004 -19"><span class='ocrx_word' id='word_1_261' title='bbox 68 3539 271 3612; x_wconf 89' lang='lat' dir='ltr'>cognoscet;</span> <span class='ocrx_word' id='word_1_262' title='bbox 295 3531 342 3612; x_wconf 85' lang='lat' dir='ltr'>(c)</span> <span class='ocrx_word' id='word_1_263' title='bbox 355 3542 391 3594; x_wconf 91' lang='lat' dir='ltr'>ut</span> <span class='ocrx_word' id='word_1_264' title='bbox 408 3543 457 3594; x_wconf 90' lang='lat' dir='ltr'>est</span> <span class='ocrx_word' id='word_1_265' title='bbox 472 3531 548 3593; x_wconf 77' lang='lat' dir='ltr'>talis</span> <span class='ocrx_word' id='word_1_266' title='bbox 558 3541 704 3611; x_wconf 77' lang='lat' dir='ltr'>persona,</span> <span class='ocrx_word' id='word_1_267' title='bbox 716 3530 842 3610; x_wconf 74' lang='lat' dir='ltr'>publica</span> <span class='ocrx_word' id='word_1_268' title='bbox 854 3530 905 3591; x_wconf 88' lang='lat' dir='ltr'>vel</span> <span class='ocrx_word' id='word_1_269' title='bbox 916 3529 1060 3610; x_wconf 84' lang='lat' dir='ltr'>privata,</span> <span class='ocrx_word' id='word_1_270' title='bbox 1073 3539 1106 3591; x_wconf 88' lang='lat' dir='ltr'>et</span> <span class='ocrx_word' id='word_1_271' title='bbox 1122 3550 1164 3590; x_wconf 90' lang='lat' dir='ltr'>ex</span> 
     </span>
     <span class='ocr_line' id='line_1_34' title="bbox 68 3633 1164 3715; baseline -0.002 -19"><span class='ocrx_word' id='word_1_272' title='bbox 68 3635 133 3696; x_wconf 82' lang='lat' dir='ltr'>lroc</span> <span class='ocrx_word' id='word_1_273' title='bbox 150 3635 259 3714; x_wconf 88' lang='lat' dir='ltr'>capite</span> <span class='ocrx_word' id='word_1_274' title='bbox 275 3635 400 3698; x_wconf 92' lang='lat' dir='ltr'>videbit</span> <span class='ocrx_word' id='word_1_275' title='bbox 416 3656 454 3698; x_wconf 92' lang='lat' dir='ltr'>ea</span> <span class='ocrx_word' id='word_1_276' title='bbox 470 3636 583 3697; x_wconf 91' lang='lat' dir='ltr'>omnia</span> <span class='ocrx_word' id='word_1_277' title='bbox 598 3655 672 3715; x_wconf 83' lang='lat' dir='ltr'>quae</span> <span class='ocrx_word' id='word_1_278' title='bbox 690 3635 730 3696; x_wconf 90' lang='lat' dir='ltr'>ad</span> <span class='ocrx_word' id='word_1_279' title='bbox 748 3633 819 3714; x_wconf 91' lang='lat' dir='ltr'>ejus</span> <span class='ocrx_word' id='word_1_280' title='bbox 843 3634 1015 3714; x_wconf 91' lang='lat' dir='ltr'>pristinum</span> <span class='ocrx_word' id='word_1_281' title='bbox 1042 3643 1164 3695; x_wconf 91' lang='lat' dir='ltr'>statum</span> 
     </span>
     <span class='ocr_line' id='line_1_35' title="bbox 67 3737 1166 3820; baseline -0.001 -20"><span class='ocrx_word' id='word_1_282' title='bbox 67 3737 304 3820; x_wconf 88' lang='lat' dir='ltr'>pertinebant;</span> <span class='ocrx_word' id='word_1_283' title='bbox 335 3739 381 3800; x_wconf 93' lang='lat' dir='ltr'>sic</span> <span class='ocrx_word' id='word_1_284' title='bbox 406 3738 437 3802; x_wconf 88' lang='lat' dir='ltr'>S.</span> <span class='ocrx_word' id='word_1_285' title='bbox 456 3738 611 3801; x_wconf 81' lang='lat' dir='ltr'>Pontifex</span> <span class='ocrx_word' id='word_1_286' title='bbox 636 3739 762 3801; x_wconf 88' lang='lat' dir='ltr'>videbit</span> <span class='ocrx_word' id='word_1_287' title='bbox 784 3737 969 3818; x_wconf 90' lang='lat' dir='ltr'>specialiter</span> <span class='ocrx_word' id='word_1_288' title='bbox 992 3757 1031 3798; x_wconf 89' lang='lat' dir='ltr'>ea</span> <span class='ocrx_word' id='word_1_289' title='bbox 1053 3737 1166 3799; x_wconf 91' lang='lat' dir='ltr'>omnia</span> 
     </span>
     <span class='ocr_line' id='line_1_36' title="bbox 67 3840 1165 3924; baseline 0.003 -24"><span class='ocrx_word' id='word_1_290' title='bbox 67 3861 146 3922; x_wconf 88' lang='lat' dir='ltr'>quae</span> <span class='ocrx_word' id='word_1_291' title='bbox 163 3840 204 3901; x_wconf 90' lang='lat' dir='ltr'>ad</span> <span class='ocrx_word' id='word_1_292' title='bbox 224 3840 380 3902; x_wconf 77' lang='lat' dir='ltr'>Ecclesiae</span> <span class='ocrx_word' id='word_1_293' title='bbox 397 3841 592 3922; x_wconf 89' lang='lat' dir='ltr'>gubernium</span> <span class='ocrx_word' id='word_1_294' title='bbox 610 3841 771 3923; x_wconf 71' lang='lat' dir='ltr'>spectant,</span> <span class='ocrx_word' id='word_1_295' title='bbox 785 3841 1020 3924; x_wconf 83' lang='lat' dir='ltr'>paterfamilias</span> <span class='ocrx_word' id='word_1_296' title='bbox 1036 3861 1075 3903; x_wconf 90' lang='lat' dir='ltr'>ea</span> <span class='ocrx_word' id='word_1_297' title='bbox 1091 3862 1165 3922; x_wconf 71' lang='lat' dir='ltr'>quae</span> 
     </span>
     <span class='ocr_line' id='line_1_37' title="bbox 66 3943 1166 4027; baseline 0.001 -21"><span class='ocrx_word' id='word_1_298' title='bbox 66 3945 142 4024; x_wconf 88' lang='lat' dir='ltr'>ejus</span> <span class='ocrx_word' id='word_1_299' title='bbox 161 3943 317 4006; x_wconf 87' lang='lat' dir='ltr'>familiam</span> <span class='ocrx_word' id='word_1_300' title='bbox 336 3945 548 4025; x_wconf 69' lang='lat' dir='ltr'>respiciunt...</span> <span class='ocrx_word' id='word_1_301' title='bbox 563 3955 622 4008; x_wconf 87' lang='lat' dir='ltr'>etc.</span> <span class='ocrx_word' id='word_1_302' title='bbox 670 3947 741 4008; x_wconf 90' lang='lat' dir='ltr'>Pari</span> <span class='ocrx_word' id='word_1_303' title='bbox 760 3947 886 4008; x_wconf 86' lang='lat' dir='ltr'>ratione</span> <span class='ocrx_word' id='word_1_304' title='bbox 905 3947 999 4008; x_wconf 88' lang='lat' dir='ltr'>Beati</span> <span class='ocrx_word' id='word_1_305' title='bbox 1015 3967 1092 4008; x_wconf 86' lang='lat' dir='ltr'>suos</span> <span class='ocrx_word' id='word_1_306' title='bbox 1109 3967 1166 4027; x_wconf 91' lang='lat' dir='ltr'>pa-</span> 
     </span>
     <span class='ocr_line' id='line_1_38' title="bbox 66 4047 1166 4132; baseline 0.001 -23"><span class='ocrx_word' id='word_1_307' title='bbox 66 4057 180 4109; x_wconf 90' lang='lat' dir='ltr'>rentes</span> <span class='ocrx_word' id='word_1_308' title='bbox 197 4054 230 4108; x_wconf 92' lang='lat' dir='ltr'>et</span> <span class='ocrx_word' id='word_1_309' title='bbox 246 4047 370 4108; x_wconf 89' lang='lat' dir='ltr'>amicos</span> <span class='ocrx_word' id='word_1_310' title='bbox 387 4047 496 4109; x_wconf 90' lang='lat' dir='ltr'>adhuc</span> <span class='ocrx_word' id='word_1_311' title='bbox 511 4049 668 4128; x_wconf 85' lang='lat' dir='ltr'>degentes</span> <span class='ocrx_word' id='word_1_312' title='bbox 693 4050 725 4111; x_wconf 91' lang='lat' dir='ltr'>in</span> <span class='ocrx_word' id='word_1_313' title='bbox 750 4051 843 4112; x_wconf 89' lang='lat' dir='ltr'>terris</span> <span class='ocrx_word' id='word_1_314' title='bbox 859 4050 982 4125; x_wconf 91' lang='lat' dir='ltr'>vident,</span> <span class='ocrx_word' id='word_1_315' title='bbox 998 4060 1031 4112; x_wconf 91' lang='lat' dir='ltr'>et</span> <span class='ocrx_word' id='word_1_316' title='bbox 1055 4070 1166 4132; x_wconf 90' lang='lat' dir='ltr'>preces</span> 
     </span>
    </p>
   </div>
   <div class='ocr_carea' id='block_1_3' title="bbox 425 4189 1158 4199">
    <p class='ocr_par' dir='ltr' id='par_1_6' title="bbox 425 4189 1158 4199">
     <span class='ocr_line' id='line_1_39' title="bbox 425 4189 1158 4199; baseline 0.007 -4"><span class='ocrx_word' id='word_1_317' title='bbox 425 4190 605 4196; x_wconf 80' lang='lat'>—-——...</span> <span class='ocrx_word' id='word_1_318' title='bbox 807 4189 1158 4199; x_wconf 75' lang='lat'>——-——-—-·—-·-——</span> 
     </span>
    </p>
   </div>
   <div class='ocr_carea' id='block_1_4' title="bbox 104 4267 336 4338">
    <p class='ocr_par' dir='ltr' id='par_1_7' title="bbox 104 4267 336 4338">
     <span class='ocr_line' id='line_1_40' title="bbox 104 4267 336 4338; baseline 0 -15"><span class='ocrx_word' id='word_1_319' title='bbox 104 4267 110 4298; x_wconf 88' lang='lat'>¹</span> <span class='ocrx_word' id='word_1_320' title='bbox 120 4271 190 4338; x_wconf 76' lang='lat' dir='ltr'>Joa.</span> <span class='ocrx_word' id='word_1_321' title='bbox 205 4271 300 4338; x_wconf 77' lang='lat' dir='ltr'>xvir,</span> <span class='ocrx_word' id='word_1_322' title='bbox 314 4284 336 4337; x_wconf 83' lang='lat'>3.</span> 
     </span>
    </p>
   </div>
   <div class='ocr_carea' id='block_1_5' title="bbox 0 0 1414 4664">
    <p class='ocr_par' dir='ltr' id='par_1_8' title="bbox 0 0 1414 4664">
     <span class='ocr_line' id='line_1_41' title="bbox 0 0 1414 4664; baseline 0 0"><span class='ocrx_word' id='word_1_323' title='bbox 0 0 1414 4664; x_wconf 95' lang='lat' dir='ltr'> </span> 
     </span>
    </p>
   </div>
  </div>
 </body>
</html>
