2770 4652
239 146 309 197 448
683 146 824 195 CAPUT
843 149 903 196 111.

242 265 307 272 ,,.,-,
330 263 659 269 —...———....-2—--.--—
709 265 724 268 -
747 264 1174 272 —-—-.—-—-.-.-—-..-—-
1197 267 1255 271 ——

282 323 348 386 180.
395 335 425 380 20
443 325 539 382 Tleesr's
550 345 561 378 .·
582 322 719 386 Omnes
733 330 770 387 et
785 324 852 387 soli
867 325 1090 406 sacerdotes,
1102 327 1170 391 rite
1182 326 1320 406 ordinati,

239 425 326 483 sunt
355 419 495 498 proprie
524 418 702 497 loquendo
732 421 886 485 ministri
916 424 1083 489 sacrificii
1116 425 1247 489 Missae.
1283 424 1322 484 De

231 520 302 602 fide
317 531 417 583 estex
435 522 576 584 Trz'dent.
595 522 676 583 infra
692 524 835 586 citando

286 622 337 684 Illi
361 624 420 685 soli
444 624 569 686 habent
592 635 794 705 potestatem
815 627 1060 690 Eucharistiam
1078 629 1283 689 consecrandi
1297 637 1321 687 et

240 726 435 789 sacrificium
454 728 566 788 Missae
582 727 751 803 offerendi,
767 730 887 810 quibus
911 730 1062 793 Christus
1086 751 1160 792 eam
1183 729 1322 795 contulit:

240 831 331 910 atqui
349 830 427 892 solis
444 831 617 911 Apostolis
634 852 814 913 eorumque
836 834 867 894 in
893 833 1079 894 sacerdotio
1103 833 1322 894 suecessoribus

240 934 325 995 hanc
350 943 549 1013 potestatem
574 935 722 1008 contulit,
740 936 905 997 dicendo:
929 935 1035 996 “Hoc
1058 935 1157 998 facite
1180 936 1210 997 in
1232 955 1320 996 meam

240 1039 590 1100 commemorationem
603 1038 639 1114 ¹';
662 1039 785 1100 etenim
806 1039 853 1118 (a)
875 1059 919 1099 ex
939 1047 1085 1100 contextu
1102 1048 1238 1119 apparet
1251 1037 1321 1098 solos

241 1141 424 1221 Apostolos
441 1141 541 1204 fuisse
557 1153 635 1204 tunc
653 1154 832 1224 praesentes
847 1145 876 1204 in
892 1142 1064 1204 coenaculo
1077 1152 1235 1223 tanquam
1248 1141 1321 1204 Chri-

240 1245 282 1306 sti
306 1245 469 1320 convivas
486 1265 524 1306 ac
541 1245 679 1324 proinde
695 1245 791 1308 valde
809 1244 1025 1326 probabiliter
1044 1245 1133 1325 ipsis,
1151 1243 1321 1307 0110111111-

240 1348 332 1420 tibus,
361 1367 427 1409 non
454 1358 565 1410 autern
592 1349 747 1410 omnibus
775 1348 865 1410 laicis
893 1348 965 1409 haec
993 1349 1093 1410 verba
1119 1348 1218 1409 fuisse
1242 1343 1321 1409 dida,

239 1450 401 1530 (1111111111
426 1461 558 1513 constat
581 1473 624 1514 ex
648 1453 814 1528 Patribus,
838 1454 893 1532 qui
917 1451 1055 1533 praesata
1078 1454 1178 1514 verba
1201 1453 1240 1514 de
1261 1450 1322 1511 solis

242 1554 416 1633 Episcopis
433 1565 466 1616 et
482 1555 708 1616 sacerdotibus
728 1555 925 1634 intelligunt.
973 1555 1026 1616 Ita
1042 1577 1069 1617 v.
1091 1576 1120 1635 g.
1141 1555 1176 1618 S.
1185 1555 1323 1636 surtinus

240 1655 353 1736 (Apol.
380 1657 405 1731 l,
429 1677 457 1717 n.
481 1658 538 1736 65)
562 1658 673 1719 scribit
696 1678 768 1718 eum
790 1658 850 1736 qui
861 1657 1030 1735 fratribus
1047 1667 1166 1736 praeest
1185 1656 1322 1718 Euchari-

240 1759 338 1820 stiam
356 1758 535 1834 conficere;
558 1780 615 1840 per
631 1759 819 1839 hujusmodi
838 1759 936 1821 verba
952 1761 1118 1840 designari
1137 1761 1322 1841 Episcopum

241 1860 290 1922 vel
315 1863 520 1924 sacerdotem
544 1873 636 1944 patet
659 1883 702 1923 ex
726 1883 766 1924 eo
790 1863 877 1943 quod
909 1873 1026 1943 postea
1052 1864 1187 1925 additur
1215 1880 1322 1924 sacrant

241 1967 509 2027 communionem
540 1989 561 2028 a
588 1967 733 2028 diaconis
763 1965 921 2028 distribui.
977 1967 1060 2029 Item
1095 1965 1130 2028 5.
1165 1965 1325 2046 Cyprianus

241 2069 303 2150 (ep.
320 2069 356 2149 4)
372 2072 584 2133 commendat
609 2071 816 2151 presbyteris,
834 2070 889 2150 qui
913 2071 1067 2132 detentos
1083 2081 1239 2151 martyres
1259 2067 1323 2128 inri-

241 2183 326 2245 sunt,
338 2185 373 2236 ut
390 2174 452 2236 hoc
468 2184 563 2236 caute
580 2175 710 2246 faciant,
723 2175 795 2235 “ita
812 2183 848 2235 ut
856 2173 1038 2253 presbyteri
1051 2193 1194 2253 quoque,
1206 2172 1257 2252 qui
1273 2169 1324 2230 illic

242 2277 327 2356 apud
345 2276 548 2338 confessores
564 2277 710 2356 offerunt,
725 2275 845 2356 singuli
870 2295 944 2336 cum
967 2274 1103 2356 singulis
1120 2275 1264 2337 diaconis
1279 2291 1325 2352 per

243 2380 329 2440 vices
346 2378 516 2454 alternent,
533 2401 574 2441 ne
597 2400 641 2440 ex
665 2378 727 2439 1101
751 2379 874 2440 invidia
890 2379 1074 2441 concitetur
1084 2378 1107 2440 ”.
1156 2379 1225 2440 Nec
1246 2376 1325 2438 aliter

245 2481 281 2543 S.
298 2481 500 2560 Epiphanius
523 2482 652 2561 (haeresi
670 2497 720 2559 79,
737 2502 765 2542 n.
782 2483 817 2562 4)
833 2503 839 2544 :
863 2481 1011 2561 “Neque
1035 2481 1184 2543 diaconis
1207 2479 1324 2561 quidem

244 2585 322 2663 ipsis
346 2583 448 2644 ullum
473 2585 505 2644 in
529 2584 750 2646 ecclesiastico
773 2585 888 2646 ordine
912 2594 1158 2647 sacramentum
1182 2581 1324 2645 conficere

243 2686 442 2760 conceditur,
458 2687 515 2748 sed
538 2687 600 2748 ltoc
623 2687 811 2763 dumtaxat,
835 2697 870 2748 ut
894 2707 1007 2748 eorum
1031 2706 1107 2766 quae
1131 2685 1326 2767 perficiuntur

244 2791 384 2854 ministri
401 2791 467 2853 sint
480 2791 503 2852 ’'.
551 2791 606 2852 Ex
628 2791 747 2871 quibus
771 2800 901 2852 constat
925 2811 984 2851 nec
1010 2791 1089 2870 ipsis
1111 2790 1264 2861 diaconis
1278 2787 1325 2847 sed

243 2893 321 2956 solis
335 2893 533 2976 presbyteris
546 2893 759 2954 consecrandi
774 2902 974 2973 potestatem
989 2894 1104 2954 inesse.
1122 2891 1170 2973 (c)
1184 2893 1237 2954 Ex
1241 2887 1328 2970 prarr'

244 2997 397 3068 Ecclesia,
415 3017 490 3058 nam
512 2997 648 3058 historia
665 3007 795 3058 constat
812 2996 1034 3076 presbyteros
1050 3014 1116 3056 non
1134 2996 1204 3056 sine
1219 3012 1326 3072 magno

243 3100 320 3161 vitae
352 3099 504 3179 pericul0,
536 3099 567 3160 in
600 3119 744 3159 carceres
775 3108 975 3178 penetrasse,
1006 3097 1118 3177 ibique
1149 3097 1325 3158 sacrificium

248 3203 359 3264 Missae
385 3200 550 3274 obtulisse,
579 3211 613 3262 ut
640 3211 800 3280 martyres
831 3201 930 3261 sacris
963 3200 1127 3279 mysteriis
1155 3199 1326 3263 reticerent;

245 3307 333 3387 quod
350 3303 483 3384 quidem
502 3322 633 3382 prorsus
649 3302 764 3364 inutile
781 3303 904 3376 suisset,
921 3302 947 3362 si
964 3321 1081 3363 omnes
1105 3303 1206 3364 etiam
1230 3298 1325 3362 fideles

245 3425 435 3470 consecrare
452 3405 652 3484 potuissent;
669 3404 801 3484 insuper
818 3406 849 3465 in
867 3423 936 3465 can.
954 3405 997 3464 18.
1048 3401 1079 3465 C.
1096 3403 1226 3466 Nicoem'
1239 3398 1324 3463 mani-

247 3509 327 3570 feste
358 3507 555 3586 supponitur
585 3507 743 3567 diaconos
776 3507 913 3566 Missam
953 3504 1071 3566 offerre
1111 3525 1177 3566 non
1215 3511 1323 3586 posse¹.

245 3612 296 3691 (d)
310 3610 461 3670 Tandem
473 3629 516 3668 ex
530 3609 742 3670 conciliorum
756 3608 905 3681 decretiS,
917 3607 1100 3688 praesertim
1112 3628 1156 3669 ex
1168 3600 1324 3670 1011111.
1370 3629 1371 3632 ¹

246 3723 278 3774 et
301 3711 389 3772 Trr'd.
401 3733 412 3770 .·
433 3718 448 3740 “
463 3711 497 3773 Si
515 3710 587 3790 quis
603 3709 726 3772 dixerit
742 3711 792 3772 his
807 3710 916 3772 verbis
931 3733 938 3771 :
961 3717 977 3742 “
991 3711 1067 3772 Hoc
1079 3710 1177 3773 facite
1191 3712 1221 3771 in
1235 3722 1322 3770 meant

247 3828 383 3836 —---

281 3883 289 3913 ¹
302 3888 319 3913 ‘⁶
335 3887 462 3940 Pervenit
479 3888 515 3940 ad
534 3887 662 3940 santium
675 3903 864 3958 magnumque
879 3889 1036 3943 Concilium
1049 3891 1124 3960 quod
1138 3890 1166 3942 in
1180 3883 1324 3958 quibusdan

247 3971 315 4024 locis
333 3983 361 4025 et
379 3973 546 4038 civitatibus,
568 3974 738 4042 presbyteris
756 3975 877 4042 gratiam
899 3991 988 4028 sacrae
1010 3975 1216 4030 communionis
1234 3973 1324 4026 11101001

247 4057 407 4124 ”triguum
429 4059 502 4126 quod
523 4075 573 4112 nec
593 4061 696 4127 regula,
710 4078 761 4114 nec
778 4063 953 4116 consuetudo
970 4064 1064 4132 tradit,
1080 4075 1110 4117 ut
1129 4065 1166 4118 ab
1183 4064 1225 4116 his
1237 4059 1279 4132 qui
1291 4073 1324 4124 po.

334 4159 378 4195 em
397 4159 452 4196 non
472 4145 576 4200 habent
595 4147 738 4216 offerendi,
761 4149 798 4202 illi
818 4148 864 4219 qui
884 4150 1012 4219 offerunt,
1032 4167 1133 4220 corpus
1153 4149 1253 4204 Christi
1269 4142 1325 4198 acri·
