2770 4646
265 173 321 230 DE
341 176 732 229 sacnaussuronuu
753 177 902 229 CAUSA.
1067 175 1133 227 205

77 369 129 433 92.
179 352 247 441 (B)
262 356 380 434 Quoad
388 358 606 421 Eucharistioe
616 359 893 440 dispensationem.
933 356 983 438 (a)
997 357 1134 422 Certum

39 465 86 516 est
112 457 206 520 illurn
230 461 286 540 qui
309 465 480 524 consecrat
504 461 748 526 Eucharistiam
777 463 809 524 in
835 461 974 537 mortali,
998 479 1135 542 peccare

39 558 203 636 graviter;
226 563 283 625 sed
301 565 558 642 controvertitur
573 574 683 628 utrum
705 566 849 646 graviter
869 574 984 647 peccet
1005 563 1062 644 qui
1084 581 1134 624 sa-

40 679 126 723 cram
145 666 412 728 communionem
430 667 601 749 dispensat
617 688 674 731 seu
687 667 871 758 distribuit¹
910 667 1045 749 Negant
1061 683 1134 747 prn-

40 761 193 828 babiliter
206 767 299 848 Lago
314 779 347 832 et
367 769 518 850 Vosquca,
535 771 613 851 quia
631 772 663 832 in
680 771 742 834 hac
757 769 889 834 uitione
906 770 1056 834 minister
1068 787 1134 830 non

39 850 106 928 agit
130 849 246 914 stritto
269 874 367 916 sensu
391 857 525 918 nomine
549 857 680 933 Christi,
704 878 812 940 neque
840 853 1136 922 instrumentaliter

40 947 145 1014 aclive
172 956 312 1035 gratiam
340 969 465 1034 causat,
488 960 545 1022 sed
572 961 679 1024 solum
708 963 846 1042 passive,
869 962 1022 1024 iaciendo
1045 958 1134 1040 quod

40 1055 296 1124 instrumentum
328 1063 549 1127 inanimatum
581 1074 737 1147 praestare
772 1074 893 1145 posset.
949 1062 1135 1126 ⁴Affirmant

40 1169 150 1224 autem
174 1162 387 1243 probabilius,
412 1166 447 1230 S.
477 1167 624 1241 Thomas,
649 1166 784 1242 Suarca,
808 1166 842 1229 S.
868 1164 1034 1251 Ligerim,
1057 1163 1135 1244 quia

40 1267 192 1329 sacerdos
208 1267 259 1330 vel
275 1270 436 1332 diaconus
453 1271 644 1333 ministrans
658 1268 902 1332 Eucharistiam
919 1277 969 1331 est
986 1267 1135 1330 minister

41 1384 80 1426 ex
94 1367 213 1446 offici0,
226 1381 260 1433 et
276 1373 430 1452 proxime
442 1372 607 1435 concurrit
620 1371 662 1433 ad
675 1369 971 1436 sanetificationem
985 1389 1133 1432 commu·

41 1473 188 1534 meantis

42 1573 87 1653 lb)
106 1575 215 1652 Unde,
229 1576 328 1658 juxta
346 1579 381 1642 S.
395 1559 577 1658 ligurium,
590 1575 743 1638 sacerdos
758 1575 896 1638 Missam
913 1574 1083 1638 celebrans
1100 1571 1132 1634 in

42 1679 178 1754 mortali,
200 1691 344 1762 quatuor
372 1681 524 1744 mortalia
552 1688 689 1761 peccata
716 1679 905 1754 committit,
929 1701 972 1742 sc.
997 1679 1133 1758 indigne

43 1786 277 1860 consecrando,
315 1785 452 1867 indigne
489 1785 550 1846 sibi
590 1777 817 1846 ministrando
851 1783 1134 1856 communionem,

43 1881 174 1966 indigne
200 1887 717 1968 suscipiendocommunionem,
733 1895 773 1948 ct
799 1886 935 1968 indigne
962 1885 1023 1947 sibi
1050 1883 1134 1948 indi-

44 2004 104 2060 gno
128 1989 354 2054 ministrando
399 1991 436 2054 Si
462 2010 540 2052 vero
565 1989 833 2052 communionem
858 1989 931 2051 aliis
954 1989 1134 2070 dispenset,

44 2093 241 2166 probabilius
258 2114 325 2156 non
341 2095 521 2157 committit
544 2103 593 2156 tot
617 2100 754 2175 peccata
777 2103 859 2171 quot
882 2102 959 2154 sunt
982 2109 1133 2172 personae

45 2197 331 2274 communicantes,
348 2198 426 2279 quia
449 2196 482 2259 in
506 2196 570 2258 hoc
585 2215 669 2258 casu·
680 2195 776 2257 adest
799 2215 864 2258 una
887 2192 975 2257 auto
992 2192 1133 2267 moralis,

45 2314 141 2362 unum
158 2303 355 2365 convivium.
402 2300 574 2374 Attamen,
594 2299 693 2379 juxta
714 2295 877 2384 quosdam
900 2313 1018 2374 graves
1040 2292 1133 2354 theo·

46 2396 140 2480 logos,
164 2403 379 2484 probabiliter
409 2404 477 2466 duo
503 2400 610 2463 solum
638 2409 775 2482 peccata
806 2395 959 2460 mortalia
981 2395 1133 2458 commit-

45 2507 201 2568 tunturin
221 2507 325 2570 Missa
340 2507 508 2586 sacrilega,
520 2524 623 2568 unum
640 2503 874 2576 consecrand0,
887 2500 1027 2564 alterum
1043 2521 1134 2564 corn-

47 2609 249 2686 municand0,
259 2611 338 2692 quia
349 2610 424 2672 duae
441 2618 518 2672 sunt
534 2617 665 2670 tantum
679 2603 826 2668 actiones
840 2604 1134 2669 moraliterdistin·

48 2707 103 2772 itae
115 2725 135 2774 ¹.

47 2811 88 2892 (c)
104 2815 255 2897 Tangere
273 2815 517 2878 Eucharistiam
534 2834 573 2875 ar
586 2812 685 2894 officio
709 2812 741 2874 in
765 2809 905 2886 mortali,
930 2821 980 2874 est
1003 2829 1134 2892 semper

47 2927 211 2990 peecatum
225 2935 335 2998 grave,
345 2916 445 2996 juxta
458 2918 621 2998 quosdam
627 2938 634 2994 ;
655 2916 755 2997 juxta
768 2916 858 2991 alios,
875 2915 958 2992 leve;
981 2924 1023 2988 et,
1033 2914 1134 2997 juxta

48 3021 169 3082 tertiam
182 3021 394 3095 sententiam,
404 3030 455 3082 est
471 3039 580 3100 grave,
593 3021 620 3081 si
634 3017 843 3081 Eucharistia
856 3017 1048 3104 immediate
1060 3027 1133 3079 tan-

48 3132 154 3199 gatur;
178 3123 258 3197 leve,
274 3122 301 3184 si
318 3123 485 3184 mediante
502 3122 576 3184 velo
593 3134 650 3184 aut
672 3121 806 3202 pyxide.
854 3120 979 3182 Pariter
993 3119 1132 3184 dubium

48 3236 89 3286 est
111 3235 220 3288 utrum
244 3225 404 3287 diaconus
419 3224 471 3306 uel
495 3225 728 3297 subdiaconus,
744 3224 893 3286 ordinem
917 3242 1013 3286 suum
1038 3245 1132 3288 exer·

49 3338 148 3390 centes
172 3330 204 3390 in
225 3327 368 3404 mortali,
382 3329 528 3410 graviter
544 3337 690 3412 peccent.
738 3326 809 3390 Illae
825 3348 941 3390 omnes
958 3329 1132 3409 opiniones

49 3443 115 3495 sunt
130 3433 214 3495 serio
232 3432 420 3513 probabiles
436 3453 475 3495 ac
492 3435 630 3515 proinde
654 3433 686 3494 in
712 3432 807 3512 praxi
832 3431 1063 3512 inquirendum
1081 3441 1132 3496 est

50 3536 206 3611 quomodo
223 3536 389 3615 poenitens
406 3556 500 3598 suam
517 3535 740 3599 efformaverit
756 3534 1001 3596 conscientiam.

83 3655 128 3719 93
174 3637 233 3718 (C)
252 3637 370 3715 Quoad
380 3639 622 3703 Pranr'leutiam.
669 3639 735 3721 Qui
759 3636 982 3700 consessiones
1006 3637 1133 3718 excipit

51 3739 75 3802 in
91 3744 227 3816 mortali,
243 3743 301 3804 sed
319 3763 384 3804 non
402 3743 554 3820 absolvit,
570 3743 773 3826 probabilius
796 3749 911 3823 peccat
932 3749 1060 3803 tantum
1077 3762 1131 3804 ve·

50 3845 177 3922 nialiter;
200 3846 257 3928 qui
270 3865 349 3907 vero
361 3845 512 3922 absolvit,
524 3847 726 3928 probabilius
739 3855 791 3908 tot
801 3853 939 3925 peccata
952 3845 1132 3911 committit

51 3957 119 4024 quot
134 3967 293 4029 personas
309 3948 539 4028 absolvit,quia
555 3948 780 4031 unaquaelibet
796 3945 962 4008 absolutio
979 3946 1131 4012 efformat

51 4051 176 4127 speciale
196 4051 380 4129 judicium;
415 4051 564 4140 nonnulli
589 4065 710 4126 tamen,
734 4059 810 4132 post
836 4048 1131 4114 Salmanticenses²

80 4194 146 4263 ¹lta,
167 4196 240 4250 inter
258 4194 338 4262 alios,
357 4195 451 4264 lugo,
468 4195 633 4262 Lehnrkrrllr,
653 4213 678 4248 n.
702 4206 742 4264 35.
759 4189 815 4234 —²
830 4197 874 4249 De
893 4196 1036 4258 Censuris,
1058 4211 1081 4248 c.
1107 4197 1127 4263 1,

52 4289 72 4330 n.
89 4281 138 4335 182.
