2758 4652
259 163 325 218 576
545 165 601 214 DE
620 165 834 214 Exustam
852 163 1079 216 uucrtouts.

303 361 349 410 10.
398 359 433 407 20
479 347 530 408 De
545 347 682 409 materici
697 347 859 428 proximd.
907 341 971 431 (A)
990 347 1138 408 Materia
1146 347 1290 427 proxima
1304 359 1343 408 est

259 449 366 512 rcnllio
381 450 442 511 olei
455 451 495 512 ab
511 450 663 532 Episcopo
678 451 841 513 benedito.
889 450 1020 515 Certum
1036 460 1088 514 est.

303 553 358 615 Ex
376 553 502 616 Rituali
518 563 647 635 septem
664 563 742 616 sunt
757 551 930 616 unetiones
946 552 1117 626 saciendae,
1133 553 1246 615 saltem
1263 573 1344 632 regu-

259 653 377 730 lariter,
393 675 434 716 sc.
451 653 501 735 (a)
524 654 557 716 in
581 653 686 728 oculis
705 673 747 716 sc.
765 653 931 735 palpebris
954 653 1005 715 vel
1027 653 1228 732 superciliis;
1251 655 1300 732 (b)
1320 655 1345 713 in

259 755 401 832 auribus,
418 776 483 819 non
500 757 645 830 interiuS,
661 758 718 818 sed
741 757 773 818 in
796 765 889 839 parte
906 755 1068 832 inferiori;
1093 756 1141 835 (c)
1157 756 1188 816 in
1207 756 1347 822 iraridm·

261 859 314 942 (d)
330 861 362 921 in
379 880 439 936 ore,
454 861 652 941 compressis
672 859 788 938 labiis;
815 859 841 921 si
863 878 900 921 os
921 859 1073 921 concludi
1094 869 1245 940 nequeat,
1259 879 1348 920 unum

259 983 277 1025 e
294 963 390 1024 labiis
405 983 529 1042 ungere
545 961 685 1042 sufficit3
708 963 758 1042 (e)
775 962 807 1023 in
825 961 983 1036 munibus,
994 971 1092 1023 extra
1108 981 1168 1042 pro
1184 963 1349 1030 sacerdote,
1368 987 1369 1046 3

259 1067 376 1147 (quum
404 1065 474 1146 jam
507 1065 642 1128 interius
672 1076 873 1128 consecratae
902 1064 1033 1143 luerint)
1066 1065 1153 1125 intra
1184 1083 1245 1144 pro
1272 1065 1349 1131 aliis:

259 1171 290 1249 (i
293 1171 304 1250 )
321 1169 507 1250 inpartibus,
524 1170 556 1231 in
573 1170 706 1250 plantis,
719 1179 777 1232 aut
792 1189 892 1251 supra
908 1169 1019 1250 pedes,
1035 1177 1134 1250 prout
1150 1166 1214 1230 sert
1230 1186 1347 1228 consue·

259 1273 362 1348 tud0;
386 1273 439 1352 (g)
456 1273 488 1334 in
506 1271 656 1346 rent'bus,·
680 1293 755 1353 quae
771 1272 889 1334 ultima
905 1270 1018 1335 undtio
1036 1291 1168 1353 semper
1185 1272 1218 1332 in
1235 1271 1348 1332 seminis

259 1377 434 1449 omittitur,
455 1388 489 1439 et
512 1376 693 1456 aliquando
714 1377 746 1436 in
770 1376 860 1451 viriS,
881 1376 1016 1456 quando
1039 1375 1219 1436 commode
1243 1373 1348 1436 moveri

260 1497 326 1540 non
344 1488 491 1560 possunt.
538 1477 574 1540 Si
598 1478 731 1558 aliquod
754 1497 915 1559 organum
933 1497 1089 1540 sensuum
1106 1477 1205 1549 desit,
1223 1491 1348 1556 ungatur

261 1601 336 1662 pars
353 1581 498 1642 vicinior.

305 1697 350 1745 11.
399 1678 465 1764 (B)
486 1681 540 1743 Ab
556 1683 711 1744 omnibus
728 1683 914 1745 admittitur
935 1683 1018 1746 duas
1037 1682 1173 1746 ultimas
1189 1680 1347 1746 unctiones

261 1786 294 1848 in
311 1785 451 1866 pedibus
467 1796 500 1849 et
516 1787 548 1847 in
565 1787 698 1848 renibus
711 1806 775 1848 non
788 1806 860 1848 esse
873 1787 1073 1849 necessarias
1085 1788 1128 1848 ad
1141 1787 1349 1860 validitatem
1368 1775 1369 1780 ¹

260 1889 319 1952 sed
335 1889 590 1952 controvertitur
606 1899 714 1951 utrum
732 1891 773 1952 ad
791 1890 997 1952 validitatem
1014 1890 1224 1970 requirantur
1240 1886 1350 1952 unctio

261 2011 319 2054 nes
346 1990 492 2071 quinque
517 2010 683 2064 sensuum,
708 2001 766 2054 aut
790 1991 931 2054 sufficiat
959 1993 1055 2054 unica
1081 1989 1204 2054 unetio
1254 1991 1350 2052 Hodie

261 2093 463 2174 probabilior
478 2095 609 2155 videtur
624 2095 738 2174 opinio
753 2115 902 2156 asserens
923 2096 1054 2157 unicam
1071 2093 1222 2156 sufficere
1238 2091 1350 2156 unftio

261 2217 336 2260 nem
353 2219 359 2272 ;
386 2199 436 2278 (a)
452 2199 529 2278 quia
547 2197 663 2278 Script.
680 2198 873 2280 simpliciter
888 2200 969 2262 dicit
985 2205 1181 2278 “ungentes
1203 2219 1278 2261 eum
1290 2201 1311 2272 ⁵³,
1324 2213 1349 2258 et

265 2301 355 2362 Tn'd.
373 2303 415 2362 de
435 2305 500 2362 una
522 2310 653 2362 tantum
676 2300 832 2364 unitione
852 2301 1016 2383 loquitur;
1043 2299 1094 2383 (b)
1115 2303 1252 2381 insuper
1267 2301 1368 2362 llisto-¹

263 2405 325 2465 rice
338 2414 470 2467 constat
488 2404 589 2466 modo
601 2404 711 2478 unam,
723 2407 823 2468 modo
838 2407 906 2467 duo
922 2405 972 2467 vel
990 2417 1056 2467 tres
1072 2403 1248 2468 unitiones
1264 2406 1348 2468 luisse

262 2506 428 2568 adhibitas
445 2507 476 2568 in
496 2506 645 2568 Ecclesia
662 2519 732 2568 turn
751 2507 875 2584 Graeca,
886 2519 956 2570 tum
973 2507 1138 2586 Latina¹;
1164 2510 1211 2590 (c)
1228 2511 1346 2572 tandem

261 2610 415 2690 quaedam
440 2610 576 2672 ritualia
602 2611 819 2689 praescribunt
842 2613 974 2673 unicam
998 2609 1189 2674 unitionem
1214 2623 1348 2693 ternpore

236 2705 239 2711 ¹
263 2716 364 2796 pestis
386 2714 567 2777 faciendam
589 2736 669 2778 esse.
716 2715 876 2778 Attamen
900 2717 932 2778 in
946 2715 1057 2798 praxi,
1073 2714 1204 2776 secluso
1225 2717 1367 2796 necessi-t

262 2819 339 2879 tatis
356 2838 444 2892 casu,
459 2818 605 2898 quinque
628 2812 800 2878 undliones
823 2835 993 2897 nunquam
1014 2815 1213 2876 omittendae
1230 2827 1311 2886 sunt,
1323 2830 1345 2873 e:
1366 2797 1367 2822 l

261 2922 395 3002 quidem
412 2920 474 2982 sub
489 2921 590 2999 gravi,
606 2939 680 2981 cum
702 2919 803 2981 tutior
822 2940 897 2999 pars
918 2917 1087 2998 sequenda
1107 2917 1160 2992 sit,
1177 2918 1234 2980 ubi
1255 2920 1345 2999 agitur

261 3025 303 3086 de
323 3023 494 3086 validitate
513 3035 804 3084 sacramentorum.
856 3023 894 3084 ln
916 3043 993 3086 casu
1015 3033 1127 3084 autem
1148 3023 1345 3084 necessitatis,

261 3131 287 3190 si
319 3129 474 3190 timeatur
500 3139 662 3207 aegrotum
690 3129 884 3189 moriturum
912 3147 984 3188 esse
1010 3137 1192 3206 antequam
1220 3127 1345 3206 quinque

262 3229 434 3294 unitiones
450 3229 668 3311 perficiantur,
684 3231 781 3291 unica
802 3229 915 3292 unitio
935 3230 992 3292 fiat
1014 3231 1046 3291 in
1067 3231 1189 3309 capite,
1205 3231 1265 3292 sub
1285 3249 1345 3290 con·

261 3337 396 3408 ditione,
411 3334 553 3396 dicendo
568 3335 656 3394 “Per
675 3333 772 3394 istam
793 3333 826 3396 S.
842 3331 1031 3395 unitionem
1043 3383 1050 3393 .
1061 3381 1085 3394 ..
1108 3333 1281 3413 indulgeat
1300 3333 1344 3394 nb:

263 3441 429 3502 Dominus
448 3439 607 3519 quidquid
629 3438 796 3518 deliquisti
819 3459 877 3519 per
900 3458 1024 3512 sensus
1046 3437 1163 3508 visum,
1185 3438 1326 3500 auditum
1336 3438 1345 3450 “’

262 3557 341 3606 ete:
366 3545 468 3606 tutius
484 3555 533 3604 est
550 3543 638 3603 enim
655 3562 849 3604 enumerare
865 3541 1013 3624 singulos
1034 3560 1159 3602 sensus,
1209 3541 1245 3604 Si
1262 3563 1344 3623 egro

262 3661 316 3712 tus
336 3649 565 3730 supervixerit,
586 3647 648 3709 sub
669 3648 860 3709 conditione
880 3647 1070 3726 repetendae
1089 3655 1169 3706 sunt
1191 3643 1343 3707 unctione

264 3755 295 3814 in
312 3754 450 3832 singulis
466 3753 624 3814 sensibus

298 3931 304 3962 ¹
321 3928 406 3980 Unde
420 3928 583 3980 Benedictus
596 3928 739 3991 XIl'tDe
753 3927 875 3994 Synodo,
889 3927 906 3978 l.
919 3924 1003 3990 l'lll‚
1017 3942 1039 3978 e
1054 3939 1079 3992 3,
1093 3941 1118 3976 n.
1137 3924 1165 3988 2)
1179 3925 1222 3978 ait
1237 3945 1244 3978 ι
1264 3934 1278 3952 ··
1290 3928 1342 3977 liu:

263 4013 386 4080 opinioni
401 4013 602 4066 validissimum
617 4014 827 4066 tundamentum
848 4013 954 4080 prebet
967 4012 1079 4065 diversa
1093 4011 1122 4062 in
1135 4010 1300 4066 unctionum
1311 4029 1342 4064 ne·

263 4115 340 4150 mero
353 4098 509 4165 disciplina,
525 4117 609 4166 quam
624 4101 651 4150 in
665 4101 783 4152 diversis
797 4100 932 4152 Ecclesiis
946 4101 995 4151 suri
1011 4111 1095 4151 aetate
1107 4097 1236 4165 riguisse
1248 4101 1342 4153 affimat

265 4185 395 4235 :ilbertus
411 4183 562 4250 Magnus
595 4186 637 4238 Cl.
651 4187 790 4248 llurteue,
803 4204 846 4255 op.
858 4187 902 4239 cit.
915 4188 931 4238 l.
947 4187 968 4252 l,
981 4202 1004 4238 e.
1017 4200 1041 4250 7,
1054 4203 1080 4238 a.
1092 4200 1125 4254 33
1138 4181 1342 4242 etulerint-tu-

268 4271 356 4325 nn‘m'.
374 4285 410 4332 ta.
