2770 4652
268 157 336 209 496
470 156 527 206 DE
545 156 839 206 emmenum
857 155 1158 207 SACRAHENTO.

269 346 434 416 quatenus
456 337 567 418 gravis
588 339 684 400 adest
707 335 869 417 obligatio
892 337 972 398 illud
995 335 1193 417 suscipiendi
1212 355 1272 416 pro
1293 354 1353 396 om·

270 438 367 501 nibus
391 440 447 519 qui
472 449 647 520 peccatum
680 439 822 501 mortale
853 450 930 520 post
953 439 1162 520 Baptismum
1193 438 1352 499 commise·

269 551 353 604 runt
370 578 377 608 ·.
403 541 519 604 Votum
532 552 643 603 autem
657 541 850 620 implicitum
861 541 942 605 illud
960 540 1352 623 recipiendinecessarium

269 654 319 706 est
335 645 533 706 necessitate
557 644 664 718 medii,
687 663 790 724 quum
815 645 980 719 contriti0,
995 664 1040 706 ex
1062 643 1249 704 Tridentino
1267 661 1354 722 supra

268 747 382 822 citato,
398 767 464 809 non
482 748 588 828 possit
601 747 784 828 justificare
800 748 871 808 sine
886 747 1084 809 sacramenti
1106 755 1187 807 voto
1194 767 1203 824 ;
1227 745 1282 806 sed
1298 744 1353 806 tale

269 860 384 912 votum
393 850 425 913 in
437 848 514 914 adiu
525 850 736 912 contritionis
747 869 878 931 semper
888 848 1085 924 includitur;
1111 843 1164 932 (c)
1176 847 1218 909 ad
1233 844 1352 908 abluen-

268 953 313 1013 da
334 962 472 1034 peccata
488 952 642 1014 mortalia
651 1001 686 1026 ...,
701 962 838 1032 peccata
853 952 942 1013 enim
958 948 1110 1024 venialia,
1130 959 1167 1011 ut
1183 947 1264 1010 insra
1278 949 1351 1010 dice-

268 1065 331 1128 tur,
347 1075 412 1117 non
430 1066 508 1117 sunt
525 1055 710 1117 necessaria
725 1053 824 1134 hujus
840 1053 1039 1115 sacramenti
1056 1052 1205 1127 materia,
1226 1052 1282 1113 sed
1300 1051 1352 1111 alio

269 1157 370 1218 modo
379 1158 503 1219 remitti
515 1166 670 1238 possunt;
693 1157 828 1236 insuper
840 1165 977 1237 peccata
988 1153 1142 1216 mortalia
1157 1163 1237 1216 ante
1246 1153 1352 1233 Raptis

269 1279 360 1322 mum
377 1261 556 1322 commissa
572 1279 630 1340 per
650 1267 896 1321 sacramentum
920 1257 1181 1338 regenerationis
1201 1256 1351 1319 tolluntur.

269 1380 330 1423 nec
346 1371 424 1423 sunt
436 1361 575 1442 proinde
591 1380 650 1441 per
667 1361 903 1422 Poenitentiam
920 1358 1097 1421 abluenda

311 1463 360 1525 2&
409 1475 444 1524 20
470 1463 640 1526 Probatur
661 1459 722 1546 (A)
750 1462 878 1544 Script,
901 1482 945 1524 ex
969 1471 1066 1524 textu
1091 1460 1124 1524 S.
1140 1461 1278 1542 Joannis
1299 1461 1351 1540 jan

270 1565 372 1626 citato
390 1589 396 1626 :
428 1561 479 1648 (a)
497 1585 541 1626 ex
557 1566 666 1627 verbis
684 1589 691 1628 :
714 1565 890 1642 “Quorum
906 1563 1099 1628 remiseritis
1107 1573 1248 1644 peccata,
1264 1565 1352 1625 remit·

269 1675 387 1728 turtur
400 1667 447 1728 eis
457 1665 480 1728 ''.
529 1667 592 1728 His
608 1668 697 1729 enim
711 1667 820 1729 verbis
834 1666 1002 1729 Dominus
1018 1667 1050 1727 in
1071 1666 1227 1728 Ecclesia
1242 1671 1297 1728 sua
1310 1667 1352 1728 tri·

270 1768 370 1830 bunal
387 1769 560 1830 constituit
572 1770 614 1831 ad
632 1770 857 1832 remissionem
870 1779 1083 1851 peccatorum
1091 1791 1100 1846 ;
1124 1788 1226 1858 porro
1239 1769 1352 1850 quando

270 1870 422 1952 princeps
446 1870 589 1932 tribunal
606 1873 724 1934 statuit
748 1873 779 1934 in
804 1892 908 1952 regno
926 1892 987 1935 suo
1006 1872 1047 1934 ad
1069 1890 1245 1934 causarum
1261 1872 1352 1953 cogni·

269 1971 405 2046 tionem,
421 1974 501 2034 satis
517 1972 603 2035 clare
620 1973 810 2036 manifestat
825 1974 911 2036 hanc
926 1994 998 2036 esse
1013 1975 1101 2036 viam
1116 1973 1191 2053 jure
1206 1973 1351 2036 communi

270 2076 484 2136 necessariam
497 2076 538 2137 ad
565 2076 639 2138 lites
660 2078 914 2139 terminandas:
937 2097 1032 2139 secus
1053 2077 1143 2139 enim
1166 2078 1275 2138 minus
1290 2076 1353 2138 utile

269 2183 357 2234 esset
373 2173 517 2236 tribunal
534 2174 867 2256 hujusmodi—Quae
882 2194 963 2237 sane
979 2173 1149 2237 conclusio
1167 2173 1310 2237 firmatur
1321 2193 1352 2234 ex

271 2274 344 2337 loco
365 2275 534 2356 parallelo,
550 2276 604 2338 ubi
627 2277 670 2338 de
693 2286 860 2358 potestate
884 2277 1027 2339 clavium
1049 2276 1167 2357 agitur.
1221 2277 1353 2340 potesta

271 2379 360 2439 enim
377 2388 514 2458 peccata
531 2379 722 2441 remittendi
738 2389 789 2441 est
805 2388 936 2441 tantum
951 2399 1017 2442 una
1032 2378 1186 2460 specialis
1201 2379 1353 2442 attributio

271 2501 327 2542 seu
345 2482 536 2542 exercitium
554 2482 697 2562 speciale
716 2483 893 2563 potestatis
909 2483 1070 2557 clavium;
1096 2503 1182 2558 nam,
1194 2484 1303 2564 utjam
1317 2481 1352 2542 di·

214 2643 217 2650 ,
271 2579 361 2643 ctum
381 2591 432 2643 est
455 2583 511 2644 ubi
534 2583 576 2644 de
600 2585 781 2646 existentia
805 2586 1004 2648 sacramenti
1023 2585 1244 2662 Poenitentiae,
1259 2594 1352 2648 textus

272 2684 357 2747 circa
375 2694 574 2766 potestatem
592 2687 734 2749 clavium
752 2697 829 2750 sunt
842 2689 980 2750 omnino
996 2687 1168 2768 generales
1185 2688 1218 2750 in
1234 2691 1290 2750 sua
1308 2707 1351 2748 ex·
1370 2703 1371 2756 r

273 2787 423 2850 tensione
438 2789 704 2869 “quodcumque
722 2790 875 2870 ligaveris
925 2791 1162 2870 quodcumque
1173 2789 1324 2852 solveris'’

272 2895 517 2971 “quaecumque
541 2891 761 2970 ligaveritis
784 2911 1005 2972 quaecumque
1031 2891 1197 2954 solveritis
1209 2891 1232 2955 '’.
1278 2893 1349 2954 ldeo

272 3011 337 3073 que
353 2991 415 3054 sub
439 2977 581 3055 clavium
602 3003 805 3074 potestatem
823 3004 993 3076 ponuntur
1013 2995 1172 3075 quaelibet
1192 2991 1349 3078 spiritualia

272 3093 403 3155 vincula
419 3104 452 3155 et
469 3096 609 3176 proinde
624 3107 762 3176 peccata
779 3117 839 3179 pro
861 3117 1002 3178 quorum
1019 3099 1213 3160 remissione
1228 3105 1349 3178 potestas

273 3197 372 3257 datur
390 3195 563 3276 Apostolis
580 3217 761 3278 eorumque
778 3199 1032 3275 successoribus
1048 3219 1093 3260 ex
1110 3209 1208 3261 textu
1225 3199 1257 3263 S.
1271 3199 1347 3279 Joan·
1368 3259 1369 3270 2

274 3300 332 3361 nis
380 3298 531 3361 Potestas
549 3301 648 3380 igitur
661 3313 798 3381 peccata
815 3303 1005 3364 remittendi
1022 3303 1175 3364 eamdem
1192 3304 1257 3364 vim
1272 3299 1348 3363 habet

273 3425 311 3465 ac
337 3413 486 3485 potestas
509 3403 659 3466 clavium.
707 3405 809 3466 Porro
842 3413 992 3484 potestas
1015 3403 1157 3466 clavium
1181 3405 1247 3466 vim
1272 3401 1347 3464 habet

274 3507 445 3588 obligandi
462 3517 498 3569 ut
515 3505 638 3583 fideles,
655 3508 687 3568 in
705 3517 879 3588 peccatum
905 3506 1045 3569 mortale
1065 3516 1142 3588 post
1166 3505 1346 3587 Baptismun

274 3609 367 3690 lapsi,
384 3608 426 3670 ad
451 3607 542 3670 illam
566 3621 735 3672 recurrant
761 3631 821 3691 pro
844 3610 1031 3672 istiusmodi
1054 3609 1176 3671 vinculi
1196 3608 1347 3679 solutione,

274 3712 464 3773 sicutenim
483 3730 582 3773 nemo
599 3711 630 3773 in
648 3714 797 3787 domum,
810 3732 885 3793 quae
904 3713 1017 3774 clausa
1036 3721 1095 3785 est,
1111 3710 1239 3792 ingredi
1254 3719 1346 3792 potest.

276 3813 337 3874 nisi
359 3813 415 3894 qui
439 3814 566 3875 clavem
593 3811 696 3875 habet
718 3812 841 3874 ostium
866 3812 1002 3892 aperiat,
1016 3812 1061 3872 ita
1082 3829 1191 3884 nemo,
1206 3810 1256 3872 cui
1276 3817 1346 3890 porta

276 3915 350 3975 coeli
373 3935 431 3993 per
451 3927 625 3995 peccatum
644 3914 784 3977 mortale
800 3914 913 3976 clausa
929 3924 988 3988 est,
1004 3932 1142 3993 regnum
1162 3912 1225 3974 Dei
1247 3907 1344 3993 ingredi

277 4024 397 4094 potest,
407 4017 469 4077 nisi
482 4027 579 4095 porta
590 4017 633 4078 ab
644 4037 685 4078 eo
697 4017 748 4079 cui
760 4016 911 4079 Christus
924 4017 1033 4078 claves
1046 4015 1183 4078 tradidit
1196 4015 1344 4098 aperiatur,
1365 4021 1366 4086 l

277 4135 371 4176 secus
389 4127 537 4196 potestas
554 4119 697 4181 clavium
715 4118 862 4180 illusoria
878 4130 964 4181 esset
984 4143 990 4181 :
1025 4119 1103 4200 quid
1129 4119 1218 4181 enim
1240 4117 1344 4200 prodest
1365 4109 1366 4122 ,

279 4217 388 4278 claves
404 4217 535 4292 habere,
551 4221 577 4280 si
594 4221 720 4300 absque
736 4222 792 4299 eis,
809 4222 912 4283 invito
928 4221 1072 4298 ostiari0,
1087 4213 1199 4284 aditus
1212 4221 1309 4303 patet?
1364 4277 1365 4286 ,

1352 4287 1365 4604 l
