<?xml version="1.0" encoding="UTF-8"?>
<!DOCTYPE html PUBLIC "-//W3C//DTD XHTML 1.0 Transitional//EN"
    "http://www.w3.org/TR/xhtml1/DTD/xhtml1-transitional.dtd">
<html xmlns="http://www.w3.org/1999/xhtml" xml:lang="en" lang="en">
 <head>
  <title>
</title>
<meta http-equiv="Content-Type" content="text/html;charset=utf-8" />
  <meta name='ocr-system' content='tesseract 3.04.00' />
  <meta name='ocr-capabilities' content='ocr_page ocr_carea ocr_par ocr_line ocrx_word'/>
</head>
<body>
  <div class='ocr_page' id='page_1' title='image "./synopsistheolog01tanqgoog_0429.png"; bbox 0 0 2752 4648; ppageno 0'>
   <div class='ocr_carea' id='block_1_1' title="bbox 232 181 882 238">
    <p class='ocr_par' dir='ltr' id='par_1_1' title="bbox 232 181 882 238">
     <span class='ocr_line' id='line_1_1' title="bbox 232 181 882 238; baseline 0.002 -7"><span class='ocrx_word' id='word_1_1' title='bbox 232 185 297 233; x_wconf 72' lang='lat'>⁴1⁴</span> <span class='ocrx_word' id='word_1_2' title='bbox 681 181 821 238; x_wconf 65' lang='lat' dir='ltr'>caput·</span> <span class='ocrx_word' id='word_1_3' title='bbox 839 183 882 232; x_wconf 89' lang='lat'>11.</span> 
     </span>
    </p>
   </div>
   <div class='ocr_carea' id='block_1_2' title="bbox 224 362 1370 4360">
    <p class='ocr_par' dir='ltr' id='par_1_2' title="bbox 231 362 1311 857">
     <span class='ocr_line' id='line_1_2' title="bbox 231 362 1309 443; baseline -0.004 -16"><span class='ocrx_word' id='word_1_4' title='bbox 231 367 343 440; x_wconf 91' lang='lat' dir='ltr'>citato,</span> <span class='ocrx_word' id='word_1_5' title='bbox 360 375 394 427; x_wconf 89' lang='lat' dir='ltr'>et</span> <span class='ocrx_word' id='word_1_6' title='bbox 416 385 460 426; x_wconf 89' lang='lat' dir='ltr'>ex</span> <span class='ocrx_word' id='word_1_7' title='bbox 484 364 550 426; x_wconf 90' lang='lat' dir='ltr'>alio</span> <span class='ocrx_word' id='word_1_8' title='bbox 573 362 647 428; x_wconf 91' lang='lat' dir='ltr'>loco</span> <span class='ocrx_word' id='word_1_9' title='bbox 668 363 725 427; x_wconf 93' lang='lat' dir='ltr'>ubi</span> <span class='ocrx_word' id='word_1_10' title='bbox 742 363 1051 428; x_wconf 85' lang='lat' dir='ltr'>excommunicatus</span> <span class='ocrx_word' id='word_1_11' title='bbox 1072 363 1251 426; x_wconf 89' lang='lat' dir='ltr'>declaratur</span> <span class='ocrx_word' id='word_1_12' title='bbox 1263 364 1309 443; x_wconf 89' lang='lat' dir='ltr'>qui</span> 
     </span>
     <span class='ocr_line' id='line_1_3' title="bbox 231 467 1310 548; baseline -0.004 -17"><span class='ocrx_word' id='word_1_13' title='bbox 231 469 432 531; x_wconf 91' lang='lat' dir='ltr'>contrarium</span> <span class='ocrx_word' id='word_1_14' title='bbox 454 469 630 532; x_wconf 88' lang='lat' dir='ltr'>docuerit:</span> <span class='ocrx_word' id='word_1_15' title='bbox 657 467 720 532; x_wconf 89' lang='lat' dir='ltr'>“Si</span> <span class='ocrx_word' id='word_1_16' title='bbox 744 469 818 548; x_wconf 90' lang='lat' dir='ltr'>quis</span> <span class='ocrx_word' id='word_1_17' title='bbox 842 477 953 529; x_wconf 90' lang='lat' dir='ltr'>autem</span> <span class='ocrx_word' id='word_1_18' title='bbox 977 467 1180 529; x_wconf 90' lang='lat' dir='ltr'>contrarium</span> <span class='ocrx_word' id='word_1_19' title='bbox 1200 468 1310 536; x_wconf 86' lang='lat' dir='ltr'>docere,</span> 
     </span>
     <span class='ocr_line' id='line_1_4' title="bbox 232 570 1310 652; baseline -0.003 -19"><span class='ocrx_word' id='word_1_20' title='bbox 232 572 419 652; x_wconf 84' lang='lat' dir='ltr'>praedicare,</span> <span class='ocrx_word' id='word_1_21' title='bbox 432 570 482 632; x_wconf 90' lang='lat' dir='ltr'>vel</span> <span class='ocrx_word' id='word_1_22' title='bbox 502 571 715 652; x_wconf 84' lang='lat' dir='ltr'>pertinaciter</span> <span class='ocrx_word' id='word_1_23' title='bbox 726 589 878 644; x_wconf 84' lang='lat' dir='ltr'>asserere,</span> <span class='ocrx_word' id='word_1_24' title='bbox 890 591 947 632; x_wconf 87' lang='lat' dir='ltr'>seu</span> <span class='ocrx_word' id='word_1_25' title='bbox 960 572 1061 634; x_wconf 89' lang='lat' dir='ltr'>etiam</span> <span class='ocrx_word' id='word_1_26' title='bbox 1076 571 1204 652; x_wconf 91' lang='lat' dir='ltr'>publice</span> <span class='ocrx_word' id='word_1_27' title='bbox 1215 570 1310 651; x_wconf 92' lang='lat' dir='ltr'>dispu-</span> 
     </span>
     <span class='ocr_line' id='line_1_5' title="bbox 232 673 1311 754; baseline -0.003 -18"><span class='ocrx_word' id='word_1_28' title='bbox 232 674 347 748; x_wconf 89' lang='lat' dir='ltr'>tand0,</span> <span class='ocrx_word' id='word_1_29' title='bbox 371 673 548 736; x_wconf 83' lang='lat' dir='ltr'>defendere</span> <span class='ocrx_word' id='word_1_30' title='bbox 572 673 832 754; x_wconf 86' lang='lat' dir='ltr'>praesumpserit,</span> <span class='ocrx_word' id='word_1_31' title='bbox 856 693 896 734; x_wconf 93' lang='lat' dir='ltr'>eo</span> <span class='ocrx_word' id='word_1_32' title='bbox 923 673 996 754; x_wconf 91' lang='lat' dir='ltr'>ipso</span> <span class='ocrx_word' id='word_1_33' title='bbox 1019 673 1311 736; x_wconf 85' lang='lat' dir='ltr'>excommunicatus</span> 
     </span>
     <span class='ocr_line' id='line_1_6' title="bbox 231 775 639 857; baseline -0.002 -19"><span class='ocrx_word' id='word_1_34' title='bbox 231 777 356 839; x_wconf 88' lang='lat' dir='ltr'>existat</span> <span class='ocrx_word' id='word_1_35' title='bbox 366 775 382 802; x_wconf 75' lang='lat'>&#39;³</span> <span class='ocrx_word' id='word_1_36' title='bbox 398 776 431 857; x_wconf 84' lang='lat' dir='ltr'>(l.</span> <span class='ocrx_word' id='word_1_37' title='bbox 449 797 474 838; x_wconf 92' lang='lat' dir='ltr'>c.</span> <span class='ocrx_word' id='word_1_38' title='bbox 492 795 562 838; x_wconf 80' lang='lat' dir='ltr'>can,</span> <span class='ocrx_word' id='word_1_39' title='bbox 581 781 639 856; x_wconf 89' lang='lat'><em>11).</em></span> 
     </span>
    </p>

    <p class='ocr_par' dir='ltr' id='par_1_3' title="bbox 233 878 1314 1475">
     <span class='ocr_line' id='line_1_7' title="bbox 233 878 1312 962; baseline -0.008 -16"><span class='ocrx_word' id='word_1_40' title='bbox 233 879 284 961; x_wconf 83' lang='lat' dir='ltr'>(b)</span> <span class='ocrx_word' id='word_1_41' title='bbox 303 881 340 941; x_wconf 92' lang='lat' dir='ltr'>In</span> <span class='ocrx_word' id='word_1_42' title='bbox 358 900 435 942; x_wconf 91' lang='lat' dir='ltr'>casu</span> <span class='ocrx_word' id='word_1_43' title='bbox 453 879 601 942; x_wconf 90' lang='lat' dir='ltr'>mortalis</span> <span class='ocrx_word' id='word_1_44' title='bbox 619 879 746 962; x_wconf 88' lang='lat' dir='ltr'>peccati</span> <span class='ocrx_word' id='word_1_45' title='bbox 764 878 858 941; x_wconf 85' lang='lat' dir='ltr'>dubie</span> <span class='ocrx_word' id='word_1_46' title='bbox 872 879 1043 954; x_wconf 76' lang='lat' dir='ltr'>conrmissi,</span> <span class='ocrx_word' id='word_1_47' title='bbox 1056 900 1123 942; x_wconf 93' lang='lat' dir='ltr'>non</span> <span class='ocrx_word' id='word_1_48' title='bbox 1140 882 1230 942; x_wconf 91' lang='lat' dir='ltr'>adest</span> <span class='ocrx_word' id='word_1_49' title='bbox 1244 878 1312 940; x_wconf 91' lang='lat' dir='ltr'>obli-</span> 
     </span>
     <span class='ocr_line' id='line_1_8' title="bbox 233 981 1313 1064; baseline -0.003 -19"><span class='ocrx_word' id='word_1_50' title='bbox 233 984 326 1064; x_wconf 85' lang='lat' dir='ltr'>gatio</span> <span class='ocrx_word' id='word_1_51' title='bbox 341 981 455 1047; x_wconf 73' lang='lat' dir='ltr'>stricta</span> <span class='ocrx_word' id='word_1_52' title='bbox 471 981 660 1058; x_wconf 84' lang='lat' dir='ltr'>confitendi,</span> <span class='ocrx_word' id='word_1_53' title='bbox 678 984 829 1064; x_wconf 90' lang='lat' dir='ltr'>quamvis</span> <span class='ocrx_word' id='word_1_54' title='bbox 846 984 877 1045; x_wconf 92' lang='lat' dir='ltr'>in</span> <span class='ocrx_word' id='word_1_55' title='bbox 896 985 991 1064; x_wconf 89' lang='lat' dir='ltr'>praxi</span> <span class='ocrx_word' id='word_1_56' title='bbox 1008 985 1147 1046; x_wconf 91' lang='lat' dir='ltr'>omnino</span> <span class='ocrx_word' id='word_1_57' title='bbox 1162 981 1313 1046; x_wconf 89' lang='lat' dir='ltr'>suadenda</span> 
     </span>
     <span class='ocr_line' id='line_1_9' title="bbox 234 1085 1312 1167; baseline -0.002 -21"><span class='ocrx_word' id='word_1_58' title='bbox 234 1086 278 1148; x_wconf 87' lang='lat' dir='ltr'>sit</span> <span class='ocrx_word' id='word_1_59' title='bbox 294 1085 458 1148; x_wconf 88' lang='lat' dir='ltr'>confessio</span> <span class='ocrx_word' id='word_1_60' title='bbox 475 1086 507 1147; x_wconf 93' lang='lat' dir='ltr'>in</span> <span class='ocrx_word' id='word_1_61' title='bbox 525 1085 588 1148; x_wconf 92' lang='lat' dir='ltr'>hoc</span> <span class='ocrx_word' id='word_1_62' title='bbox 601 1105 688 1158; x_wconf 90' lang='lat' dir='ltr'>casu,</span> <span class='ocrx_word' id='word_1_63' title='bbox 701 1086 762 1146; x_wconf 93' lang='lat' dir='ltr'>nisi</span> <span class='ocrx_word' id='word_1_64' title='bbox 780 1086 854 1166; x_wconf 89' lang='lat' dir='ltr'>quis</span> <span class='ocrx_word' id='word_1_65' title='bbox 867 1087 909 1147; x_wconf 93' lang='lat' dir='ltr'>sit</span> <span class='ocrx_word' id='word_1_66' title='bbox 921 1087 1135 1167; x_wconf 86' lang='lat' dir='ltr'>scrupulosus</span> <span class='ocrx_word' id='word_1_67' title='bbox 1149 1109 1156 1163; x_wconf 91' lang='lat'>;</span> <span class='ocrx_word' id='word_1_68' title='bbox 1178 1088 1203 1148; x_wconf 91' lang='lat' dir='ltr'>si</span> <span class='ocrx_word' id='word_1_69' title='bbox 1219 1095 1312 1148; x_wconf 89' lang='lat' dir='ltr'>autem</span> 
     </span>
     <span class='ocr_line' id='line_1_10' title="bbox 234 1188 1313 1271; baseline -0.004 -21"><span class='ocrx_word' id='word_1_70' title='bbox 234 1199 407 1270; x_wconf 89' lang='lat' dir='ltr'>peccatum</span> <span class='ocrx_word' id='word_1_71' title='bbox 424 1189 466 1250; x_wconf 90' lang='lat' dir='ltr'>sit</span> <span class='ocrx_word' id='word_1_72' title='bbox 483 1198 617 1263; x_wconf 90' lang='lat' dir='ltr'>certum,</span> <span class='ocrx_word' id='word_1_73' title='bbox 630 1197 665 1250; x_wconf 90' lang='lat' dir='ltr'>et</span> <span class='ocrx_word' id='word_1_74' title='bbox 680 1188 751 1268; x_wconf 85' lang='lat' dir='ltr'>ejus</span> <span class='ocrx_word' id='word_1_75' title='bbox 768 1189 917 1250; x_wconf 89' lang='lat' dir='ltr'>remissio</span> <span class='ocrx_word' id='word_1_76' title='bbox 933 1189 1044 1264; x_wconf 91' lang='lat' dir='ltr'>dubia,</span> <span class='ocrx_word' id='word_1_77' title='bbox 1053 1189 1155 1268; x_wconf 89' lang='lat' dir='ltr'>juxta</span> <span class='ocrx_word' id='word_1_78' title='bbox 1170 1190 1313 1271; x_wconf 83' lang='lat' dir='ltr'>aequipro</span> 
     </span>
     <span class='ocr_line' id='line_1_11' title="bbox 235 1290 1314 1374; baseline -0.001 -22"><span class='ocrx_word' id='word_1_79' title='bbox 235 1291 415 1366; x_wconf 88' lang='lat' dir='ltr'>babilistas,</span> <span class='ocrx_word' id='word_1_80' title='bbox 440 1291 535 1353; x_wconf 90' lang='lat' dir='ltr'>adest</span> <span class='ocrx_word' id='word_1_81' title='bbox 558 1290 719 1371; x_wconf 86' lang='lat' dir='ltr'>obligatio</span> <span class='ocrx_word' id='word_1_82' title='bbox 742 1291 944 1368; x_wconf 87' lang='lat' dir='ltr'>confitendi;</span> <span class='ocrx_word' id='word_1_83' title='bbox 968 1291 1069 1372; x_wconf 89' lang='lat' dir='ltr'>juxta</span> <span class='ocrx_word' id='word_1_84' title='bbox 1093 1293 1314 1374; x_wconf 89' lang='lat' dir='ltr'>probabilistas‚</span> 
     </span>
     <span class='ocr_line' id='line_1_12' title="bbox 236 1394 693 1475; baseline -0.004 -18"><span class='ocrx_word' id='word_1_85' title='bbox 236 1395 310 1457; x_wconf 87' lang='lat' dir='ltr'>talis</span> <span class='ocrx_word' id='word_1_86' title='bbox 327 1394 491 1475; x_wconf 89' lang='lat' dir='ltr'>obligatio</span> <span class='ocrx_word' id='word_1_87' title='bbox 506 1411 572 1456; x_wconf 91' lang='lat' dir='ltr'>non</span> <span class='ocrx_word' id='word_1_88' title='bbox 590 1403 693 1475; x_wconf 86' lang='lat' dir='ltr'>urget.</span> 
     </span>
    </p>

    <p class='ocr_par' dir='ltr' id='par_1_4' title="bbox 236 1497 1316 1886">
     <span class='ocr_line' id='line_1_13' title="bbox 236 1497 1316 1580; baseline -0.004 -19"><span class='ocrx_word' id='word_1_89' title='bbox 236 1499 284 1578; x_wconf 87' lang='lat' dir='ltr'>(c)</span> <span class='ocrx_word' id='word_1_90' title='bbox 308 1497 374 1579; x_wconf 82' lang='lat' dir='ltr'>Qui</span> <span class='ocrx_word' id='word_1_91' title='bbox 403 1508 481 1559; x_wconf 89' lang='lat' dir='ltr'>ante</span> <span class='ocrx_word' id='word_1_92' title='bbox 508 1497 778 1560; x_wconf 88' lang='lat' dir='ltr'>communionem</span> <span class='ocrx_word' id='word_1_93' title='bbox 807 1498 997 1561; x_wconf 90' lang='lat' dir='ltr'>recordatur</span> <span class='ocrx_word' id='word_1_94' title='bbox 1022 1499 1150 1580; x_wconf 88' lang='lat' dir='ltr'>peccati</span> <span class='ocrx_word' id='word_1_95' title='bbox 1178 1497 1316 1570; x_wconf 88' lang='lat' dir='ltr'>mortalis,</span> 
     </span>
     <span class='ocr_line' id='line_1_14' title="bbox 236 1598 1316 1681; baseline -0.001 -19"><span class='ocrx_word' id='word_1_96' title='bbox 236 1600 326 1681; x_wconf 93' lang='lat' dir='ltr'>quod</span> <span class='ocrx_word' id='word_1_97' title='bbox 344 1619 387 1660; x_wconf 91' lang='lat' dir='ltr'>ex</span> <span class='ocrx_word' id='word_1_98' title='bbox 405 1598 596 1680; x_wconf 90' lang='lat' dir='ltr'>inculpabili</span> <span class='ocrx_word' id='word_1_99' title='bbox 614 1600 781 1663; x_wconf 89' lang='lat' dir='ltr'>oblivione</span> <span class='ocrx_word' id='word_1_100' title='bbox 794 1621 860 1663; x_wconf 91' lang='lat' dir='ltr'>non</span> <span class='ocrx_word' id='word_1_101' title='bbox 873 1601 1054 1664; x_wconf 84' lang='lat' dir='ltr'>declaravit</span> <span class='ocrx_word' id='word_1_102' title='bbox 1071 1603 1103 1664; x_wconf 93' lang='lat' dir='ltr'>in</span> <span class='ocrx_word' id='word_1_103' title='bbox 1121 1601 1316 1672; x_wconf 84' lang='lat' dir='ltr'>consessione,</span> 
     </span>
     <span class='ocr_line' id='line_1_15' title="bbox 237 1703 1316 1788; baseline -0.002 -24"><span class='ocrx_word' id='word_1_104' title='bbox 237 1723 302 1788; x_wconf 83' lang='lat' dir='ltr'>non</span> <span class='ocrx_word' id='word_1_105' title='bbox 328 1711 459 1764; x_wconf 87' lang='lat' dir='ltr'>tenetur</span> <span class='ocrx_word' id='word_1_106' title='bbox 475 1710 553 1763; x_wconf 89' lang='lat' dir='ltr'>ante</span> <span class='ocrx_word' id='word_1_107' title='bbox 570 1705 835 1766; x_wconf 90' lang='lat' dir='ltr'>communionem</span> <span class='ocrx_word' id='word_1_108' title='bbox 853 1703 1012 1780; x_wconf 89' lang='lat' dir='ltr'>confiteri,</span> <span class='ocrx_word' id='word_1_109' title='bbox 1029 1705 1108 1786; x_wconf 89' lang='lat' dir='ltr'>quia</span> <span class='ocrx_word' id='word_1_110' title='bbox 1132 1705 1197 1768; x_wconf 91' lang='lat' dir='ltr'>tale</span> <span class='ocrx_word' id='word_1_111' title='bbox 1219 1722 1316 1786; x_wconf 88' lang='lat' dir='ltr'>pecca·</span> 
     </span>
     <span class='ocr_line' id='line_1_16' title="bbox 237 1802 1099 1886; baseline 0 -18"><span class='ocrx_word' id='word_1_112' title='bbox 237 1817 308 1868; x_wconf 91' lang='lat' dir='ltr'>tum</span> <span class='ocrx_word' id='word_1_113' title='bbox 326 1804 387 1868; x_wconf 85' lang='lat' dir='ltr'>luit</span> <span class='ocrx_word' id='word_1_114' title='bbox 403 1802 563 1868; x_wconf 71' lang='lat' dir='ltr'>indiredte</span> <span class='ocrx_word' id='word_1_115' title='bbox 580 1823 638 1886; x_wconf 89' lang='lat' dir='ltr'>per</span> <span class='ocrx_word' id='word_1_116' title='bbox 653 1804 897 1866; x_wconf 87' lang='lat' dir='ltr'>absolutionem</span> <span class='ocrx_word' id='word_1_117' title='bbox 917 1806 1099 1868; x_wconf 88' lang='lat' dir='ltr'>remissum.</span> 
     </span>
    </p>

    <p class='ocr_par' dir='ltr' id='par_1_5' title="bbox 241 1902 1370 2295">
     <span class='ocr_line' id='line_1_17' title="bbox 282 1902 1370 1993; baseline -0.002 -24"><span class='ocrx_word' id='word_1_118' title='bbox 282 1921 348 1986; x_wconf 82' lang='lat'><em>141.</em></span> <span class='ocrx_word' id='word_1_119' title='bbox 398 1902 464 1993; x_wconf 88' lang='lat' dir='ltr'>(B)</span> <span class='ocrx_word' id='word_1_120' title='bbox 479 1907 631 1988; x_wconf 82' lang='lat' dir='ltr'>Exceptio</span> <span class='ocrx_word' id='word_1_121' title='bbox 645 1907 721 1970; x_wconf 80' lang='lat' dir='ltr'>ltuic</span> <span class='ocrx_word' id='word_1_122' title='bbox 735 1906 853 1986; x_wconf 83' lang='lat' dir='ltr'>reguloe</span> <span class='ocrx_word' id='word_1_123' title='bbox 865 1931 877 1970; x_wconf 86' lang='lat'>.·</span> <span class='ocrx_word' id='word_1_124' title='bbox 900 1907 966 1989; x_wconf 85' lang='lat' dir='ltr'>Qui</span> <span class='ocrx_word' id='word_1_125' title='bbox 984 1911 1134 1972; x_wconf 89' lang='lat' dir='ltr'>conscius</span> <span class='ocrx_word' id='word_1_126' title='bbox 1147 1921 1197 1974; x_wconf 91' lang='lat' dir='ltr'>est</span> <span class='ocrx_word' id='word_1_127' title='bbox 1209 1908 1318 1991; x_wconf 84' lang='lat' dir='ltr'>peccati</span> <span class='ocrx_word' id='word_1_128' title='bbox 1369 1969 1370 1978; x_wconf 55' lang='grc'>,</span> 
     </span>
     <span class='ocr_line' id='line_1_18' title="bbox 241 2009 1370 2108; baseline 0 -37"><span class='ocrx_word' id='word_1_129' title='bbox 241 2009 389 2072; x_wconf 89' lang='lat' dir='ltr'>mortalis</span> <span class='ocrx_word' id='word_1_130' title='bbox 416 2018 536 2090; x_wconf 87' lang='lat' dir='ltr'>potest,</span> <span class='ocrx_word' id='word_1_131' title='bbox 560 2029 620 2090; x_wconf 90' lang='lat' dir='ltr'>per</span> <span class='ocrx_word' id='word_1_132' title='bbox 646 2010 894 2090; x_wconf 86' lang='lat' dir='ltr'>exceptionem,</span> <span class='ocrx_word' id='word_1_133' title='bbox 916 2012 1061 2093; x_wconf 89' lang='lat' dir='ltr'>recipere</span> <span class='ocrx_word' id='word_1_134' title='bbox 1088 2023 1164 2094; x_wconf 89' lang='lat' dir='ltr'>post</span> <span class='ocrx_word' id='word_1_135' title='bbox 1191 2012 1318 2075; x_wconf 89' lang='lat' dir='ltr'>elicitum</span> <span class='ocrx_word' id='word_1_136' title='bbox 1369 2065 1370 2108; x_wconf 28' lang='grc'>1</span> 
     </span>
     <span class='ocr_line' id='line_1_19' title="bbox 241 2108 1319 2192; baseline -0.006 -18"><span class='ocrx_word' id='word_1_137' title='bbox 241 2111 352 2175; x_wconf 75' lang='lat' dir='ltr'>atium</span> <span class='ocrx_word' id='word_1_138' title='bbox 381 2109 536 2192; x_wconf 69' lang='lat' dir='ltr'>perfecta·</span> <span class='ocrx_word' id='word_1_139' title='bbox 564 2111 781 2187; x_wconf 88' lang='lat' dir='ltr'>contritionis,</span> <span class='ocrx_word' id='word_1_140' title='bbox 808 2112 879 2173; x_wconf 93' lang='lat' dir='ltr'>sine</span> <span class='ocrx_word' id='word_1_141' title='bbox 908 2109 1124 2187; x_wconf 84' lang='lat' dir='ltr'>confessione,</span> <span class='ocrx_word' id='word_1_142' title='bbox 1153 2108 1319 2175; x_wconf 91' lang='lat' dir='ltr'>dummodo</span> 
     </span>
     <span class='ocr_line' id='line_1_20' title="bbox 241 2211 1307 2295; baseline -0.007 -17"><span class='ocrx_word' id='word_1_143' title='bbox 241 2217 328 2278; x_wconf 90' lang='lat' dir='ltr'>adsit</span> <span class='ocrx_word' id='word_1_144' title='bbox 343 2215 446 2277; x_wconf 83' lang='lat' dir='ltr'>simul</span> <span class='ocrx_word' id='word_1_145' title='bbox 459 2215 628 2278; x_wconf 78' lang='lat' dir='ltr'>necessitas</span> <span class='ocrx_word' id='word_1_146' title='bbox 642 2214 909 2290; x_wconf 76' lang='lat' dir='ltr'>communicandi,</span> <span class='ocrx_word' id='word_1_147' title='bbox 925 2223 958 2276; x_wconf 91' lang='lat' dir='ltr'>et</span> <span class='ocrx_word' id='word_1_148' title='bbox 973 2213 1113 2293; x_wconf 73' lang='lat' dir='ltr'>defecius</span> <span class='ocrx_word' id='word_1_149' title='bbox 1127 2211 1307 2295; x_wconf 80' lang='lat' dir='ltr'>confessarii.</span> 
     </span>
    </p>

    <p class='ocr_par' dir='ltr' id='par_1_6' title="bbox 240 2318 1369 3140">
     <span class='ocr_line' id='line_1_21' title="bbox 283 2318 1316 2400; baseline -0.004 -20"><span class='ocrx_word' id='word_1_150' title='bbox 283 2318 391 2380; x_wconf 86' lang='lat' dir='ltr'>Adest</span> <span class='ocrx_word' id='word_1_151' title='bbox 418 2327 530 2381; x_wconf 86' lang='lat' dir='ltr'>autem</span> <span class='ocrx_word' id='word_1_152' title='bbox 558 2318 752 2382; x_wconf 81' lang='lat' dir='ltr'>necessitas:</span> <span class='ocrx_word' id='word_1_153' title='bbox 788 2319 835 2397; x_wconf 85' lang='lat' dir='ltr'>(a)</span> <span class='ocrx_word' id='word_1_154' title='bbox 858 2319 995 2399; x_wconf 93' lang='lat' dir='ltr'>quando</span> <span class='ocrx_word' id='word_1_155' title='bbox 1021 2319 1132 2400; x_wconf 85' lang='lat' dir='ltr'>agitur</span> <span class='ocrx_word' id='word_1_156' title='bbox 1154 2320 1196 2381; x_wconf 88' lang='lat' dir='ltr'>de</span> <span class='ocrx_word' id='word_1_157' title='bbox 1218 2334 1316 2380; x_wconf 89' lang='lat' dir='ltr'>conse·</span> 
     </span>
     <span class='ocr_line' id='line_1_22' title="bbox 240 2422 1318 2503; baseline -0.007 -18"><span class='ocrx_word' id='word_1_158' title='bbox 240 2423 362 2485; x_wconf 80' lang='lat' dir='ltr'>cranda</span> <span class='ocrx_word' id='word_1_159' title='bbox 379 2422 487 2484; x_wconf 73' lang='lat' dir='ltr'>hostia</span> <span class='ocrx_word' id='word_1_160' title='bbox 510 2442 570 2503; x_wconf 92' lang='lat' dir='ltr'>pro</span> <span class='ocrx_word' id='word_1_161' title='bbox 588 2423 793 2486; x_wconf 89' lang='lat' dir='ltr'>moribundis</span> <span class='ocrx_word' id='word_1_162' title='bbox 810 2443 816 2498; x_wconf 88' lang='lat'>;</span> <span class='ocrx_word' id='word_1_163' title='bbox 843 2422 894 2502; x_wconf 83' lang='lat' dir='ltr'>(b)</span> <span class='ocrx_word' id='word_1_164' title='bbox 910 2422 1046 2501; x_wconf 92' lang='lat' dir='ltr'>quando</span> <span class='ocrx_word' id='word_1_165' title='bbox 1062 2422 1249 2485; x_wconf 89' lang='lat' dir='ltr'>communio</span> <span class='ocrx_word' id='word_1_166' title='bbox 1264 2437 1318 2481; x_wconf 90' lang='lat' dir='ltr'>non</span> 
     </span>
     <span class='ocr_line' id='line_1_23' title="bbox 241 2523 1320 2606; baseline -0.006 -20"><span class='ocrx_word' id='word_1_167' title='bbox 241 2534 352 2606; x_wconf 90' lang='lat' dir='ltr'>potest</span> <span class='ocrx_word' id='word_1_168' title='bbox 368 2526 478 2588; x_wconf 90' lang='lat' dir='ltr'>omitti</span> <span class='ocrx_word' id='word_1_169' title='bbox 495 2525 565 2588; x_wconf 92' lang='lat' dir='ltr'>sine</span> <span class='ocrx_word' id='word_1_170' title='bbox 581 2525 790 2602; x_wconf 69' lang='lat' dir='ltr'>scandalon</span> <span class='ocrx_word' id='word_1_171' title='bbox 807 2545 836 2606; x_wconf 86' lang='lat' dir='ltr'>g.</span> <span class='ocrx_word' id='word_1_172' title='bbox 850 2525 878 2586; x_wconf 90' lang='lat' dir='ltr'>si</span> <span class='ocrx_word' id='word_1_173' title='bbox 894 2523 996 2586; x_wconf 90' lang='lat' dir='ltr'>laicus</span> <span class='ocrx_word' id='word_1_174' title='bbox 1009 2523 1079 2604; x_wconf 89' lang='lat' dir='ltr'>jam</span> <span class='ocrx_word' id='word_1_175' title='bbox 1097 2545 1200 2587; x_wconf 70' lang='lat' dir='ltr'>sacras</span> <span class='ocrx_word' id='word_1_176' title='bbox 1215 2541 1320 2587; x_wconf 64' lang='lat' dir='ltr'>mensa*</span> 
     </span>
     <span class='ocr_line' id='line_1_24' title="bbox 243 2622 1320 2710; baseline -0.008 -20"><span class='ocrx_word' id='word_1_177' title='bbox 243 2630 426 2703; x_wconf 87' lang='lat' dir='ltr'>accesserit,</span> <span class='ocrx_word' id='word_1_178' title='bbox 438 2639 495 2692; x_wconf 90' lang='lat' dir='ltr'>aut</span> <span class='ocrx_word' id='word_1_179' title='bbox 507 2631 534 2692; x_wconf 92' lang='lat' dir='ltr'>si</span> <span class='ocrx_word' id='word_1_180' title='bbox 547 2629 701 2692; x_wconf 87' lang='lat' dir='ltr'>sacerdos</span> <span class='ocrx_word' id='word_1_181' title='bbox 712 2628 781 2710; x_wconf 92' lang='lat' dir='ltr'>jam</span> <span class='ocrx_word' id='word_1_182' title='bbox 795 2627 898 2689; x_wconf 89' lang='lat' dir='ltr'>altare</span> <span class='ocrx_word' id='word_1_183' title='bbox 908 2628 1103 2701; x_wconf 87' lang='lat' dir='ltr'>ascenderit,</span> <span class='ocrx_word' id='word_1_184' title='bbox 1113 2637 1172 2690; x_wconf 92' lang='lat' dir='ltr'>aut</span> <span class='ocrx_word' id='word_1_185' title='bbox 1183 2645 1202 2689; x_wconf 93' lang='lat' dir='ltr'>a</span> <span class='ocrx_word' id='word_1_186' title='bbox 1214 2622 1320 2690; x_wconf 84' lang='lat' dir='ltr'>fortiori</span> 
     </span>
     <span class='ocr_line' id='line_1_25' title="bbox 240 2703 1369 2818; baseline -0.004 -25"><span class='ocrx_word' id='word_1_187' title='bbox 240 2731 307 2812; x_wconf 91' lang='lat' dir='ltr'>jam</span> <span class='ocrx_word' id='word_1_188' title='bbox 334 2731 538 2796; x_wconf 90' lang='lat' dir='ltr'>inchoaverit</span> <span class='ocrx_word' id='word_1_189' title='bbox 563 2731 759 2796; x_wconf 84' lang='lat' dir='ltr'>sacrificium</span> <span class='ocrx_word' id='word_1_190' title='bbox 773 2752 780 2806; x_wconf 93' lang='lat'>;</span> <span class='ocrx_word' id='word_1_191' title='bbox 813 2729 862 2811; x_wconf 88' lang='lat' dir='ltr'>(c)</span> <span class='ocrx_word' id='word_1_192' title='bbox 878 2732 1014 2818; x_wconf 89' lang='lat' dir='ltr'>quando</span> <span class='ocrx_word' id='word_1_193' title='bbox 1038 2741 1161 2812; x_wconf 86' lang='lat' dir='ltr'>pastor,</span> <span class='ocrx_word' id='word_1_194' title='bbox 1186 2741 1240 2794; x_wconf 90' lang='lat' dir='ltr'>aut</span> <span class='ocrx_word' id='word_1_195' title='bbox 1263 2728 1321 2809; x_wconf 86' lang='lat' dir='ltr'>ejus</span> <span class='ocrx_word' id='word_1_196' title='bbox 1368 2703 1369 2783; x_wconf 83' lang='lat' dir='ltr'>i</span> 
     </span>
     <span class='ocr_line' id='line_1_26' title="bbox 242 2832 1321 2909; baseline -0.006 -13"><span class='ocrx_word' id='word_1_197' title='bbox 242 2834 408 2908; x_wconf 87' lang='lat' dir='ltr'>assistens,</span> <span class='ocrx_word' id='word_1_198' title='bbox 421 2835 520 2897; x_wconf 91' lang='lat' dir='ltr'>debet</span> <span class='ocrx_word' id='word_1_199' title='bbox 538 2835 703 2898; x_wconf 87' lang='lat' dir='ltr'>celebrare</span> <span class='ocrx_word' id='word_1_200' title='bbox 716 2855 760 2897; x_wconf 88' lang='lat' dir='ltr'>ex</span> <span class='ocrx_word' id='word_1_201' title='bbox 777 2832 895 2909; x_wconf 87' lang='lat' dir='ltr'>officio,</span> <span class='ocrx_word' id='word_1_202' title='bbox 909 2835 940 2894; x_wconf 92' lang='lat' dir='ltr'>in</span> <span class='ocrx_word' id='word_1_203' title='bbox 958 2833 1012 2896; x_wconf 94' lang='lat' dir='ltr'>die</span> <span class='ocrx_word' id='word_1_204' title='bbox 1029 2834 1124 2908; x_wconf 82' lang='lat' dir='ltr'>lest0,</span> <span class='ocrx_word' id='word_1_205' title='bbox 1137 2839 1321 2898; x_wconf 84' lang='lat' dir='ltr'>aut&#39;cantare</span> 
     </span>
     <span class='ocr_line' id='line_1_27' title="bbox 245 2936 1321 3019; baseline -0.007 -17"><span class='ocrx_word' id='word_1_206' title='bbox 245 2940 384 3002; x_wconf 88' lang='lat' dir='ltr'>Missam</span> <span class='ocrx_word' id='word_1_207' title='bbox 398 2959 458 3019; x_wconf 90' lang='lat' dir='ltr'>pro</span> <span class='ocrx_word' id='word_1_208' title='bbox 471 2936 644 3012; x_wconf 71' lang='lat' dir='ltr'>defunctis,</span> <span class='ocrx_word' id='word_1_209' title='bbox 657 2947 819 3019; x_wconf 88' lang='lat' dir='ltr'>praesente</span> <span class='ocrx_word' id='word_1_210' title='bbox 832 2939 1002 3012; x_wconf 89' lang='lat' dir='ltr'>cadavere,</span> <span class='ocrx_word' id='word_1_211' title='bbox 1015 2957 1080 3000; x_wconf 92' lang='lat' dir='ltr'>non</span> <span class='ocrx_word' id='word_1_212' title='bbox 1095 2949 1206 3001; x_wconf 91' lang='lat' dir='ltr'>autem</span> <span class='ocrx_word' id='word_1_213' title='bbox 1218 2939 1242 2999; x_wconf 92' lang='lat' dir='ltr'>si</span> <span class='ocrx_word' id='word_1_214' title='bbox 1258 2953 1321 3016; x_wconf 75' lang='lat' dir='ltr'>aga·</span> 
     </span>
     <span class='ocr_line' id='line_1_28' title="bbox 244 3042 1368 3140; baseline 0.002 -36"><span class='ocrx_word' id='word_1_215' title='bbox 244 3053 296 3105; x_wconf 91' lang='lat' dir='ltr'>tur</span> <span class='ocrx_word' id='word_1_216' title='bbox 311 3043 354 3103; x_wconf 89' lang='lat' dir='ltr'>de</span> <span class='ocrx_word' id='word_1_217' title='bbox 369 3042 475 3140; x_wconf 75' lang='lat' dir='ltr'>lllissd</span> <span class='ocrx_word' id='word_1_218' title='bbox 492 3043 694 3123; x_wconf 73' lang='lat' dir='ltr'>quotidiana.</span> <span class='ocrx_word' id='word_1_219' title='bbox 994 3121 998 3126; x_wconf 24' lang='grc' dir='ltr'>Ι</span> <span class='ocrx_word' id='word_1_220' title='bbox 1367 3119 1368 3124; x_wconf 12' lang='lat'>¹</span> 
     </span>
    </p>

    <p class='ocr_par' dir='ltr' id='par_1_7' title="bbox 245 3143 1368 4156">
     <span class='ocr_line' id='line_1_29' title="bbox 290 3143 1368 3227; baseline -0.006 -21"><span class='ocrx_word' id='word_1_221' title='bbox 290 3145 397 3207; x_wconf 88' lang='lat' dir='ltr'>Adest</span> <span class='ocrx_word' id='word_1_222' title='bbox 420 3145 560 3224; x_wconf 69' lang='lat' dir='ltr'>desellus</span> <span class='ocrx_word' id='word_1_223' title='bbox 575 3145 791 3227; x_wconf 80' lang='lat' dir='ltr'>confessarii:</span> <span class='ocrx_word' id='word_1_224' title='bbox 814 3145 864 3226; x_wconf 84' lang='lat' dir='ltr'>(a)</span> <span class='ocrx_word' id='word_1_225' title='bbox 881 3143 1015 3227; x_wconf 93' lang='lat' dir='ltr'>quando</span> <span class='ocrx_word' id='word_1_226' title='bbox 1031 3145 1142 3208; x_wconf 89' lang='lat' dir='ltr'>nullus</span> <span class='ocrx_word' id='word_1_227' title='bbox 1164 3155 1214 3208; x_wconf 87' lang='lat' dir='ltr'>est</span> <span class='ocrx_word' id='word_1_228' title='bbox 1234 3161 1321 3206; x_wconf 87' lang='lat' dir='ltr'>sacer·</span> <span class='ocrx_word' id='word_1_229' title='bbox 1367 3211 1368 3216; x_wconf 8' lang='grc' dir='ltr'>γ</span> 
     </span>
     <span class='ocr_line' id='line_1_30' title="bbox 245 3231 1368 3330; baseline -0.008 -19"><span class='ocrx_word' id='word_1_230' title='bbox 245 3250 304 3311; x_wconf 92' lang='lat' dir='ltr'>dos</span> <span class='ocrx_word' id='word_1_231' title='bbox 321 3267 467 3330; x_wconf 73' lang='lat' dir='ltr'>praesens</span> <span class='ocrx_word' id='word_1_232' title='bbox 484 3251 539 3330; x_wconf 93' lang='lat' dir='ltr'>qui</span> <span class='ocrx_word' id='word_1_233' title='bbox 558 3249 749 3314; x_wconf 81' lang='lat' dir='ltr'>facultatem</span> <span class='ocrx_word' id='word_1_234' title='bbox 766 3248 888 3311; x_wconf 88' lang='lat' dir='ltr'>babeat</span> <span class='ocrx_word' id='word_1_235' title='bbox 904 3249 1107 3326; x_wconf 90' lang='lat' dir='ltr'>absolvendi,</span> <span class='ocrx_word' id='word_1_236' title='bbox 1124 3260 1159 3313; x_wconf 91' lang='lat' dir='ltr'>et</span> <span class='ocrx_word' id='word_1_237' title='bbox 1182 3247 1271 3312; x_wconf 89' lang='lat' dir='ltr'>simul</span> <span class='ocrx_word' id='word_1_238' title='bbox 1286 3243 1322 3304; x_wconf 89' lang='lat' dir='ltr'>vi·</span> <span class='ocrx_word' id='word_1_239' title='bbox 1367 3231 1368 3271; x_wconf 64' lang='lat'>³</span> 
     </span>
     <span class='ocr_line' id='line_1_31' title="bbox 246 3350 1322 3436; baseline -0.009 -19"><span class='ocrx_word' id='word_1_240' title='bbox 246 3356 349 3417; x_wconf 92' lang='lat' dir='ltr'>cinior</span> <span class='ocrx_word' id='word_1_241' title='bbox 365 3355 411 3416; x_wconf 90' lang='lat' dir='ltr'>ita</span> <span class='ocrx_word' id='word_1_242' title='bbox 426 3354 528 3416; x_wconf 89' lang='lat' dir='ltr'>distat</span> <span class='ocrx_word' id='word_1_243' title='bbox 546 3365 590 3429; x_wconf 92' lang='lat' dir='ltr'>ut,</span> <span class='ocrx_word' id='word_1_244' title='bbox 607 3351 765 3436; x_wconf 71' lang='lat' dir='ltr'>spectatis</span> <span class='ocrx_word' id='word_1_245' title='bbox 790 3355 1046 3416; x_wconf 90' lang='lat' dir='ltr'>circumstantiis</span> <span class='ocrx_word' id='word_1_246' title='bbox 1070 3355 1235 3436; x_wconf 67' lang='lat' dir='ltr'>temporis</span> <span class='ocrx_word' id='word_1_247' title='bbox 1251 3350 1322 3412; x_wconf 91' lang='lat' dir='ltr'>loco-</span> 
     </span>
     <span class='ocr_line' id='line_1_32' title="bbox 246 3457 1322 3539; baseline -0.002 -19"><span class='ocrx_word' id='word_1_248' title='bbox 246 3480 317 3522; x_wconf 90' lang='lat' dir='ltr'>rum</span> <span class='ocrx_word' id='word_1_249' title='bbox 342 3469 375 3520; x_wconf 91' lang='lat' dir='ltr'>et</span> <span class='ocrx_word' id='word_1_250' title='bbox 398 3459 560 3532; x_wconf 65' lang='lat' dir='ltr'>sanitatis</span> <span class='ocrx_word' id='word_1_251' title='bbox 583 3459 654 3520; x_wconf 86' lang='lat' dir='ltr'>sine</span> <span class='ocrx_word' id='word_1_252' title='bbox 679 3477 801 3539; x_wconf 85' lang='lat' dir='ltr'>magno</span> <span class='ocrx_word' id='word_1_253' title='bbox 824 3457 1048 3532; x_wconf 67' lang='lat' dir='ltr'>incommodo</span> <span class='ocrx_word' id='word_1_254' title='bbox 1069 3459 1152 3521; x_wconf 90' lang='lat' dir='ltr'>adiri</span> <span class='ocrx_word' id='word_1_255' title='bbox 1177 3463 1322 3537; x_wconf 85' lang='lat' dir='ltr'>nequeat:</span> 
     </span>
     <span class='ocr_line' id='line_1_33' title="bbox 245 3559 1367 3644; baseline -0.007 -20"><span class='ocrx_word' id='word_1_256' title='bbox 245 3565 333 3625; x_wconf 93' lang='lat' dir='ltr'>unde</span> <span class='ocrx_word' id='word_1_257' title='bbox 347 3583 411 3624; x_wconf 90' lang='lat' dir='ltr'>non</span> <span class='ocrx_word' id='word_1_258' title='bbox 427 3561 546 3624; x_wconf 86' lang='lat' dir='ltr'>sufficit</span> <span class='ocrx_word' id='word_1_259' title='bbox 560 3573 595 3625; x_wconf 91' lang='lat' dir='ltr'>ut</span> <span class='ocrx_word' id='word_1_260' title='bbox 608 3571 785 3625; x_wconf 89' lang='lat' dir='ltr'>consuetus</span> <span class='ocrx_word' id='word_1_261' title='bbox 798 3561 1016 3623; x_wconf 81' lang='lat' dir='ltr'>confessarius</span> <span class='ocrx_word' id='word_1_262' title='bbox 1027 3561 1127 3639; x_wconf 88' lang='lat' dir='ltr'>absit;</span> <span class='ocrx_word' id='word_1_263' title='bbox 1145 3563 1195 3644; x_wconf 87' lang='lat' dir='ltr'>(b)</span> <span class='ocrx_word' id='word_1_264' title='bbox 1207 3559 1321 3642; x_wconf 87' lang='lat' dir='ltr'>quando</span> <span class='ocrx_word' id='word_1_265' title='bbox 1366 3607 1367 3610; x_wconf 63' lang='lat'>,</span> 
     </span>
     <span class='ocr_line' id='line_1_34' title="bbox 245 3657 1367 3747; baseline -0.004 -19"><span class='ocrx_word' id='word_1_266' title='bbox 245 3667 340 3729; x_wconf 89' lang='lat' dir='ltr'>adest</span> <span class='ocrx_word' id='word_1_267' title='bbox 357 3665 576 3728; x_wconf 87' lang='lat' dir='ltr'>confessarius</span> <span class='ocrx_word' id='word_1_268' title='bbox 593 3667 651 3728; x_wconf 92' lang='lat' dir='ltr'>sed</span> <span class='ocrx_word' id='word_1_269' title='bbox 670 3686 735 3728; x_wconf 89' lang='lat' dir='ltr'>non</span> <span class='ocrx_word' id='word_1_270' title='bbox 755 3664 969 3747; x_wconf 90' lang='lat' dir='ltr'>approbatus,</span> <span class='ocrx_word' id='word_1_271' title='bbox 985 3674 1042 3728; x_wconf 91' lang='lat' dir='ltr'>aut</span> <span class='ocrx_word' id='word_1_272' title='bbox 1066 3667 1262 3746; x_wconf 87' lang='lat' dir='ltr'>approbatus</span> <span class='ocrx_word' id='word_1_273' title='bbox 1276 3657 1319 3740; x_wconf 82' lang='lat' dir='ltr'>qui</span> <span class='ocrx_word' id='word_1_274' title='bbox 1366 3659 1367 3740; x_wconf 70' lang='lat' dir='ltr'>l</span> 
     </span>
     <span class='ocr_line' id='line_1_35' title="bbox 247 3765 1318 3849; baseline -0.007 -19"><span class='ocrx_word' id='word_1_275' title='bbox 247 3769 330 3831; x_wconf 89' lang='lat' dir='ltr'>nolit</span> <span class='ocrx_word' id='word_1_276' title='bbox 347 3779 403 3832; x_wconf 89' lang='lat' dir='ltr'>aut</span> <span class='ocrx_word' id='word_1_277' title='bbox 421 3789 487 3830; x_wconf 91' lang='lat' dir='ltr'>non</span> <span class='ocrx_word' id='word_1_278' title='bbox 507 3770 611 3849; x_wconf 91' lang='lat' dir='ltr'>possit</span> <span class='ocrx_word' id='word_1_279' title='bbox 627 3770 742 3831; x_wconf 85' lang='lat' dir='ltr'>audire</span> <span class='ocrx_word' id='word_1_280' title='bbox 758 3768 1005 3844; x_wconf 81' lang='lat' dir='ltr'>consessiones;</span> <span class='ocrx_word' id='word_1_281' title='bbox 1028 3767 1164 3849; x_wconf 90' lang='lat' dir='ltr'>quando</span> <span class='ocrx_word' id='word_1_282' title='bbox 1179 3765 1318 3830; x_wconf 80' lang='lat' dir='ltr'>consessa·</span> 
     </span>
     <span class='ocr_line' id='line_1_36' title="bbox 248 3863 1318 3952; baseline -0.01 -20"><span class='ocrx_word' id='word_1_283' title='bbox 248 3873 313 3932; x_wconf 89' lang='lat' dir='ltr'>rius</span> <span class='ocrx_word' id='word_1_284' title='bbox 330 3873 433 3946; x_wconf 89' lang='lat' dir='ltr'>adest,</span> <span class='ocrx_word' id='word_1_285' title='bbox 450 3873 507 3933; x_wconf 88' lang='lat' dir='ltr'>sed</span> <span class='ocrx_word' id='word_1_286' title='bbox 530 3871 760 3952; x_wconf 68' lang='lat' dir='ltr'>jurisdidtione</span> <span class='ocrx_word' id='word_1_287' title='bbox 783 3891 898 3933; x_wconf 88' lang='lat' dir='ltr'>carens</span> <span class='ocrx_word' id='word_1_288' title='bbox 921 3871 1031 3951; x_wconf 89' lang='lat' dir='ltr'>quoad</span> <span class='ocrx_word' id='word_1_289' title='bbox 1056 3880 1227 3942; x_wconf 86' lang='lat' dir='ltr'>reservata,</span> <span class='ocrx_word' id='word_1_290' title='bbox 1241 3868 1263 3928; x_wconf 90' lang='lat' dir='ltr'>si</span> <span class='ocrx_word' id='word_1_291' title='bbox 1278 3863 1318 3926; x_wconf 86' lang='lat' dir='ltr'>illc</span> 
     </span>
     <span class='ocr_line' id='line_1_37' title="bbox 247 3974 1316 4054; baseline -0.007 -19"><span class='ocrx_word' id='word_1_292' title='bbox 247 3975 302 4052; x_wconf 92' lang='lat' dir='ltr'>qui</span> <span class='ocrx_word' id='word_1_293' title='bbox 330 3975 401 4036; x_wconf 91' lang='lat' dir='ltr'>vult</span> <span class='ocrx_word' id='word_1_294' title='bbox 428 3975 593 4037; x_wconf 87' lang='lat' dir='ltr'>celebrare</span> <span class='ocrx_word' id='word_1_295' title='bbox 621 3976 742 4037; x_wconf 88' lang='lat' dir='ltr'>habeat</span> <span class='ocrx_word' id='word_1_296' title='bbox 769 3974 978 4037; x_wconf 87' lang='lat' dir='ltr'>solummodo</span> <span class='ocrx_word' id='word_1_297' title='bbox 1006 3985 1143 4054; x_wconf 88' lang='lat' dir='ltr'>peccata</span> <span class='ocrx_word' id='word_1_298' title='bbox 1171 3977 1316 4035; x_wconf 83' lang='lat' dir='ltr'>reservata.</span> 
     </span>
     <span class='ocr_line' id='line_1_38' title="bbox 247 4067 1314 4156; baseline -0.001 -21"><span class='ocrx_word' id='word_1_299' title='bbox 247 4095 313 4136; x_wconf 92' lang='lat' dir='ltr'>non</span> <span class='ocrx_word' id='word_1_300' title='bbox 343 4085 473 4137; x_wconf 89' lang='lat' dir='ltr'>tenetur</span> <span class='ocrx_word' id='word_1_301' title='bbox 501 4077 613 4140; x_wconf 67' lang='lat' dir='ltr'>stricte</span> <span class='ocrx_word' id='word_1_302' title='bbox 636 4099 675 4140; x_wconf 89' lang='lat' dir='ltr'>ea</span> <span class='ocrx_word' id='word_1_303' title='bbox 699 4078 867 4156; x_wconf 87' lang='lat' dir='ltr'>confiteri;</span> <span class='ocrx_word' id='word_1_304' title='bbox 905 4080 932 4140; x_wconf 92' lang='lat' dir='ltr'>si</span> <span class='ocrx_word' id='word_1_305' title='bbox 959 4089 1071 4141; x_wconf 94' lang='lat' dir='ltr'>autem</span> <span class='ocrx_word' id='word_1_306' title='bbox 1100 4078 1219 4141; x_wconf 86' lang='lat' dir='ltr'>habeat</span> <span class='ocrx_word' id='word_1_307' title='bbox 1240 4067 1314 4136; x_wconf 86' lang='lat' dir='ltr'>simul</span> 
     </span>
    </p>

    <p class='ocr_par' dir='ltr' id='par_1_8' title="bbox 224 4167 1366 4360">
     <span class='ocr_line' id='line_1_39' title="bbox 224 4167 1366 4263; baseline 0.002 -28"><span class='ocrx_word' id='word_1_308' title='bbox 224 4167 228 4175; x_wconf 71' lang='grc'><em>“</em></span> <span class='ocrx_word' id='word_1_309' title='bbox 248 4187 414 4237; x_wconf 87' lang='lat' dir='ltr'>reservata</span> <span class='ocrx_word' id='word_1_310' title='bbox 437 4187 470 4239; x_wconf 86' lang='lat' dir='ltr'>et</span> <span class='ocrx_word' id='word_1_311' title='bbox 495 4198 560 4240; x_wconf 90' lang='lat' dir='ltr'>non</span> <span class='ocrx_word' id='word_1_312' title='bbox 586 4191 759 4256; x_wconf 89' lang='lat' dir='ltr'>reservata,</span> <span class='ocrx_word' id='word_1_313' title='bbox 781 4182 983 4262; x_wconf 88' lang='lat' dir='ltr'>probabilius</span> <span class='ocrx_word' id='word_1_314' title='bbox 1007 4191 1139 4245; x_wconf 89' lang='lat' dir='ltr'>tenetur</span> <span class='ocrx_word' id='word_1_315' title='bbox 1162 4175 1313 4263; x_wconf 80' lang='lat' dir='ltr'>posteriora</span> <span class='ocrx_word' id='word_1_316' title='bbox 1365 4229 1366 4249; x_wconf 67' lang='lat'>,</span> 
     </span>
     <span class='ocr_line' id='line_1_40' title="bbox 250 4275 1313 4360; baseline -0.004 -22"><span class='ocrx_word' id='word_1_317' title='bbox 250 4297 412 4354; x_wconf 86' lang='lat' dir='ltr'>accusare,</span> <span class='ocrx_word' id='word_1_318' title='bbox 429 4288 465 4340; x_wconf 93' lang='lat' dir='ltr'>ut</span> <span class='ocrx_word' id='word_1_319' title='bbox 482 4283 587 4360; x_wconf 90' lang='lat' dir='ltr'>possit</span> <span class='ocrx_word' id='word_1_320' title='bbox 603 4280 726 4345; x_wconf 65' lang='lat' dir='ltr'>directe</span> <span class='ocrx_word' id='word_1_321' title='bbox 743 4283 868 4346; x_wconf 90' lang='lat' dir='ltr'>absolvi</span> <span class='ocrx_word' id='word_1_322' title='bbox 886 4305 905 4346; x_wconf 86' lang='lat' dir='ltr'>a</span> <span class='ocrx_word' id='word_1_323' title='bbox 923 4305 988 4347; x_wconf 92' lang='lat' dir='ltr'>non</span> <span class='ocrx_word' id='word_1_324' title='bbox 1011 4286 1184 4350; x_wconf 86' lang='lat' dir='ltr'>reservatis</span> <span class='ocrx_word' id='word_1_325' title='bbox 1204 4294 1234 4346; x_wconf 92' lang='lat' dir='ltr'>et</span> <span class='ocrx_word' id='word_1_326' title='bbox 1253 4275 1313 4341; x_wconf 89' lang='lat' dir='ltr'>indi-</span> 
     </span>
    </p>
   </div>
   <div class='ocr_carea' id='block_1_3' title="bbox 0 0 1397 4648">
    <p class='ocr_par' dir='ltr' id='par_1_9' title="bbox 0 0 1397 4648">
     <span class='ocr_line' id='line_1_41' title="bbox 0 0 1397 4648; baseline 0 0"><span class='ocrx_word' id='word_1_327' title='bbox 0 0 1397 4648; x_wconf 95' lang='lat' dir='ltr'> </span> 
     </span>
    </p>
   </div>
  </div>
 </body>
</html>
