2752 4648
249 196 304 246 DE
323 194 615 250 sncnanN'ro
634 197 948 248 Eucflnmsrlffl.
1078 196 1144 247 ³89

1096 309 1145 319 .-

91 367 152 455 (Α)
172 372 322 436 Christus
338 375 409 455 ipse
424 375 571 437 declarat
587 394 646 456 per
660 386 787 437 sacram
806 373 1049 436 Eucharistiam
1069 372 1144 434 inti-

54 491 131 535 mam
149 474 316 554 unionem,
332 495 370 538 ac
393 477 532 558 proinde
555 478 707 541 intimam
729 477 920 550 amicitiam,
936 476 1143 557 interipsum

53 585 80 636 et
92 578 391 640 communicantem
405 578 542 660 produci
556 601 562 642 :
578 579 672 662 “Qui
689 580 869 643 manducat
886 597 995 642 meam
1011 595 1143 640 carnem

52 688 80 738 et
101 677 184 742 bibit
205 698 315 742 meum
340 680 535 760 sanguinem
560 681 592 742 in
617 699 671 742 me
695 689 808 743 manet
830 689 863 743 et
887 700 950 762 ego
973 681 1005 741 in
1029 679 1098 741 eo”
1113 691 1145 754 13

50 779 191 858 jamvero
211 802 346 845 manere
366 783 398 844 in
419 782 523 846 altero
544 793 578 847 et
598 783 720 846 habere
741 783 881 846 alterum
903 792 1093 846 manentem
1111 781 1143 844 in

53 901 90 956 se,
112 893 162 947 est
187 885 306 947 modus
331 883 487 966 loquendi
513 904 581 965 quo
605 883 723 947 intima
747 885 931 947 amantium
955 879 1145 964 conjunctio

52 986 248 1065 exprimitur.
297 986 381 1049 item
401 986 433 1051 S.
450 987 571 1049 Paulus
587 986 685 1049 docet
702 985 881 1048 fraternam
898 986 1070 1048 caritatem
1087 1003 1145 1066 per

52 1107 169 1152 sacram
189 1093 461 1155 communionem
485 1089 690 1171 promoveri:
719 1087 915 1169 “Quoniam
936 1108 1021 1151 unus
1040 1087 1145 1169 panis,

53 1208 145 1254 unum
162 1211 281 1272 corpus
298 1192 393 1256 multi
409 1211 531 1266 sumus,
547 1190 735 1271 omnesqui
757 1191 800 1252 de
820 1209 886 1252 uno
906 1209 993 1272 pane
1012 1189 1145 1272 partici-

46 1295 220 1372 pamus”².
289 1377 293 1382 Δ
981 1315 984 1320 ·

91 1393 155 1481 (Β)
175 1399 302 1461 Revera
323 1396 531 1461 Eucharistia
554 1405 605 1458 est
625 1394 728 1458 veluti
751 1415 881 1458 sacrum
902 1395 1089 1458 convivium
1110 1395 1143 1456 in

54 1517 111 1578 quo
135 1500 273 1564 Domini
295 1519 415 1581 corpus
437 1510 470 1562 et
493 1499 629 1580 sanguis
654 1499 687 1560 in
708 1497 818 1560 cibum
844 1508 878 1560 et
904 1506 1020 1580 potum
1049 1496 1144 1560 nobis

54 1611 237 1681 praestatur;
262 1603 354 1686 atqui
374 1603 543 1686 proprium
564 1611 615 1664 est
634 1600 784 1663 alimenti
811 1610 846 1664 ut
865 1621 967 1664 unum
989 1599 1047 1664 fiat
1068 1620 1142 1663 cum

54 1706 259 1782 comedente;
288 1725 367 1786 ergo
392 1725 450 1786 per
477 1703 721 1767 Eucharistiam
750 1723 853 1766 unum
878 1703 1040 1766 efficimur
1065 1723 1142 1766 cum

55 1804 197 1870 Christo:
217 1810 307 1890 quod
324 1806 392 1870 ficri
409 1808 523 1888 nequit
540 1807 601 1868 nisi
618 1826 677 1888 per
692 1807 872 1870 caritatem.
919 1807 964 1869 Et
980 1808 1058 1888 quia
1074 1826 1146 1868 om-

56 1927 104 1971 nes
118 1912 159 1973 de
174 1911 299 1974 eodem⁴
309 1911 462 1974 convivio
478 1910 725 1992 participamus,
740 1928 857 1972 omnes
876 1897 998 1990 pariter
1013 1911 1055 1972 ad
1073 1928 1144 1972 mu·

55 2021 138 2075 tuum
155 2033 301 2076 amorem
319 2014 513 2088 incitamur;
533 2013 737 2094 quodetiam
751 2031 795 2074 ex
809 2013 878 2094 ipsa
893 2014 1029 2075 materia
1046 2012 1144 2092 hujus

56 2119 240 2182 sacramenti
268 2119 395 2200 optime
426 2118 649 2180 illustratum:
683 2117 810 2180 “Panis
836 2118 924 2179 enim
956 2137 1000 2178 ex
1032 2117 1145 2179 multis

56 2221 154 2300 granis
169 2221 349 2296 conficitur,
364 2231 397 2284 et
417 2222 530 2284 vinum
552 2220 764 2282 multitudine
785 2239 988 2282 racemorum
1009 2221 1145 2296 existit;

57 2334 146 2404 atque
161 2326 206 2388 ita
223 2345 293 2400 nos,
303 2345 377 2387 cum
395 2325 490 2388 multi
503 2325 614 2400 simus,
628 2322 726 2402 hujus
738 2324 841 2386 divini
855 2325 1002 2406 mysterii
1014 2324 1145 2386 vinculo

58 2425 226 2491 arctissime
246 2428 402 2508 colligari,
422 2435 455 2490 et
475 2437 632 2507 tanquam
654 2446 756 2488 unum
781 2446 900 2508 corpus
924 2426 1009 2490 effici
1036 2427 1144 2489 decla·

58 2530 152 2592 rant’'.
197 2531 393 2594 Notandum
419 2539 606 2592 esttamen
632 2549 691 2609 per
715 2549 841 2592 sacram
866 2529 1144 2594 Communionem

59 2651 109 2693 nos
123 2634 230 2714 potius
245 2632 471 2695 transformari
488 2633 520 2694 in
538 2631 706 2696 Christum
726 2648 823 2712 quam
842 2631 1008 2696 Christum
1027 2635 1058 2695 in
1077 2655 1145 2710 nos,

57 2731 142 2812 juxta
157 2736 236 2800 illud
255 2736 290 2799 S.
303 2736 487 2819 Augustini
494 2749 508 2790 4
519 2760 531 2798 .·
548 2734 679 2799 “Cibus
694 2755 768 2796 sum
785 2736 970 2815 grandium,
986 2756 1096 2799 cresce
1111 2748 1144 2800 et

60 2839 259 2902 manducabis
276 2859 348 2902 me:
367 2859 427 2901 nec
444 2849 479 2901 tu
497 2857 550 2900 me
566 2838 599 2899 in
614 2847 647 2899 te
663 2836 816 2908 mutabis,
830 2839 914 2899 sicut
930 2838 1022 2900 cibus
1039 2842 1145 2902 carnis

60 2947 123 3017 tuae,
133 2944 188 3005 sed
205 2951 241 3006 tu
258 2942 439 3006 mutaberis
455 2942 487 3003 in
505 2961 557 3002 me
570 2941 595 3004 '’.
632 2941 702 3002 Nec
720 2940 838 3002 mirum
853 2964 861 3018 ;
882 2959 959 3000 nam
976 2943 1145 3022 potentius

61 3055 151 3109 mutat
168 3047 199 3107 in
217 3065 252 3107 se
267 3046 357 3126 quod
375 3043 516 3107 debilius
532 3052 598 3120 est;
619 3063 722 3124 quum
740 3043 837 3122 igitur
854 3040 1004 3106 Christus
1024 3044 1067 3106 sit
1087 3065 1144 3107 no·

60 3143 102 3208 bis
116 3151 286 3229 potentior,
302 3169 363 3211 nos
381 3148 411 3210 in
429 3147 573 3228 seipsum
592 3145 813 3208 transformat.

97 3298 154 3365 105
202 3285 313 3367 Quam
334 3281 426 3348 ardta
443 3285 486 3346 sit
510 3283 565 3345 illa
586 3283 664 3344 unio
679 3300 755 3344 cum
774 3280 908 3344 Christo
925 3284 1039 3346 Patres
1056 3305 1144 3347 com-

62 3388 270 3462 parationibus
291 3386 479 3461 illustrant;
497 3385 597 3466 juxta
616 3384 650 3446 S.
670 3383 767 3462 cyril.
785 3383 966 3447 Hieromus
987 3386 1146 3450 efficimur

63 3491 75 3516 ‘²
84 3491 266 3572 cornorporei
278 3501 309 3553 et
322 3488 552 3570 consanguinei
570 3486 695 3550 Christi
702 3487 734 3560 '',·
754 3485 853 3566 juxta
872 3487 906 3550 5.
921 3489 1017 3568 Cyril.
1029 3490 1145 3574 Alex.⁶,

64 3591 132 3656 sicut
145 3597 170 3656 si
186 3595 258 3676 quis
275 3591 461 3675 liqueiadtae
481 3611 564 3654 cerae
580 3591 678 3652 aliam
697 3610 804 3651 ceram
824 3588 987 3662 infuderit,
1003 3590 1142 3653 alteram

64 3711 124 3757 cum
143 3698 241 3760 altera
263 3716 322 3778 per
341 3704 448 3758 totum
469 3693 684 3756 commisceat
705 3710 838 3753 necesse
858 3701 917 3764 est,
933 3692 979 3752 sic
1000 3693 1055 3771 qui
1076 3712 1144 3754 car-

65 3813 125 3860 nem
140 3809 172 3862 et
185 3800 380 3880 sanguinem
398 3797 536 3860 Domini
553 3796 678 3876 recipit,
688 3815 763 3856 cum
778 3794 850 3874 ipso
864 3793 910 3854 ita
923 3794 1144 3874 conjungitur,

65 3909 93 3960 ut
106 3899 246 3966 Christus
262 3903 294 3964 in
314 3903 386 3982 ipso
400 3909 435 3962 et
451 3899 566 3980 ipsein
580 3898 713 3961 Christo
726 3897 910 3960 inveniatur
920 3897 945 3958 ”.
992 3897 1055 3959 illa
1067 3901 1145 3961 unio

93 4104 98 4134 ¹
105 4105 163 4172 Joa.
178 4105 225 4176 Vl,
250 4122 289 4176 57.
304 4137 337 4146 -
355 4111 365 4134 ²
383 4109 403 4161 I
419 4108 482 4162 Cor.
500 4108 535 4172 X,
557 4121 597 4173 17.
614 4138 647 4145 —
665 4105 676 4136 ³
693 4104 802 4162 Catech.
822 4105 849 4157 Τ
847 4105 946 4158 rident.
967 4105 1002 4158 de
1022 4106 1142 4159 Euchar.

65 4205 85 4340 ΙΙΙ·
107 4204 140 4258 15.
154 4223 186 4231 -
197 4195 207 4225 ⁴
219 4195 344 4249 Confess.
365 4196 381 4248 1.
396 4196 464 4261 V11,
483 4211 506 4248 c.
532 4212 572 4248 ιο.
588 4226 621 4233 -
634 4191 644 4220 ⁵
659 4195 772 4248 Catech.
792 4203 873 4260 myst.
895 4209 919 4256 4.
936 4223 968 4230 -
987 4189 997 4221 ⁶
1012 4193 1070 4244 Lib.
1085 4207 1101 4254 ⁴
1115 4193 1143 4244 in

81 4290 120 4326 oa.
134 4293 153 4330 c.
169 4292 205 4346 17·
