2794 4662
212 175 278 224 700
483 174 540 224 DE
561 174 642 224 otto
663 174 1039 225 Rettulit-:narona

212 353 341 417 “Ibunt
367 354 401 416 hi
429 355 461 416 ln
490 355 690 437 supplicium
717 365 881 430 aeternum,
903 354 983 436 justi
1010 365 1122 418 autern
1152 353 1185 414 in
1209 353 1310 414 vitam

212 457 398 521 aeternam'’·
428 457 506 538 (46).
569 459 670 522 Unde
700 460 748 520 sic
777 482 784 521 ε
823 459 867 522 ibi
899 466 1064 521 tormenta
1096 455 1310 536 reproborum

212 571 337 624 aeterna
361 561 518 624 dicuntur
541 562 656 623 eodem
684 580 781 623 sensu
805 581 844 623 ac
867 561 1032 642 justorum
1058 557 1219 640 praemia;
1249 555 1311 617 hoc

213 666 301 726 enlm
328 665 434 746 exigit
454 663 725 744 parallelorum
760 663 862 744 atqui,
887 662 988 742 juxta
1014 681 1146 734 omnes,
1174 657 1312 740 praemia

210 765 375 848 justorum
392 776 470 829 sunt
485 766 556 828 sine
572 765 637 828 fine
649 767 806 828 duratura
821 787 827 838 ;
850 784 936 846 ergo.
985 763 1074 827 Hinc
1091 761 1180 826 recte
1194 761 1231 824 S.
1242 761 1272 822 Α
1278 781 1312 820 u·

207 869 384 952 gastinus¹
397 895 409 934 .·
432 870 609 934 “Christus
627 871 659 932 in
674 889 740 932 uno
753 870 939 949 eodemque
955 867 1037 940 loco,
1050 866 1082 927 itt
1100 868 1168 927 una
1180 863 1312 926 eadem·

213 993 278 1054 que
300 973 465 1036 sententia
488 971 594 1034 dicit:
618 972 712 1034 ibunt
727 972 786 1034 isti
802 983 873 1046 etc,
888 971 915 1032 si
940 980 1117 1050 utrumque
1140 979 1312 1041 aeternum,

213 1074 362 1158 profedto
385 1087 443 1138 aut
467 1086 644 1157 utrumque
660 1095 735 1137 curn
761 1073 826 1136 fine
842 1076 1045 1147 dluturnum,
1062 1081 1118 1134 aut
1134 1081 1313 1151 utrumque

213 1181 284 1243 sIne
307 1178 372 1242 fine
395 1190 592 1262 perpetuum
617 1179 717 1241 debet
741 1179 888 1258 intelligi,
913 1197 973 1259 par
996 1175 1066 1258 pari
1094 1175 1184 1236 enirn
1211 1172 1313 1234 relata

214 1293 299 1345 sunt.
341 1283 431 1346 Hinc
447 1282 647 1364 supplicium
664 1291 836 1356 aeternum,
849 1281 926 1343 Inde
942 1281 1010 1342 vita
1026 1287 1158 1340 aeterna.
1196 1276 1314 1336 Dicere

214 1395 326 1449 autem
345 1385 376 1448 itt
394 1385 457 1447 hoc
472 1404 541 1447 uno
557 1385 743 1465 eodemque
758 1383 827 1446 vita
844 1393 969 1445 aeterna
985 1381 1055 1443 sine
1072 1377 1137 1441 fine
1153 1378 1225 1454 erit,
1238 1397 1314 1458 sup-

214 1489 348 1570 plicium
375 1499 536 1550 aeternum
560 1487 659 1550 linem
686 1487 831 1562 habebit,
856 1487 997 1548 multum
1022 1481 1205 1544 absurdum
1229 1481 1314 1542 est¹’.

215 1591 366 1654 Tandem
384 1591 491 1653 notari
509 1600 620 1672 potest
637 1589 777 1670 praelata
792 1588 892 1652 verba
908 1608 928 1649 a
939 1587 1061 1668 judice,
1078 1605 1139 1666 pro
1156 1583 1313 1646 tribunali

215 1696 360 1769 sedente,
372 1694 563 1756 solemniter
575 1712 646 1755 esse
664 1693 859 1774 proferenda
874 1714 880 1762 ;
904 1709 1002 1772 porro
1015 1688 1131 1770 judex,
1145 1687 1177 1748 itt
1191 1687 1314 1749 talibus

215 1799 471 1860 circumstantiis
495 1797 632 1878 positus
655 1799 787 1878 proprie
810 1805 843 1858 et
867 1791 980 1857 stricte
1006 1792 1095 1872 loqui
1119 1791 1229 1864 debet,
1252 1790 1314 1851 nisi

215 1901 366 1981 decipere
382 1900 461 1962 velit
475 1920 482 1976 ;
506 1919 592 1979 crgo.

260 2021 306 2084 13.
352 2002 404 2084 (b)
421 2001 521 2083 Quod
543 2001 644 2063 etiarn
667 2001 826 2082 probatur
842 2022 885 2062 ex
908 2000 946 2061 iis
968 1997 1128 2070 textibus,
1145 1997 1176 2057 in
1195 1995 1315 2076 quibus

215 2106 370 2169 asseritur
386 2124 503 2186 poenas
521 2102 639 2166 inferni
657 2103 783 2186 nullum
796 2104 902 2186 finem
919 2099 1090 2162 habituras
1107 2122 1119 2160 .·
1142 2103 1158 2129 “
1169 2097 1204 2162 Si
1222 2117 1316 2159 scan-

215 2207 406 2271 dalizaverit
422 2216 456 2269 te
473 2225 591 2268 manus
607 2217 674 2280 tua,
691 2206 825 2269 abscide
841 2205 949 2278 illam;
972 2204 1097 2265 bonum
1116 2211 1167 2264 est
1183 2201 1243 2264 tibi
1259 2201 1316 2262 de·

216 2312 315 2374 bilem
335 2311 469 2374 Introire
487 2311 519 2372 ln
537 2311 650 2383 vitam,
666 2329 767 2389 quarn
785 2311 868 2371 duas
886 2327 1004 2370 manus
1020 2305 1202 2367 habentem
1219 2305 1266 2366 irc
1283 2305 1314 2365 in

215 2414 401 2497 gehennam
413 2426 434 2487 2,
451 2412 507 2474 ubi
524 2411 644 2474 vermis
661 2431 775 2474 eorum
793 2433 854 2473 non
871 2411 1018 2486 moritur,
1034 2421 1065 2474 et
1084 2412 1172 2492 ignis
1188 2433 1250 2474 non
1265 2433 1316 2472 ex·

215 2516 446 2596 stinguitur³;
469 2534 545 2595 quae
568 2515 785 2579 comminatio
810 2523 859 2576 ter
883 2516 1042 2596 repetitur
1064 2533 1141 2576 curn
1167 2515 1316 2576 maxima

215 2617 373 2699 emphasi.
432 2615 591 2680 Similiter
620 2615 654 2677 S.
681 2616 811 2678 Paulus
837 2616 960 2697 pluries
986 2617 1029 2680 de
1058 2617 1180 2698 Iniquis
1208 2617 1316 2680 dicit:

216 2719 298 2781 “An
318 2720 452 2781 nescitis
468 2719 543 2800 quia
561 2717 663 2798 iniqui
682 2739 816 2799 regnum
833 2718 901 2782 Dei
914 2741 976 2782 non
986 2719 1246 2801 possidebuntP...
1262 2721 1315 2801 qui

250 2891 260 2922 ¹
274 2894 319 2946 De
334 2892 414 2946 Civit.
430 2890 494 2957 Dei,
509 2892 588 2954 XXI,
603 2905 645 2958 23.

251 2978 261 3008 ²
273 2979 404 3032 Gelrenna
414 2980 517 3032 vallem
530 2978 698 3046 designabat
709 2995 795 3048 prope
808 2975 975 3048 Jerusalem,
987 2982 1015 3034 in
1026 2997 1082 3050 qua
1093 2981 1153 3050 jam
1164 2999 1182 3035 a
1193 2993 1317 3051 ternpore

216 3068 302 3136 Josiae
313 3069 366 3134 (IV
375 3068 441 3136 Reg.
451 3067 566 3132 XXIII,
579 3067 620 3133 ιο)
631 3066 868 3121 comburebantur
878 3069 1017 3123 cadavera
1027 3080 1054 3123 et
1067 3069 1124 3123 alia
1137 3070 1318 3138 hujusmodi:

215 3155 289 3220 hinc,
303 3170 389 3222 quum
402 3163 478 3206 esset
492 3153 569 3206 Iocus
581 3152 747 3217 horrendus,
763 3154 822 3222 ejus
836 3171 938 3209 nornen
952 3157 989 3209 ad
1003 3156 1212 3224 designandum
1227 3157 1317 3209 locum

216 3258 272 3310 quo
286 3240 411 3294 damnati
426 3250 597 3309 torquentur,
615 3241 783 3292 translatum
796 3250 848 3293 est.
887 3241 941 3306 (ct.
953 3241 1059 3295 Oxenk.
1070 3247 1113 3310 op.
1127 3244 1183 3308 cit,
1201 3255 1249 3312 155
1263 3247 1319 3310 sq.)

218 3329 280 3382 Nec
293 3327 387 3381 dicere
402 3327 482 3396 juvat
502 3343 566 3379 curn
578 3327 694 3378 Farrar
705 3327 833 3391 (Eternal
851 3329 942 3396 Hope,
959 3345 985 3396 p.
1001 3329 1056 3394 81),
1072 3340 1200 3397 ternpore
1214 3327 1317 3382 Christi

216 3431 284 3468 voce
298 3413 427 3483 gehenna
444 3411 514 3465 nihil
532 3411 609 3466 aliud
623 3429 640 3465 a
652 3411 759 3479 Judaeis
779 3411 952 3467 intellectum
970 3413 1057 3468 luisse
1076 3414 1130 3468 nisi
1149 3413 1318 3484 supplicium

217 3502 279 3570 plus
289 3501 417 3552 minusve
429 3499 599 3565 diuturnum,
612 3515 667 3550 non
679 3509 772 3552 autem
784 3499 985 3568 sempiternum
989 3517 998 3567 3
1015 3517 1080 3554 nam
1089 3500 1182 3568 Judaet
1194 3511 1320 3570 tempore

219 3585 321 3640 Christi
335 3596 440 3639 aeterna
453 3602 517 3638 esse
530 3584 729 3638 damnatorum
743 3594 882 3638 tormenta
896 3586 1058 3649 credebant,
1074 3596 1104 3640 ut
1118 3586 1213 3654 colligi
1227 3599 1321 3656 potest

217 3690 251 3726 ex
264 3671 347 3726 variis
361 3672 438 3725 libris
452 3683 519 3724 ante
534 3669 649 3724 Messiae
661 3672 813 3726 adventum
829 3673 940 3741 scriptis
953 3671 1070 3741 (Judr'tlr
1085 3674 1166 3736 XVI,
1185 3687 1217 3737 17
1231 3694 1237 3732 ;
1256 3675 1317 3728 fir.

218 3759 325 3825 Enoch,
342 3775 366 3812 c.
385 3773 398 3826 5
413 3779 419 3822 ;
439 3759 488 3810 IV
496 3759 581 3812 Esdr.
598 3758 672 3826 apud
688 3759 787 3828 Pusey,
804 3776 849 3827 op.
866 3759 912 3812 cit·
929 3776 956 3828 p.
974 3761 1026 3829 59),
1045 3775 1156 3813 necnon
1171 3777 1205 3814 ex
1218 3761 1261 3815 ets
1273 3761 1319 3830 qui

218 3847 302 3914 paulo
321 3857 385 3914 post
404 3863 421 3898 a
441 3845 579 3899 Rabbinis
598 3845 758 3900 concinnati
778 3847 854 3901 fuere
871 3846 984 3916 (Ptesey,
1000 3847 1017 3900 l.
1034 3863 1058 3899 c.
1074 3863 1101 3916 p.
1118 3861 1149 3912 71
1166 3847 1224 3918 sq.)
1264 3849 1321 3903 Sed

218 3932 328 3985 etiarnsi
347 3932 438 3998 Judaei
459 3933 511 3985 hac
531 3932 567 3985 de
586 3949 616 3985 re
634 3933 817 4000 erravissent,
841 3933 970 3986 Christus
989 3932 1027 3986 uti
1052 3943 1161 4002 poterat
1182 3935 1321 3987 vocabulo

215 4019 341 4086 gehenna
355 4019 393 4070 ad
406 4017 614 4086 designandum
633 4019 725 4072 Iocum
739 4037 833 4073 corum
847 4021 893 4088 qui
911 4020 948 4072 ad
961 4029 1067 4073 aeterna
1086 4019 1222 4088 supplicia
1241 4021 1320 4074 dant-

220 4114 330 4164 nantur,
346 4104 499 4157 dummodo
519 4107 592 4158 clare
611 4115 639 4157 et
658 4118 753 4174 aperte
772 4122 853 4161 suam
873 4115 997 4160 mentem
1016 4106 1223 4170 manifestaret,
1240 4119 1321 4176 prout

222 4203 318 4240 revera
331 4188 520 4241 manifestavit
532 4191 584 4242 loc.
601 4191 703 4246 citatis.

255 4270 370 4321 “Mara
389 4270 440 4329 IX,
456 4285 489 4335 42
503 4287 566 4340 sq.;
592 4273 677 4328 Mart.
696 4276 807 4343 XVIII,
824 4277 866 4345 38.
