2770 4652
244 175 313 224 482
630 173 963 224 PRoLttoounna.

243 359 344 422 etiam
357 369 537 440 antequam
552 359 608 422 iex
622 362 764 442 positiva
774 360 909 422 condita
925 357 1048 429 suisset
1059 357 1102 418 ad
1116 353 1323 418 remissionem

244 465 371 544 peccati
389 464 613 543 requireretur.

244 565 293 646 (c)
309 565 386 626 Καί.
402 565 492 627 theol.
539 567 697 627 Peccator
712 566 831 628 salvari
852 566 966 645 nequit
983 564 1045 625 nisi
1062 563 1152 644 prius
1167 582 1186 623 a
1201 561 1268 623 Deo
1284 580 1324 621 re·

245 668 436 730 missionem
453 668 580 748 peccati
598 669 647 730 sui
664 668 890 749 impetraverit
906 689 913 742 ;
939 665 1032 746 atqui
1053 665 1125 726 sine
1146 663 1325 745 poenitentia

245 769 338 832 Deus
354 779 492 852 peccata
508 771 675 833 remittere
688 772 803 852 nequit
816 793 824 846 ;
845 769 1004 850 snpientia
1020 770 1109 831 enim
1123 777 1211 830 vetat
1223 786 1259 828 ne
1270 765 1325 827 sibi

244 874 441 948 reconciliet,
454 893 514 935 nec
531 874 563 934 in
580 893 674 935 suam
688 874 868 935 amicitiam
886 872 1022 952 recipiat
1037 891 1138 952 quem
1151 891 1171 932 a
1181 890 1214 932 se
1223 869 1325 931 voiun-

244 980 327 1040 tarie
342 997 504 1052 aversum,
520 987 553 1039 et
577 978 609 1038 in
635 979 762 1058 peccati
786 997 899 1040 amore
921 975 1128 1038 obstinatum
1145 972 1324 1053 cognoscit:

244 1081 306 1143 hoc
329 1082 418 1144 enim
443 1081 523 1143 nihil
547 1080 636 1142 aliud
659 1093 744 1144 esset
767 1081 829 1143 nisi
853 1090 1026 1162 peccatum
1051 1079 1159 1158 ipsum
1185 1076 1283 1138 fovere
1297 1083 1325 1134 et

240 1186 429 1265 praemiari;
460 1185 594 1266 insuper
603 1184 745 1266 Jirstr'tia
768 1185 922 1267 prohibet
943 1202 984 1245 ne
1005 1180 1134 1244 offensa
1156 1181 1326 1242 remittatur

243 1285 314 1346 sine
330 1284 441 1365 aliqua
458 1285 687 1366 reparatione;
709 1284 868 1346 sanciitos
882 1304 924 1346 ne
939 1285 1002 1347 sibi
1022 1286 1119 1348 uniat
1135 1279 1253 1366 aliquid
1274 1284 1325 1344 im·

243 1409 362 1470 purum
374 1387 630 1470 peccatoadbuc
641 1387 822 1451 adhaerens
844 1388 1001 1468 Jamvero
1010 1389 1066 1471 qui
1079 1390 1222 1470 graviter
1231 1405 1326 1469 pecca·

243 1492 300 1565 vit,
315 1491 417 1552 etiam
434 1511 479 1552 ex
503 1490 689 1572 fragilitate,
707 1501 820 1553 manet
837 1511 856 1552 a
874 1491 948 1553 Deo
970 1511 1113 1566 aversus,
1130 1488 1326 1552 habitualiter

243 1595 371 1668 saltem,
383 1597 568 1675 usquedum
586 1596 756 1676 poeniteat,
773 1615 879 1676 neque
894 1593 1055 1656 offensam
1073 1593 1150 1656 Deo
1166 1594 1325 1674 irrogatam

243 1717 304 1778 pro
317 1717 415 1777 posse
432 1706 571 1777 reparat,
586 1699 643 1760 sed
662 1698 694 1758 in
712 1703 751 1760 ea
768 1707 962 1779 perseverat,
973 1708 1006 1760 et
1022 1707 1162 1779 peccato
1177 1695 1327 1758 adhaerere

243 1800 372 1881 pergit;
395 1819 476 1881 ergo
493 1799 585 1862 Deus
602 1811 776 1882 peccatum
794 1803 960 1864 remittere
975 1802 1099 1882 nequit,
1115 1800 1249 1862 attentis
1270 1799 1326 1858 suis

244 1902 420 1976 attributis
430 1903 492 1964 nisi
505 1915 660 1985 peccator
676 1925 734 1986 per
745 1902 856 1968 abtum
870 1905 1076 1986 poenitentiae
1092 1905 1134 1966 ad
1150 1903 1255 1965 Deum
1267 1919 1327 1962 sese

243 2015 415 2068 convertat
429 2027 436 2081 ;
459 2026 539 2086 ergo
555 2007 626 2068 sine
642 2008 840 2088 poenitentia
857 2017 1010 2088 peccator
1025 2007 1145 2069 salvari
1163 2005 1279 2086 nequit.

288 2121 335 2172 to.
385 2104 451 2192 (B)
471 2109 591 2190 Quoad
610 2111 824 2172 necessitatem
833 2109 990 2190 praecepti.
1036 2109 1085 2188 (a)
1101 2108 1215 2190 Scrr'pt.
1228 2117 1327 2170 textus

243 2213 334 2273 allati
357 2231 424 2274 rem
444 2211 514 2291 jam
531 2213 764 2275 demonstrant
779 2235 786 2289 ;
811 2213 902 2276 Deus
918 2213 1005 2275 enim
1023 2213 1252 2275 necessitatem
1268 2229 1326 2291 pre·

244 2313 394 2376 nitentiae
416 2323 484 2375 tam
508 2315 695 2396 emphatice
717 2315 927 2390 declarando,
944 2316 1170 2397 minandoque
1190 2312 1326 2396 gravissi·

244 2437 315 2480 mas
343 2435 460 2496 prenas
486 2417 774 2498 impoenitentibus
802 2421 882 2482 satis
906 2420 992 2482 clare
1015 2419 1223 2482 voluntatem
1246 2435 1324 2479 suan

244 2517 435 2580 manifestat
457 2529 492 2580 ut
514 2539 630 2582 omnes
654 2523 885 2602 poenitentiam
908 2542 1006 2603 agere
1027 2532 1210 2585 teneantur.
1254 2521 1324 2582 Pne-
1369 2541 1370 2586 t

244 2633 333 2684 terea
349 2621 381 2684 id
398 2622 461 2684 sub
477 2635 644 2704 praecepto
660 2625 750 2688 cadit
766 2628 855 2706 quod
878 2627 934 2706 qui
957 2626 1091 2700 omittit,
1109 2624 1324 2688 inobedientia
1369 2627 1370 2670 t

244 2723 280 2787 fit
302 2744 375 2787 reus
391 2746 398 2802 ;
422 2744 520 2805 porro
535 2727 591 2807 qui
616 2729 779 2808 poenitere
794 2729 912 2803 renuit,
928 2729 1163 2790 inobedientiae
1179 2725 1323 2790 convinci·

243 2839 305 2904 tur,
320 2838 354 2891 et
377 2828 512 2910 quidem
537 2831 655 2909 gravis,
672 2850 747 2893 cum
772 2832 864 2911 gravi
888 2831 1046 2912 puniatur
1068 2837 1195 2913 poena:
1226 2829 1323 2910 “Quia

243 2933 358 2996 vocavi
375 2941 408 2994 et
425 2933 588 3006 renuistis,
604 2936 742 2997 extendi
768 2954 903 2996 manum
921 2954 1039 3010 meam,
1055 2944 1088 2996 et
1111 2953 1177 2996 non
1204 2933 1260 2995 suit
1279 2931 1322 3011 qui

244 3037 440 3116 aspiceret,...
452 3055 515 3116 ego
531 3057 665 3117 quoque
681 3040 714 3098 in
732 3038 866 3099 interitu
879 3047 989 3099 vestro
1005 3037 1121 3099 ridebo
1131 3038 1147 3062 ''
1160 3049 1179 3099 ¹.
1227 3036 1322 3098 Aliun-

244 3139 285 3200 de
303 3137 452 3200 Christus
477 3139 537 3200 sub
561 3138 667 3202 forma
690 3142 846 3221 praecepti
871 3141 1103 3221 poenitentiam
1127 3139 1322 3222 praedicavit:
1368 3199 1369 3218 ff

245 3247 259 3272 ¹⁶
270 3239 403 3302 Exinde
413 3241 619 3321 coepitJesus
631 3243 810 3324 praedicare
821 3243 992 3305 etdicere:
1008 3242 1323 3324 ptrrn'tentinmagr'te;
1368 3237 1369 3274 i

244 3343 523 3427 appropinquavit
544 3347 632 3407 enim
656 3365 794 3426 regnum
815 3347 974 3408 coelorum
986 3346 1002 3370 '¹
1012 3358 1033 3407 ².
1081 3345 1217 3407 Frustra
1232 3354 1323 3406 autent

243 3447 398 3528 objicitur
412 3447 565 3528 gratiam,
583 3448 658 3512 licet
675 3452 716 3512 ad
735 3449 877 3512 salutem
895 3449 1126 3524 necessariam,
1144 3468 1209 3510 non
1227 3449 1325 3510 cadere

244 3553 305 3614 sub
322 3551 455 3632 speciali
474 3564 665 3633 praecept03
687 3553 795 3634 gratia
811 3553 974 3635 siquidem
998 3570 1063 3614 non
1087 3561 1138 3614 est
1159 3551 1268 3624 virtus,
1281 3548 1324 3610 sed
1367 3551 1368 3568 ¹

243 3655 388 3716 medium
407 3655 448 3716 ad
466 3654 632 3729 virtutem,
650 3657 791 3738 ideoque
808 3677 874 3719 non
895 3656 1084 3739 praecipitur
1100 3653 1224 3718 directe
1240 3679 1247 3734 ;
1271 3673 1325 3735 pte·
1367 3681 1368 3736 t

244 3758 385 3819 nitentia
401 3767 512 3820 autem
530 3760 682 3840 specialis
695 3762 799 3823 virtus
815 3773 865 3823 cst
881 3781 925 3822 ex
942 3757 1048 3834 dietis,
1062 3759 1265 3840 proindeque
1278 3756 1326 3819 sub
1367 3748 1368 3765 ¹

244 3869 413 3940 praecepto
428 3860 525 3921 cadit.

243 3963 294 4042 (b)
321 3961 396 4022 Καὶ.
442 3963 592 4044 Quisque
618 3974 758 4041 tenetur,
782 3968 814 4028 vi
832 3967 985 4047 Jirstitioe,
1010 3985 1161 4047 reparare
1190 3965 1321 4046 injuriant

243 4063 338 4125 alteri
357 4061 504 4138 iliatam;
527 4067 618 4145 atqui
636 4067 747 4142 homo,
765 4089 822 4148 per
847 4079 1019 4150 peccatum
1046 4069 1197 4144 mortale,
1211 4083 1323 4152 gravent

445 4279 532 4334 ²433·
550 4297 583 4305 -
596 4265 606 4295 ²
619 4271 705 4325 rtlatt.
725 4273 773 4339 IV,
791 4288 829 4340 17.
