2794 4662
418 203 473 252 DE
492 203 779 254 Marntuortto.
1080 197 1146 252 640

35 392 153 444 tatem
171 387 372 450 sacramenti
390 387 450 449 fuit
467 386 621 464 evetium
643 408 723 470 ergo
745 389 776 450 in
794 407 872 450 casu
896 385 1050 468 prasenti
1070 402 1147 446 con-

35 484 176 548 tractus
193 498 245 550 est
262 509 337 552 vere
359 501 614 555 sacramentum.
663 491 732 553 Nec
753 491 883 552 dicatur
903 497 1147 551 sacramentum

37 609 112 650 non
135 609 235 670 posse
250 590 438 667 claudicare,
452 613 509 655 seu
526 614 598 654 esse
615 592 760 655 validum
779 593 811 654 in
829 612 905 666 uno,
922 592 953 654 in
971 590 1076 653 altero
1092 611 1147 652 au·

37 700 113 754 tem
135 692 336 769 invalidum;
360 693 422 756 hoc
435 695 523 756 enim
541 697 644 776 gratis
661 715 793 777 prorsus
807 695 971 768 asseritur,
981 703 1022 763 et,
1033 713 1147 775 quam·

36 795 91 854 vis
113 793 280 858 fateamur
296 815 364 858 rem
382 817 401 858 a
421 796 483 858 Dei
501 798 673 876 voluntate
690 798 844 881 pendere,
860 818 899 860 ex
912 818 944 860 se
968 806 1080 858 tamen
1103 795 1149 857 nil

37 897 206 976 prohibet
226 897 305 978 quin
324 918 427 960 unum
451 899 606 980 idemque
625 911 869 964 sacramentum
887 901 930 962 sit
946 898 1093 960 validum
1116 898 1148 960 in
1169 889 1172 897 ’

37 1020 124 1074 uno,
148 1000 206 1080 qui
232 999 323 1064 nullo
348 1000 588 1082 impedimento
613 1003 750 1077 laborat,
774 1003 955 1064 invalidum
979 1012 1091 1064 autem
1116 1001 1149 1062 in

36 1101 154 1164 altero
178 1103 233 1183 qui
257 1105 456 1168 sacramenti
480 1115 531 1168 est
553 1105 719 1188 incapax;
744 1125 856 1168 revera
879 1105 1045 1167 absolutio
1068 1105 1149 1166 duo-

38 1207 106 1266 bus
126 1205 225 1267 simul
243 1206 324 1270 data
336 1191 447 1267 valida
459 1190 530 1267 esse
544 1189 662 1287 potest
672 1228 732 1288 pro
745 1228 786 1269 eo
798 1208 853 1288 qui
867 1218 917 1270 est
934 1203 1022 1270 redte
1038 1206 1148 1287 dispo-

37 1310 139 1382 situs
158 1292 439 1374 invalidaautem
465 1330 525 1391 pro
545 1329 586 1372 eo
607 1311 663 1391 qui
687 1311 886 1372 contritione
910 1321 1007 1373 caret.
1057 1309 1147 1373 Addi

37 1413 150 1473 ctiam
165 1420 280 1491 -potcst
296 1412 510 1475 durissimum
528 1411 628 1474 luisse
645 1412 842 1476 Christianis
861 1397 1063 1487 mulieribus,
1075 1433 1150 1494 quae

38 1513 212 1596 prioribus
223 1514 352 1576 saeculis
363 1514 513 1576 ethnicos
528 1515 558 1576 in
575 1517 824 1578 matrimonium
838 1517 959 1579 ducere
969 1515 1148 1591 debebant,

38 1616 169 1697 privari
186 1618 293 1696 gratia
309 1615 540 1678 sacramentali
559 1617 637 1698 ipsis
656 1626 724 1680 tam
743 1619 934 1681 necessaria.

41 1779 109 1836 IV.
131 1779 188 1838 De
210 1773 400 1852 potestate
417 1779 520 1851 leges
538 1780 685 1838 terendi
704 1783 806 1841 circa
824 1761 1116 1844 matrimonium
1130 1779 1150 1840 ¹.

48 1915 52 1920 ’
87 1931 139 1994 32.
190 1916 301 1997 Quum
321 1917 522 1980 matrimonii
540 1916 730 1982 contractus
755 1921 796 1982 ad
821 1921 1020 2004 dignitatem
1044 1944 1150 1985 sacra·

41 2022 155 2083 menti
181 2021 276 2084 luerit
301 2018 443 2096 evetius
459 2042 499 2084 eo
524 2024 595 2103 ipso
614 2023 773 2085 Ecclesiae
790 2027 947 2104 potestati
968 2026 1149 2106 subjicitur.

46 2125 153 2186 Hanc
182 2133 293 2186 tamen
323 2119 481 2188 Ecclesiae
508 2123 740 2189 audioritatem
767 2131 929 2208 negarunt
954 2150 1018 2192 non
1043 2131 1150 2191 solum

42 2229 241 2302 ,tarracona
251 2229 306 2308 qui
321 2229 569 2291 matrimonium
585 2230 743 2292 tenebant
755 2240 992 2292 sacramentum
1004 2253 1066 2293 non
1078 2251 1150 2308 esse,

41 2319 105 2392 sed
124 2331 225 2393 etiam
245 2330 293 2392 M.
312 2331 352 2392 Α.
370 2331 408 2393 de
425 2331 586 2405 Dominis,
604 2333 740 2408 eruraeoi,
756 2333 933 2413 Regalrstoe
955 2354 1020 2396 non
1045 2336 1152 2416 pauci,

42 2453 179 2495 necnon
184 2433 384 2516 Jnrrsem'slae
395 2435 451 2514 qui
471 2435 609 2516 Synodo
624 2437 814 2498 Pistoriensi
828 2437 856 2518 (ι
864 2439 940 2520 786)
954 2438 1150 2502 adsuerunt:

42 2539 100 2602 isti
113 2538 279 2619 siquidem
290 2539 410 2602 docere
422 2559 486 2601 non
499 2540 697 2602 entbuerunt
710 2550 911 2621 potestatem
927 2541 1015 2622 leges
1028 2541 1151 2604 terendi

43 2643 136 2702 circa
160 2641 376 2704 christianum
403 2641 662 2715 matrimonium,
688 2643 869 2722 praesertim
896 2644 937 2705 ad
966 2642 1152 2704 dirimenda

44 2744 273 2820 matrimonia,
285 2745 449 2830 pertinere
461 2743 503 2806 ad
522 2745 610 2806 solos
624 2745 788 2826 principes
802 2747 984 2822 saeculares,
997 2769 1061 2809 non
1075 2767 1153 2809 vero

44 2850 89 2910 ad
120 2847 315 2923 Ecclesiam,
341 2849 402 2910 nisi
430 2847 514 2909 sorte
539 2867 581 2909 ex
609 2848 794 2929 principum
819 2849 1032 2930 indulgentia.
1067 2850 1152 2912 Prae·

44 2962 141 3014 terea
157 2951 310 3014 catholici
328 2949 479 3012 aridiores
496 2970 562 3011 non
581 2951 686 3028 pauci,
704 2951 885 3030 praesertim
908 2951 940 3012 in
959 2950 1077 3026 Gallia,
1093 2972 1152 3034 pu·

44 3061 164 3118 tarunt
189 3063 390 3136 potestatem
415 3053 654 3134 impedimenta
678 3054 867 3114 dirimentia
893 3055 1060 3118 statuendi
1085 3075 1150 3117 non

44 3161 157 3222 solum
177 3158 346 3234 Ecclesiae,
363 3162 420 3221 sed
438 3159 538 3220 etiam
557 3157 760 3238 principibus
778 3169 976 3238 competere,
989 3159 1066 3240 quia
1084 3180 1151 3220 ma-

46 3263 244 3325 trimonium
270 3272 320 3324 est
345 3259 535 3323 contractus
567 3270 637 3322 tum
667 3261 771 3321 civilis
802 3271 872 3322 tum
901 3261 1149 3325 ecclesiasticus.

47 3366 137 3447 Quoe
155 3375 266 3427 tamen
284 3365 399 3446 opinio
415 3364 523 3438 hodie,
537 3374 612 3443 post
630 3363 786 3443 repetitas
802 3364 832 3427 S.
848 3365 944 3428 Sedis
957 3367 1151 3428 declaratio-

48 3491 118 3544 nes,
132 3470 264 3532 admitti
283 3470 404 3550 nequit.
452 3468 542 3550 Quid
558 3465 716 3541 Ecclesia,
731 3463 813 3548 quid'
826 3478 974 3548 potestas
991 3469 1094 3531 civilis
1107 3471 1148 3532 de

49 3573 266 3635 matrimonio
283 3573 388 3654 possit
404 3572 580 3634 decernere
594 3580 776 3652 sequentes·
786 3571 1029 3651 propositiones
1041 3572 1150 3635 decla·

49 3679 181 3740 rabunt

87 3891 93 3912 ¹
109 3892 138 3942 S.
157 3888 261 3953 Thon,
272 3887 434 3954 Quodlibet.
447 3887 482 3950 V,
492 3903 517 3939 a.
534 3899 574 3953 153
597 3884 796 3950 Bellarmr'mes,
810 3901 832 3948 c,
846 3900 891 3952 3²3
911 3883 1044 3947 Sanciae,
1053 3884 1069 3938 l.
1080 3885 1147 3954 Vll,

52 3975 122 4044 disp.
140 3975 185 4026 ΙΙΙ
200 3993 207 4038 ;
227 3975 350 4038 Drouiu,
365 3974 380 4026 l.
399 3973 449 4038 lx,
463 3990 488 4042 q.
506 3973 554 4036 Vl,
568 3989 591 4024 c.
611 3987 617 4022 t
635 3991 641 4034 ;
661 3971 798 4037 Billunrl,
813 3971 880 4023 diss.
898 3971 983 4035 v1,a.
999 3985 1063 4038 2·3;
1085 3973 1153 4026 Car-

51 4062 132 4124 riire,
150 4079 176 4131 p.
196 4061 251 4124 ΙΙΙ,
268 4061 335 4115 seii.
356 4062 392 4127 ll,
410 4077 434 4114 c.
452 4075 476 4122 2,
493 4077 519 4112 n.
539 4072 590 4125 520
605 4075 646 4126 sq.
663 4075 726 4110 cum
747 4057 990 4112 emendationibus
1010 4059 1037 4112 in
1057 4061 1086 4112 6³
1105 4063 1150 4114 ed.

54 4149 222 4218 Compendii
242 4148 362 4214 insertis,
377 4167 402 4202 n.
421 4165 470 4216 130
483 4165 544 4217 sq.;
563 4148 695 4210 Ferrum,
714 4149 730 4198 l.
747 4149 796 4215 ΙΙ;
815 4148 961 4215 Ραὶνηὶενί,
980 4147 1017 4201 th.
1037 4147 1070 4203 28
1089 4166 1152 4218 sq.;

53 4239 85 4290 de
103 4236 233 4306 Angelis,
251 4237 374 4290 Prreleti.
393 4237 463 4306 juris
483 4253 558 4297 can,
580 4245 645 4287 tom.
670 4235 723 4300 ΙΙΙ,
744 4251 770 4303 p.
789 4235 811 4300 Ι,
829 4251 854 4302 p.
869 4252 902 4304 24
916 4252 979 4304 sq.;
1000 4237 1153 4305 Cavagmlr,

60 4324 148 4376 instit.
161 4323 230 4390 juris
245 4325 318 4391 publ.
335 4338 366 4393 3³
379 4324 423 4378 ed.
439 4325 455 4377 Ι.
489 4325 521 4390 V,
535 4339 561 4377 n.
580 4325 628 4394 184
642 4341 697 4393 sq.;
719 4325 816 4392 Billor,
829 4325 867 4379 th.
884 4326 975 4395 47=48.
