2758 4652
469 209 525 257 DE
543 208 718 258 ORDINE.
1073 204 1139 258 599

45 389 91 448 los
107 398 337 470 segregaverat
361 397 394 452 et
415 387 549 470 speciali
567 388 668 450 modo
682 389 890 460 educaverat,
905 387 1031 450 eisdem
1046 395 1139 468 pote-

14 509 16 514 ·
43 499 160 554 statem
177 501 212 554 et
227 492 368 572 gratiam
385 492 598 554 consecrandi
614 492 755 555 contulit
771 492 803 555 in
817 492 933 554 ultima
944 489 1138 565 coena,dum

41 593 149 656 dixit:
171 593 277 656 “Hoc
293 595 391 658 facite
411 595 444 656 in
465 613 574 657 meam
591 595 942 657 commemorationem
953 593 992 669 ”;
1013 602 1140 673 etpost

14 721 15 724 ¹
42 694 328 762 Resurrediionem
345 708 546 780 potestatem
559 699 768 781 gratiamque
779 696 969 761 dimittendi
983 703 1139 776 peccata:

39 805 54 830 “
66 797 216 880 Quorum
235 801 426 864 remiseritis
436 801 452 828 ’'
467 811 528 865 etc.
573 801 692 864 Talem
711 800 955 863 institutionem
975 817 1048 861 esse
1068 817 1139 879 per·

40 913 231 966 manentem
246 915 378 968 constat
393 925 437 966 ex
456 904 696 986 Apostolorum
711 903 833 984 agendi
850 902 987 977 ratione,
998 901 1055 982 qui
1067 909 1139 963 turn

38 1005 196 1067 diaconos
213 1013 283 1083 tum
303 1006 516 1088 Presbyteros
533 1006 584 1069 vel
602 1007 787 1088 Episcopos
805 1005 1086 1080 ordinaverunt¹;
1106 1012 1141 1067 et

38 1107 171 1190 insuper
191 1109 364 1192 discipulis
385 1111 454 1174 suis
477 1110 670 1173 facultatem
694 1108 777 1171 alios
800 1107 976 1172 ordinandi
1000 1106 1139 1188 relique·

38 1221 163 1289 runt2;
193 1222 227 1276 et
253 1233 297 1275 ex
321 1213 418 1293 praxi
442 1211 611 1287 Ecclesiae,
633 1230 736 1293 quum
757 1210 893 1273 historia
915 1218 1046 1272 constet
1066 1218 1139 1271 tum

37 1313 70 1377 S.
89 1314 275 1392 Pontifices,
296 1325 367 1379 tum
389 1317 576 1398 Episcopos
597 1316 715 1378 eadem
737 1314 895 1376 facultate
916 1311 1140 1374 indesinenter

37 1437 114 1479 usos
131 1418 239 1481 luisse.

79 1549 124 1614 13
172 1547 207 1594 20
228 1534 259 1596 T
257 1534 335 1608 rad,
352 1533 402 1616 (a)
425 1554 468 1597 ex
494 1533 660 1607 Patribus,
676 1532 732 1614 qui
752 1531 996 1594 ordinationem
1018 1528 1140 1592 diserte

35 1643 280 1699 sacramentum
299 1644 422 1699 vocant
445 1655 540 1719 aeque
563 1655 602 1698 ac
626 1635 852 1716 baptismum:
876 1633 941 1698 “Si
965 1642 1140 1713 utrumque

37 1735 236 1818 (baptismus
253 1750 287 1801 et
303 1739 483 1820 ordinatio)
496 1747 742 1801 sacramentum
754 1746 814 1813 est,
827 1736 917 1817 quod
935 1755 1034 1798 nemo
1045 1734 1139 1798 dubi-

36 1847 93 1915 tat,
110 1861 168 1904 cur
183 1841 265 1904 illud
286 1862 354 1904 non
367 1843 540 1917 amittitur,
555 1850 589 1904 et
609 1840 690 1903 illud
707 1839 872 1903 amittitur
884 1839 895 1900 ἓ
906 1840 922 1866 ”
944 1838 1045 1918 (cont.
1063 1839 1139 1900 Par·

36 1943 227 2006 menianum
257 1944 303 2019 Il,
335 1961 382 2023 13,
410 1963 439 2007 n.
465 1943 529 2024 30),
552 1944 607 2024 qui
639 1949 791 2004 asserunt
817 1941 880 2003 ritu
908 1941 971 2003 hoc
999 1940 1139 2004 conferri

34 2046 187 2123 gratiam,
211 2047 255 2108 ita
280 2057 317 2110 ut
342 2047 377 2110 C.
405 2046 652 2111 Chalcedonense
677 2045 762 2124 (can.
787 2043 821 2124 2)
848 2063 965 2125 poenas
988 2043 1140 2108 statuerit

36 2158 153 2210 contra
177 2149 382 2230 Episcopum
406 2149 462 2230 qui
480 2154 567 2230 “per
588 2146 746 2229 pecunias
767 2145 880 2209 fecerit
895 2146 1139 2210 ordinationem

34 2258 67 2311 et
87 2249 151 2311 sub
176 2251 282 2331 pretio
306 2253 470 2333 redegerit
494 2252 636 2333 gratiam
649 2252 686 2329 ”3
713 2250 762 2333 (b)
787 2271 831 2313 ex
847 2249 952 2330 praxi
972 2249 1140 2332 utriusque

35 2352 203 2429 Ecclesiae,
220 2364 292 2417 tum
309 2375 426 2436 graecae
442 2365 513 2419 tum
532 2355 652 2430 latinae,
667 2374 743 2437 quae
762 2355 795 2416 in
814 2351 1005 2416 Ritualibus
1021 2362 1055 2417 et
1072 2354 1139 2417 Eu-

31 2455 170 2538 cologiis
187 2456 374 2535 exhibetur,
386 2468 420 2521 et
432 2457 687 2521 fundamentum
704 2457 831 2540 praebet
843 2465 1045 2538 argumento
1056 2477 1139 2538 prae·

30 2561 220 2641 scriptionis
232 2560 304 2641 jam
321 2562 443 2643 pluries
459 2571 627 2642 usurpato.

76 2697 121 2761 14.
169 2695 204 2761 3⁰
217 2682 293 2746 Rat.
312 2683 400 2746 theol.
442 2683 496 2746 Ad
514 2683 660 2747 divinam
677 2684 921 2765 providentiam
938 2684 1084 2765 pertinet
1099 2693 1137 2747 ut
1166 2707 1169 2712 ·

30 2783 61 2845 in
74 2784 234 2847 societate
244 2787 467 2849 ecclesiastica
479 2787 665 2867 spirituales
678 2788 789 2850 adsint
799 2787 909 2862 duces,
920 2787 961 2849 ad
974 2786 1136 2867 populum

29 2886 246 2950 christianum
265 2891 446 2971 regendum
461 2913 467 2952 :
484 2889 555 2952 haec
571 2899 623 2952 est
638 2889 726 2952 enim
741 2888 796 2951 lex
809 2889 964 2951 omnibus
978 2887 1136 2969 imposita

29 2998 64 3050 ut
81 2975 313 3071 inferiora'per
328 2993 498 3072 superiora
514 2991 555 3053 ad
575 2990 685 3053 Deum
702 2991 923 3069 reducantur;
946 2990 1039 3070 atqui
1059 3009 1136 3052 con·

27 3091 120 3153 venit
139 3099 177 3154 ut
198 3091 243 3154 illi
268 3093 370 3155 duces
392 3094 456 3156 ritu
480 3113 575 3156 sacro
596 3103 629 3156 et
653 3093 787 3174 speciali
803 3094 846 3157 ad
863 3093 896 3157 id
913 3093 1136 3174 deputentur;

26 3194 52 3254 si
78 3193 168 3255 enim
194 3194 284 3270 rituS,
307 3215 375 3276 quo
399 3195 549 3258 homines
573 3193 630 3257 filii
655 3194 719 3257 Dei
743 3204 776 3257 et
800 3195 949 3258 membra
976 3196 1135 3258 Ecclesiae

27 3293 121 3370 fiunt,
144 3306 195 3358 est
222 3308 475 3374 sacramentum,
499 3310 627 3378 quanto
657 3297 763 3378 magis
792 3307 1036 3362 sacramentum
1064 3317 1136 3360 esse

25 3399 123 3460 decet
145 3397 238 3460 illum
259 3399 357 3461 ritum
379 3419 447 3481 quo
468 3399 605 3482 quidam
634 3400 720 3462 inter
743 3399 857 3463 fideles
873 3402 974 3463 duces
992 3401 1134 3464 militum

27 3495 150 3558 Christi
168 3494 363 3574 efficiuntur,
381 3498 524 3580 fideique
540 3500 703 3579 doctores,
720 3513 754 3566 et
773 3514 1056 3568 sacramentorum
1075 3506 1134 3568 mi-

26 3599 130 3661 nistri.
176 3599 228 3681 (S.
251 3600 282 3662 Τ
278 3601 308 3664 Ιι.
326 3601 406 3683 Sup.
423 3623 452 3683 q.
472 3621 521 3683 34,
538 3625 565 3666 a.
587 3601 631 3690 1).

296 3765 364 3822 111.
391 3766 445 3824 Do
467 3780 631 3827 numero
651 3769 831 3828 ordinum
843 3769 865 3827 ³.

71 3913 118 3979 15.
171 3917 203 3966 1⁰
226 3904 412 3968 Concilium
444 3905 474 3968 T
471 3907 533 3970 nd.
559 3907 709 3971 definivit
735 3908 768 3970 in
794 3907 943 3971 Ecclesia
971 3910 1133 3973 catholica

25 4025 99 4066 esse
115 4005 361 4070 “hierarchiam
384 4008 498 4071 divina
517 4011 726 4074 ordinatione
749 4012 945 4089 institutam,
962 4034 1037 4095 quae
1054 4035 1132 4077 con·

61 4204 146 4262 ‘aa
163 4211 214 4279 vr,
230 4211 263 4276 6;
283 4213 362 4278 xrv,
376 4175 418 4267 ἠ
434 4243 463 4251 -
480 4215 606 4268 ’Νι-ιη.
624 4217 658 4282 v,
673 4231 714 4270 22.

60 4295 71 4326 ³
85 4298 114 4350 S.
134 4297 161 4349 T
157 4297 263 4361 hornus,
280 4300 345 4368 Sup.
361 4317 386 4369 q.
402 4315 447 4369 373
468 4301 591 4370 Hallr'er,
601 4320 627 4372 p.
642 4304 680 4371 ΙΙ,
693 4303 762 4359 secl.
777 4320 798 4372 1,
808 4323 830 4360 c.
842 4323 856 4359 2
865 4325 872 4372 ;
886 4307 1024 4362 Bellarm.
1038 4324 1061 4362 c.
1075 4310 1132 4378 5·8;
