2752 4648
249 181 316 234 ³94
698 183 841 236 CAPUT
857 185 901 234 11.
945 201 947 206 ¹

294 378 361 442 113.
409 377 444 426 2⁰
460 364 529 428 Pro
544 364 745 446 m'tdfirtard
759 390 771 432 :
794 365 1006 430 Eucltarr'stra
1029 377 1076 431 est
1090 367 1214 449 pr'gnus
1224 367 1328 446 futura

245 466 368 548 gloria,
387 488 441 530 sou
451 469 514 550 jus
531 469 652 548 confert
668 469 717 532 aa’
728 467 907 551 gloriosam
926 470 1064 550 corparr's
1084 470 1326 534 resurrrllionar.

254 567 384 632 Cortum
399 579 452 632 ast.

295 672 351 751 (A)
371 673 488 754 Script.
506 674 657 738 Christus
680 677 768 739 enlm
794 677 856 741 hoc
880 686 994 758 aperte
1016 676 1173 752 declarat,
1188 675 1327 739 dicendo:

251 774 345 857 “Qui
364 778 544 840 manducat
560 797 669 842 meam
687 799 820 843 carnem
831 831 837 844 .
849 829 872 844 ..
890 780 991 844 habet
1008 781 1111 844 vitam
1135 789 1290 851 aetemam
1302 787 1326 838 et

251 900 315 961 ego
331 882 536 944 resuscitabo
551 901 627 945 eum
646 883 678 944 in
696 885 877 947 novissimo
893 885 948 947 die
958 884 999 927 ”¹
1015 907 1022 962 ;
1045 885 1165 965 quibus
1181 883 1278 946 verbis
1292 899 1327 941 re·

252 982 409 1047 surreetio
440 987 585 1066 corporis
618 994 777 1068 tanquam
806 987 980 1069 praemium
1008 987 1247 1052 communionis
1273 1002 1327 1066 pro

253 1089 401 1152 mittitur.

298 1189 355 1272 (Β)
381 1191 504 1257 Tradit.
528 1195 557 1256 Τ
554 1193 615 1256 rid.
632 1195 720 1256 enim
745 1195 862 1256 asserit
885 1193 919 1275 (l.
934 1192 998 1274 cit.)
1023 1192 1086 1255 hoc
1109 1199 1326 1255 sacramentum

251 1311 323 1356 esse
339 1296 488 1378 “pignus
505 1296 625 1360 suturae
640 1297 754 1379 gloriae
772 1307 805 1360 et
822 1305 991 1380 perpetuae
1008 1294 1175 1359 felicitatis
1185 1296 1209 1359 ''.

296 1399 351 1478 (C)
366 1400 441 1462 Rat.
461 1400 492 1462 T
489 1400 564 1464 lreol.
579 1401 640 1464 Per
650 1420 778 1464 sacram
796 1400 1065 1462 communionem
1083 1419 1160 1461 caro
1176 1407 1286 1467 nostra,
1295 1414 1327 1454 ex

252 1497 358 1574 dietis,
374 1501 553 1564 conformis
570 1501 606 1566 fit
622 1505 712 1567 carni
731 1502 870 1582 Christi;
894 1503 985 1584 atqui
1003 1502 1074 1564 haec
1091 1522 1167 1564 caro
1182 1512 1230 1564 est
1246 1502 1328 1564 incor-

253 1603 417 1682 ruptibilis
440 1613 473 1668 et
497 1604 680 1685 glorificata
692 1631 700 1687 ;
724 1626 803 1687 ergo
824 1606 945 1688 pariter
968 1606 1064 1668 decet
1085 1615 1122 1668 ut
1145 1624 1220 1667 caro
1239 1613 1329 1665 nostra
1366 1655 1367 1688 3

253 1705 434 1785 aliquando
446 1706 590 1788 gloriosa
603 1720 636 1772 et
650 1710 906 1791 incorruptibilis
919 1709 1084 1772 reddatur.
1124 1709 1242 1772 Merito
1252 1708 1330 1787 igitur

256 1807 464 1872 Eucharistia
481 1820 618 1872 vocatur
634 1811 893 1875 immortalitatis
900 1812 1124 1894 pharmacum.

298 1954 365 2019 114.
416 1935 600 2001 Corollaria.
656 1951 686 2000 10
717 1939 971 2003 Sacramentum
1004 1939 1221 2004 Eucharistiae
1254 1955 1329 2000 suun

254 2037 409 2104 effectum
427 2041 579 2123 producit
597 2043 728 2124 proprie
746 2043 912 2124 loquendo
929 2063 968 2105 eo
985 2043 1121 2125 praecise
1138 2043 1331 2120 instantique

254 2165 355 2208 saerae
372 2145 500 2226 species
517 2147 768 2222 manducantur,
784 2166 841 2209 seu
858 2168 901 2210 ex
918 2169 975 2210 ore
991 2149 1023 2210 in
1040 2147 1246 2211 stomachum
1262 2143 1331 2223 traji-

254 2253 353 2314 ciunt.
399 2251 466 2316 Sed
486 2251 619 2333 insuper
634 2262 788 2332 quaerunt
806 2251 951 2333 theologi
967 2262 1077 2314 utrum
1095 2251 1158 2313 hoc
1171 2266 1331 2314 sacramen·

255 2366 324 2418 tum
342 2355 484 2436 gratiam
501 2365 615 2418 causet
631 2374 674 2417 ex
691 2374 791 2437 opere
808 2365 945 2436 operato
958 2365 1029 2417 toto
1042 2364 1193 2437 tempore
1204 2373 1265 2436 quo
1276 2371 1331 2432 spe·

254 2459 320 2520 cies
338 2460 536 2540 incorruptae
553 2469 689 2522 manent
706 2459 737 2520 in
756 2458 936 2520 stomacho
982 2456 1032 2538 (a)
1050 2457 1118 2519 Alii
1136 2467 1264 2539 negant,
1273 2454 1332 2534 quia

256 2562 465 2625 Eucharistia
481 2573 637 2644 operatur
653 2583 710 2645 per
727 2563 863 2625 modurn
882 2561 1157 2638 manducationis,
1167 2582 1205 2623 ac
1218 2555 1332 2643 proinde

256 2683 321 2726 non
339 2666 409 2746 agit
426 2667 487 2728 nisi
507 2668 579 2747 ipso
595 2667 732 2729 instanti
750 2687 817 2747 quo
833 2687 935 2729 sacrae
954 2666 1081 2747 species
1105 2667 1332 2729 manducantur.

257 2765 314 2854 (b)
327 2769 395 2832 Alii
410 2771 614 2852 probabilius
627 2792 702 2833 cum
719 2769 880 2850 Cajolana,
892 2769 1019 2831 Suarra
1030 2780 1064 2832 et
1077 2769 1170 2851 Lago
1181 2769 1333 2832 affirmant.

255 2873 333 2954 quia
348 2873 557 2937 Eucharistia
569 2886 619 2938 est
631 2875 723 2937 cibus
736 2875 926 2955 spiritualis;
948 2874 1040 2954 atqui
1057 2875 1149 2937 cibus
1167 2895 1230 2937 non
1247 2870 1331 2934 solun

255 2986 411 3058 operatur
434 2988 584 3058 tempore
607 2998 674 3058 quo
696 2979 846 3052 sumitur,
863 2977 919 3040 sed
944 2977 1103 3058 quamdiu
1129 2979 1160 3039 in
1185 2973 1332 3040 stomacho

257 3091 428 3154 remanet;
452 3100 530 3161 ergo
554 3092 693 3162 augetur
716 3081 823 3161 gratia
846 3101 890 3142 ex
914 3101 1013 3162 opere
1036 3091 1183 3163 operatu,
1198 3077 1331 3162 quamdin

256 3181 406 3244 Christus
431 3193 543 3246 manet
567 3184 599 3245 in
624 3203 761 3264 corpore
784 3185 955 3259 sumentis,
975 3186 1161 3247 dummodo
1185 3205 1240 3266 per
1260 3178 1332 3244 attus
1364 3179 1365 3204 ¹

256 3285 341 3362 fidei,
355 3287 567 3368 gratitudinis
581 3309 619 3351 ac
632 3288 779 3350 caritatis
792 3297 953 3368 augeatur
966 3287 1072 3350 fervor
1085 3283 1231 3369 subjedli.
1264 3281 1330 3346 lllud

256 3401 368 3454 autem
395 3401 524 3470 tempus
549 3391 714 3454 diversum
739 3402 788 3454 est
815 3413 874 3472 pro
899 3393 1027 3454 diversa
1050 3391 1262 3472 dispositione
1282 3397 1331 3448 sto·

257 3495 364 3558 machi
380 3517 386 3570 ;
409 3495 592 3576 generatim
611 3495 641 3556 in
661 3495 750 3556 laicis
767 3515 868 3558 sacrae
892 3495 1018 3576 species
1035 3493 1120 3556 intra
1135 3493 1331 3556 semi-horam.

256 3599 298 3660 ad
324 3599 510 3670 minimum,
535 3599 566 3659 in
591 3600 817 3661 sacerdotibus
842 3601 926 3661 intra
950 3618 1049 3660 unam
1074 3599 1190 3661 horam
1212 3611 1330 3660 corrum-

192 3729 195 3736 ’
257 3713 387 3784 puntur‚
405 3705 482 3784 quia
498 3704 625 3784 species
641 3703 749 3783 azymi
775 3723 840 3764 non
865 3712 933 3764 tam
958 3702 1025 3764 cito
1047 3720 1148 3782 quam
1169 3692 1329 3764 fermentati

257 3807 352 3888 panis
368 3817 616 3880 consumuntur,
633 3817 669 3868 ut
685 3817 816 3869 constat
832 3827 875 3868 ex
893 3815 1040 3867 recenter
1055 3805 1234 3868 observatis
1245 3815 1263 3864 ².
1363 3813 1364 3848 ἓ

301 3923 336 3970 20
353 3910 498 3991 Quando
515 3911 640 3990 species
657 3910 913 3972 sacramentales
935 3920 1197 3989 corrumpuntur,
1212 3919 1327 3990 praesen·

258 4015 302 4076 tia
321 4014 457 4094 physica
474 4013 594 4075 Christi
612 4023 718 4075 cessat
734 4035 740 4089 ;
764 4023 911 4076 attamen
937 4023 1086 4076 remanet
1109 4013 1254 4094 quaedam
1268 4003 1327 4068 unio

370 4149 378 4154 .-
391 4147 747 4154 --—-——--..-—

295 4227 299 4248 ¹
341 4217 416 4272 n.V
490 4258 495 4269 .

292 4221 369 4359 ²JCllrl.
385 4219 569 4357 l’llltlelersr'll
578 4305 750 4374 Callrollqm,
768 4305 905 4373 Lugduni,
925 4320 953 4375 15
968 4306 1028 4360 dec.
1046 4307 1121 4375 1893,
1134 4323 1159 4376 q.
1173 4301 1282 4368 604·609
1362 4341 1363 4380 j
