2808 4664
232 165 293 215 '116
506 159 562 210 DE
580 160 665 210 1)Εο
683 159 1065 212 RBMUNERATORE.

270 339 320 418 36.
366 336 562 402 Doctrinam
575 337 662 399 hanc
674 338 915 420 impugnarunt
930 362 937 400 :
958 339 1011 420 (a)
1023 342 1170 419 Aerias,
1184 365 1210 407 s.
1225 346 1278 408 IV
1280 395 1287 420 ‚
1296 348 1354 428 qui,

228 452 314 506 teste
332 442 533 524 Augustino,
548 441 688 503 asseruit
703 459 795 502 orare
809 441 862 502 vel
879 440 999 504 offerre
1023 464 1090 525 pro
1115 449 1270 511 mortuis
1293 469 1354 511 non
1399 494 1400 530 ἢ

228 555 326 628 oport
333 565 408 622 ero;
433 544 484 626 (b)
498 544 698 626 Albigenscs,
722 541 917 618 Waldenses,
933 544 1117 620 Hussitoe;
1147 548 1203 630 (e)
1220 570 1356 632 praeser-
1399 543 1400 574 ³

229 650 393 713 timuero
418 649 624 720 novatore„-
656 646 820 709 Lutlrerus
843 647 958 708 enim¹
986 648 1062 712 ait:
1101 651 1356 736 “Quapropter

230 751 468 834 purgatorium,
484 761 519 813 et
534 750 697 831 quidquid
713 749 743 810 ei
758 749 994 823 solemnitatis,
1006 752 1134 828 cultus,
1150 765 1188 817 et
1205 769 1354 837 quaestus

231 855 387 930 adhaeret,
403 874 493 918 mera
508 853 631 916 diaboli
650 853 740 915 larva
756 860 815 914 est.
863 853 998 934 Pugnat
1020 856 1116 919 enim
1138 877 1222 920 cum
1247 861 1354 942 primo

231 958 370 1022 articulo
384 958 440 1040 qui
457 958 555 1019 docet
572 956 741 1020 Christum
763 954 883 1030 solum,
899 965 933 1018 et
950 975 1020 1018 non
1038 957 1227 1024 hominum
1243 983 1354 1046 opera,

231 1061 362 1124 animas
375 1061 512 1124 liberare
522 1061 546 1122 ’'.
594 1060 664 1122 Nec
677 1061 786 1122 minus
798 1058 1017 1122 vehementer
1033 1059 1228 1126 Calvinus²
1244 1069 1352 1129 decla-

231 1173 284 1227 rat
306 1165 534 1246 purgatorium
558 1161 721 1224 “exitiale
745 1169 871 1224 satanae
894 1181 969 1224 esse
992 1177 1246 1244 commentum,
1263 1173 1352 1252 quod

232 1268 355 1333 Christi
390 1287 520 1331 crucem
551 1279 699 1341 evacuat,
735 1263 825 1346 quod
863 1267 1109 1332 contumeliam
1147 1271 1217 1334 Dei
1257 1277 1352 1336 mise·

233 1373 381 1435 ricordiae
398 1392 463 1434 non
482 1371 652 1433 serendam
669 1371 791 1450 irrogat
801 1367 825 1430 ”.
874 1367 1044 1432 Hodierni
1060 1391 1144 1434 vero
1156 1375 1353 1438 Protestan-
1401 1412 1402 1468 r

232 1489 283 1540 tes
299 1495 364 1538 non
390 1475 486 1558 pauci
510 1475 651 1536 libenter
666 1483 791 1536 statum
807 1469 910 1532 veluti
935 1472 1089 1534 medium
1119 1475 1211 1537 inter
1227 1477 1351 1541 coelum

232 1587 266 1641 et
287 1578 451 1640 infernum
467 1576 661 1650 admittunt,
677 1577 709 1636 in
725 1592 792 1655 quo
806 1573 929 1636 animae
945 1573 990 1635 ad
1007 1575 1136 1637 coelum
1158 1578 1352 1660 ingredien-

232 1681 311 1744 dum
328 1689 562 1761 praeparantur,
578 1679 636 1740 sed
653 1677 833 1760 purgatorii
851 1695 975 1739 nomen
994 1677 1162 1757 rejiciunt,
1179 1691 1216 1744 et
1233 1693 1351 1746 tenent

233 1783 361 1846 animas
379 1783 411 1846 in
427 1801 468 1844 eo
484 1789 572 1842 statu
590 1781 705 1842 mereri
722 1789 755 1843 et
772 1778 963 1842 satisfacere
980 1794 1116 1861 posses.

272 1927 322 1995 37.
369 1916 491 1976 Thais:
527 1915 666 1980 Existit
696 1916 961 1995 purgatorium,
993 1917 1029 1980 in
1060 1937 1135 1998 quo
1159 1920 1353 1998 justorum

232 2015 362 2082 animae
377 2012 536 2077 nondum
551 2009 654 2088 plene
670 2009 835 2089 expiata,
848 2009 1095 2088 piacularibus
1111 2014 1232 2091 poenis
1248 2033 1353 2078 mun·
1402 2053 1403 2060 .

234 2118 375 2195 dantur,
388 2121 425 2180 et
440 2113 599 2179 lidelium
611 2110 794 2190 suffragiis
805 2117 960 2189 possunt
969 2111 1103 2191 juvari.
1148 2113 1287 2195 Defide
1297 2125 1352 2188 cst,

233 2240 273 2282 ex
292 2217 322 2278 T
320 2217 380 2280 ηἰί.
397 2215 622 2297 supracitato.

282 2333 313 2384 1⁰
330 2320 503 2400 Sm'ptm
525 2315 596 2378 sola
619 2322 852 2396 argumentum
876 2313 1089 2378 decnton'um
1115 2338 1182 2380 non
1209 2322 1352 2400 praebet,

233 2426 291 2489 sed
309 2423 416 2486 solum
433 2419 613 2504 probabile,
629 2418 718 2498 quod
741 2427 852 2480 tamen
869 2427 998 2480 certum
1021 2419 1175 2482 redditur
1191 2441 1237 2483 ex
1256 2445 1349 2487 com-

53 2521 56 2528 ’
136 2603 143 2616 ,
235 2529 327 2593 muni
347 2529 481 2588 Patrum
499 2522 778 2603 interpretatione.

278 2631 327 2708 38.
373 2627 433 2710 (A)
462 2628 500 2688 ln
538 2624 600 2687 Vel.
633 2624 715 2686 Test.
739 2623 932 2705 praclarum
957 2633 1008 2684 est
1035 2625 1274 2691 testimonium
1303 2651 1350 2692 ex

237 2735 271 2798 Il
286 2730 451 2794 Madaba
466 2729 688 2807 desumptum.
707 2732 722 2758 ¹‘
734 2726 838 2807 Judas
851 2725 1009 2799 enim‚vir
1022 2728 1170 2806 prudens
1187 2741 1221 2792 et
1239 2731 1350 2804 sortis,

235 2837 416 2920 patriarum
440 2833 551 2914 legum
570 2840 771 2891 restaurator
787 2839 820 2890 et
838 2828 971 2902 vindex,
987 2839 1064 2909 post
1081 2827 1240 2894 victorias
1267 2856 1288 2896 a
1312 2857 1350 2898 se

236 2951 429 3022 reportatas,
446 2931 534 2999 laeta
557 2933 743 3007 collatione,
758 2931 935 2994 duodecim
961 2931 1064 2993 millia
1088 2933 1272 2998 drachmas
1297 2959 1350 3000 ar-

235 3044 327 3126 genti
345 3041 434 3103 misit
450 3037 705 3121 Jerosolymam,
720 3034 833 3114 offern'
842 3034 1054 3115 propeccatis
1069 3045 1277 3100 inoduorum
1293 3063 1349 3102 sa-

236 3146 403 3228 orificium,
419 3145 504 3206 bene
527 3151 560 3203 et
583 3140 734 3221 religiose
757 3137 799 3199 de
823 3133 1059 3199 resurreetione
1077 3140 1242 3219 cogitans,
1262 3139 1350 3226 (nisi

237 3253 326 3314 enim
344 3268 401 3311 eos
417 3247 474 3328 qui
491 3245 678 3306 ceciderant
702 3237 939 3304 resurrecturos
962 3251 1119 3320 speraret,
1133 3243 1350 3323 superfluum

236 3356 403 3418 videretur
418 3360 451 3412 et
467 3367 589 3411 vanum
606 3366 699 3408 orare
715 3365 775 3427 pro
792 3344 952 3423 mortuis),
962 3352 995 3404 et
1011 3343 1089 3423 quia
1105 3344 1351 3412 considerabat

236 3458 327 3540 quod
352 3456 395 3530 hi,
413 3452 473 3534 qui
494 3471 565 3514 cum
583 3449 704 3530 pt'etara
722 3445 947 3509 domationem
971 3455 1163 3524 acceperant,
1182 3449 1352 3528 optimam

237 3560 389 3624 haberent
414 3553 583 3636 repositam
604 3550 762 3632 gratiam.
809 3545 933 3612 Samia
959 3567 1039 3628 ergo
1064 3559 1098 3611 et
1122 3550 1267 3614 salubris
1294 3567 1352 3618 est

239 3661 397 3743 cogitatio
417 3669 481 3738 pro
503 3653 663 3734 defundis
688 3671 825 3726 exorare,
851 3657 886 3712 ut
914 3669 933 3712 a
960 3651 1106 3731 peccatis
1130 3651 1353 3724 solvantur'’.

241 3767 467 3828 Protestantes
491 3764 614 3838 negant
630 3755 764 3837 quidem
790 3754 877 3816 hunc
901 3753 1020 3816 librum
1045 3754 1243 3836 inspiratum
1263 3779 1353 3833 esse,

1155 3911 1343 3928 Ε-

277 4017 365 4068 rArt.
380 4014 467 4066 Smal.
482 4030 507 4081 p.
525 4012 564 4074 ΙΙ,
579 4027 603 4064 c.
620 4025 645 4064 2.
660 4018 673 4074 fi
686 4023 711 4078 9.
728 4005 784 4046 -Ι
800 4007 888 4061 lnstit.
903 4008 920 4059 l.
937 4009 1046 4078 111,25‚
1061 4007 1075 4078 ᾗ
1089 4011 1114 4062 6.

277 4099 343 4152 ³cf.
359 4100 479 4162 Furrar,
495 4099 592 4164 Mercy
612 4096 668 4150 and
688 4094 845 4163 judgment,
866 4111 928 4162 cap.
953 4093 1012 4160 1113
1038 4091 1079 4147 Α.
1104 4095 1259 4164 Campam
1285 4100 1351 4152 The

243 4181 384 4237 doctrines
397 4181 427 4234 ol
437 4199 454 4234 a
467 4181 572 4235 middle
586 4191 658 4234 state
670 4200 677 4244 ;
694 4181 803 4249 Hodge,
816 4180 869 4232 vol.
887 4179 940 4245 ΙΙΙ,
954 4195 981 4248 p.
996 4193 1053 4248 741.

278 4265 288 4294 ⁴
300 4269 338 4318 M
337 4267 429 4319 achab.
446 4268 514 4331 Xll,
528 4280 569 4332 43.
