2780 4646
352 181 408 231 DE
425 181 584 230 onam
603 179 854 231 Haemum.
1084 179 1146 230 105

132 427 133 432 ,
172 380 188 469 5
216 385 259 449 ΙΙ.
275 385 596 467 Jussuucnsrours
621 397 810 448 assuerus
835 397 1029 448 voruntas

451 502 750 552 nascnruuusun.

92 634 303 714 Justificatio
328 658 371 700 ex
405 636 474 718 jam
510 635 618 712 dictis,
645 636 865 700 essentialiter
896 633 1048 697 consistit
1082 652 1148 696 non

52 734 159 798 solum
184 739 216 800 in
241 741 369 821 peccati
393 740 541 804 mortalis
559 741 759 815 remissione,
775 740 833 801 sed
850 740 951 802 etiarn
976 739 1007 799 in
1033 735 1148 818 gratiae

54 838 224 906 infusione.
269 844 438 926 Quaeritur
452 865 533 926 ergo
545 845 625 926 quid
638 844 681 907 sit
693 844 800 925 gratia
809 842 1002 924 justificans.
1042 840 1148 902 Ante·

53 961 151 1021 quam
166 946 398 1012 scholasticam
412 948 482 1030 ejus
492 948 721 1011 definitionem
735 967 955 1030 exponamus,
965 944 1148 1027 praecipuos

54 1045 138 1109 illius
142 1050 313 1126 formales,
325 1071 383 1114 seu
398 1052 578 1114 essentiales
593 1051 722 1132 effecius
736 1050 922 1113 describere
934 1048 1038 1130 juvat,
1051 1055 1149 1128 prout

54 1166 94 1208 ex
118 1147 292 1232 Scriptura
315 1164 348 1217 et
371 1153 566 1218 Traditionc
590 1154 686 1217 nobis
710 1155 921 1216 innotescunt
945 1174 951 1214 ε
983 1151 1034 1213 his
1060 1149 1148 1212 enirn

54 1253 224 1334 expositis,
240 1254 367 1318 facilius
391 1258 452 1320 erit
468 1258 620 1322 intimam
637 1257 752 1339 gratiae
770 1265 922 1317 naturam
940 1252 1148 1334 investigare.

91 1412 159 1477 139.
208 1403 307 1463 leesis
320 1406 375 1463 J0:
395 1403 520 1470 Gratia
534 1402 766 1468 sanctificans
781 1419 846 1466 seu
856 1399 1062 1481 justificans
1083 1415 1150 1462 nos

54 1494 170 1561 reddit
188 1497 266 1564 Deo
280 1507 416 1581 gratos,
434 1501 584 1582 ejusque
599 1500 746 1565 amicos.
793 1499 923 1564 Certum
938 1509 1014 1562 est1.

100 1607 132 1654 10
142 1595 347 1678 Explicatur.
393 1601 478 1663 Esse
491 1600 567 1663 Deo
581 1610 714 1682 gratum
728 1601 810 1664 nihil
826 1603 916 1665 aliud
933 1613 984 1665 est
1000 1602 1061 1664 nisi
1078 1599 1150 1681 ejus

57 1693 287 1763 benevolentia
304 1701 375 1778 frui,
390 1704 487 1784 eique
503 1703 640 1784 placere.
685 1705 843 1784 Jamvero
858 1726 975 1768 omnes
990 1715 1150 1768 creaturae

57 1796 166 1881 aliquo
191 1821 290 1868 sensu
316 1806 390 1868 Deo
413 1807 557 1888 placent,
581 1815 719 1887 propter
740 1808 908 1871 naturales
931 1806 1150 1890 perfectiones

56 1921 126 1981 quae
143 1907 179 1968 in
196 1907 277 1989 ipsis
293 1920 379 1986 sunt,
391 1910 449 1973 sed
468 1911 558 1972 Deus
573 1909 772 1990 justificatos
789 1912 924 1993 speciali
941 1913 1151 1994 prosequitur

58 2003 297 2090 benevolentia,
313 2015 390 2096 quia
407 2017 439 2077 in
457 2015 537 2096 ipsis
554 2034 619 2076 non
637 2015 744 2077 solum
762 2025 800 2079 ut
815 2018 925 2092 serviS,
941 2018 999 2079 sed
1016 2027 1052 2078 ut
1067 2017 1150 2080 arm'·

57 2109 303 2199 srkmmplacet.
351 2118 509 2181 Amicitia
526 2127 637 2180 autem
654 2119 716 2179 tria
733 2119 910 2200 importat:
937 2119 987 2201 (a)
1003 2139 1150 2182 amorem

58 2211 276 2282 benevolentia
291 2239 358 2299 quo
374 2221 526 2283 volumus
543 2220 639 2282 alicui
656 2220 782 2283 bonum
799 2233 935 2302 propter
950 2222 1068 2302 ipsum,
1084 2241 1149 2282 non

58 2327 191 2399 propter
212 2341 289 2399 nos:
312 2321 363 2404 (b)
379 2343 527 2386 amorem
549 2332 708 2398 urutrrmu,
725 2345 801 2386 nam
826 2325 1010 2387 redamatio
1033 2333 1084 2387 est
1109 2325 1151 2386 de

59 2423 199 2486 essentia
224 2427 397 2504 amicitiae;
438 2427 487 2508 (c)
514 2428 829 2490 communicationem
852 2427 990 2509 alicujus
1015 2427 1095 2500 boni,
1120 2427 1151 2489 vl

59 2523 146 2603 cujus
165 2530 320 2608 quaedam
337 2529 510 2611 aequalitas
523 2539 580 2592 aut
596 2530 714 2593 saltem
731 2531 913 2594 similitudo
931 2531 1015 2593 inter
1027 2531 1151 2592 amicos

60 2629 181 2706 existit,
198 2652 277 2694 nam
301 2633 474 2696 “amicitia
491 2652 587 2716 pares
610 2634 732 2715 accipit
748 2643 806 2696 aut
822 2633 901 2697 facit
912 2633 937 2710 '’,
954 2634 1001 2696 ait
1018 2632 1053 2695 S.
1072 2632 1151 2694 Hie-

60 2749 209 2811 ronymus
226 2732 277 2820 (in
294 2735 395 2799 Mich.
413 2737 457 2811 Il,
475 2732 522 2820 7).
904 2747 905 2750 ’

100 2854 167 2918 140.
214 2851 250 2900 2⁰
266 2838 455 2902 Probatur:
477 2838 536 2920 (A)
554 2838 670 2918 Script.
708 2839 858 2902 Christus
868 2839 957 2900 enim
970 2839 1012 2900 de
1023 2837 1079 2900 illo
1094 2838 1151 2918 qui

61 2941 237 3018 caritatem,
248 2962 286 3005 ac
304 2943 441 3024 proinde
457 2942 599 3024 gratiam
616 2941 819 3005 habitualem
835 2941 945 3015 habet,
956 2940 1058 3002 dicit:
1086 2941 1149 3005 “Si

60 3044 128 3119 quis
150 3044 266 3124 dilzgrit
288 3065 350 3122 me,
366 3066 552 3108 sermonem
577 3064 687 3106 meum
711 3043 865 3118 servabit,
880 3053 915 3106 et
932 3044 1030 3105 Pater
1053 3063 1148 3106 meus

60 3145 170 3229 dileget
184 3169 271 3227 eum,
288 3151 380 3213 etad
397 3170 473 3212 eum
489 3149 671 3222 veniemus,
686 3157 719 3210 et
737 3147 945 3208 mansionem
962 3147 1051 3227 apud
1076 3166 1151 3209 eum

61 3248 214 3316 faciemus
225 3255 262 3296 ”2
269 3276 278 3331 ;
303 3254 357 3316 hic
379 3255 488 3336 agitur
503 3255 546 3316 de
562 3273 674 3316 amore
698 3249 927 3324 berrevoleutioe‚
944 3271 1021 3312 nam
1043 3252 1153 3331 agitur

62 3355 99 3416 de
118 3357 174 3419 illo
198 3377 312 3420 amore
335 3378 402 3439 quo
424 3358 498 3440 quis
520 3357 728 3420 voluntatem
757 3355 820 3416 Dei
846 3355 941 3431 facit;
973 3353 1026 3415 hic
1050 3355 1151 3416 etiam

62 3459 151 3524 adest
166 3471 283 3524 mutua
306 3461 587 3536 adornationem
605 3460 704 3521 Pater
726 3457 837 3538 diligit
853 3479 911 3519 eos
927 3457 983 3538 qui
1008 3456 1153 3536 diligunt

64 3559 171 3640 Ipsum
182 3589 190 3644 ;
224 3584 300 3628 curn
316 3557 598 3626 communicatione
613 3562 773 3636 botrorum,
792 3581 868 3622 nam
886 3560 979 3623 Deus
1003 3578 1069 3620 non
1095 3579 1153 3640 po·

63 3671 121 3729 test
136 3671 179 3732 ad
197 3689 258 3731 nos
274 3668 395 3744 venire,
407 3677 441 3732 et
457 3669 490 3730 in
508 3667 604 3730 nobis
621 3682 753 3730 manere
769 3666 849 3747 quin
867 3683 927 3726 sua
943 3662 1031 3724 bona
1054 3663 1152 3724 nobis

65 3765 223 3851 largiatur.

104 3871 164 3961 (B)
182 3875 369 3952 Tradit.,sc.
379 3895 423 3937 ex
439 3873 470 3936 T
468 3873 528 3937 rial
545 3873 758 3937 declarante:
782 3870 866 3936 “Sic
882 3889 962 3950 ergo
972 3867 1152 3949 justificati,

96 4104 152 4160 ¹Cf.
165 4105 283 4168 Srrarea,
298 4101 432 4169 1.vl1‚c.
449 4116 472 4166 ¹3
492 4099 645 4166 Marcella,
658 4116 686 4152 n.
705 4098 771 4151 1008
786 4113 841 4166 sq.;
861 4096 982 4158 Hurfer,
998 4113 1024 4148 n.
1038 4111 1085 4150 201
1102 4111 1155 4164 sq.;

64 4189 163 4260 Egger,
177 4209 204 4245 n.
216 4193 278 4259 3843
298 4187 440 4255 Scheeben,
449 4189 511 4242 The
523 4187 634 4242 Glories
647 4186 680 4239 of
694 4185 788 4240 divine
797 4201 890 4254 grace,
901 4184 917 4236 l.
932 4185 969 4249 ll,
984 4199 1008 4236 c.
1022 4197 1046 4247 7.
1059 4200 1084 4252 p.
1098 4181 1154 4248 146.

97 4281 170 4347 ’sora
187 4281 264 4348 XIV,
282 4295 324 4348 23.
