2758 4652
242 201 312 253 534
452 203 508 252 DE
527 200 821 253 POENITENTIAE
839 201 1138 253 sacnaMENw.

285 389 333 460 77.
382 378 448 467 (Β)
483 383 606 446 Tradit.
654 379 710 468 (a)
738 385 852 446 Patres
876 404 933 445 ore
957 383 1105 446 unanimi
1133 381 1207 442 talis
1229 381 1317 462 poeni-

243 484 356 544 tentiae
373 485 604 547 necessitatem
621 484 774 547 docuisse
792 487 1018 548 Protcstantes
1039 485 1101 566 ipsi
1124 484 1213 546 fateri
1228 480 1317 545 coaili

243 595 341 661 sunt;
368 586 413 648 ita
428 584 652 650 Cleemnitius¹
670 588 716 649 ait
734 612 741 650 ε
767 592 783 620 “
795 589 866 650 Nec
881 608 961 651 vero
977 588 1106 650 nescius
1122 607 1194 648 sum
1209 595 1318 647 veteres

243 686 422 768 aliquando
439 689 538 751 nimis
560 688 694 770 largiter
709 700 742 752 et
757 691 865 753 verbis
882 691 1020 754 nimium
1043 689 1225 772 magnificis
1237 689 1319 750 disci-

242 790 367 870 plinam
384 792 578 854 canonicam
595 794 839 869 commendare,
855 803 892 856 ut
907 793 997 874 quod
1019 793 1237 855 Tertullianus
1251 791 1320 852 dicit

242 891 523 956 satisfactionibus
548 893 612 955 illis
637 904 774 974 peccata
798 897 935 977 expiari,
962 896 1145 976 Cjssriunus
1171 894 1231 955 illis
1251 891 1320 956 dicit

242 1004 377 1075 peccata
391 995 516 1071 redimi,
528 996 628 1070 ablui,
640 997 748 1059 sanari
761 1008 795 1060 et
805 999 951 1078 judicem
964 997 1087 1079 placari
1102 1019 1109 1074 ;
1141 996 1321 1069 Απιὸνωιίις,

242 1121 359 1181 poenas
381 1103 543 1183 gehennae
567 1103 630 1164 illis
653 1101 881 1184 compensari;
907 1100 1127 1182 Augustinus,
1144 1099 1248 1161 Deum
1266 1097 1322 1158 illis

241 1207 283 1269 de
299 1209 443 1289 peccatis
459 1210 633 1291 praeteritis
650 1208 821 1291 propitiari
830 1207 854 1269 ”.
900 1206 951 1288 (b)
971 1207 1063 1269 ldem
1081 1215 1210 1267 constat
1224 1225 1262 1265 ex
1276 1223 1323 1264 ca-

242 1311 384 1374 nonibus
400 1311 695 1392 poenitentialibus,
708 1313 740 1374 in
754 1311 873 1392 quibus
885 1309 1088 1390 gravissimae
1101 1305 1324 1389 poenitentibus

242 1433 351 1494 poenae
367 1413 621 1496 infligebantur;
646 1435 675 1478 v.
691 1435 722 1497 g.
737 1413 821 1496 “qui
843 1433 862 1474 a
884 1412 948 1475 fide
969 1411 1135 1474 catholica
1156 1409 1326 1482 desciverit,

242 1516 474 1596 poenitentiam
491 1527 568 1597 aget
584 1517 680 1578 annis
701 1533 759 1594 10;
786 1516 842 1597 qui
860 1534 976 1596 magos
992 1513 1203 1586 consuluerit,
1218 1513 1247 1574 in
1263 1532 1327 1593 poe-

242 1619 381 1680 nitentid
394 1619 456 1680 erit
473 1639 578 1681 annos
597 1633 612 1698 5
628 1641 635 1697 ;
661 1621 862 1701 quicumque
874 1619 981 1680 sciens
998 1616 1202 1698 pejeraverit,
1213 1632 1253 1692 40
1264 1616 1330 1678 dies

242 1721 274 1783 in
292 1741 378 1801 pane
390 1731 423 1784 et
436 1727 522 1803 aqua
539 1731 572 1784 et
585 1737 604 1801 7
617 1731 794 1802 sequentes
807 1740 909 1782 annos
921 1720 1084 1801 poeuiteat
1100 1741 1106 1795 ;
1134 1719 1189 1800 qui
1204 1718 1329 1798 aliquod

242 1843 325 1905 opus
341 1823 458 1887 servile
474 1825 528 1888 die
542 1825 730 1900 Dominic0‚
743 1824 869 1887 sestove
885 1823 1006 1898 lecerit,
1017 1823 1247 1905 poenitentiam
1260 1833 1333 1901 aget

241 1937 307 1989 tres
323 1928 393 1990 dies
411 1929 443 1990 in
460 1948 546 2009 pane
562 1938 596 1992 et
612 1932 698 2010 aqua
713 1952 720 2007 3
746 1929 772 1989 si
789 1927 863 2007 quis
885 1927 917 1989 in
936 1925 1085 1987 Ecclesia
1101 1923 1334 1996 confabuletur,

241 2050 316 2093 curn
333 2031 445 2093 divina
462 2029 556 2104 fiunt,
572 2033 739 2111 poenitens
756 2032 818 2092 erit
833 2030 905 2092 dies
926 2030 1011 2091 toln
1029 2048 1116 2108 pane
1131 2037 1165 2089 et
1181 2031 1285 2106 aqua;
1309 2026 1334 2085 si

242 2132 343 2195 laicus
359 2133 489 2196 solutus
505 2153 581 2195 cum
599 2133 723 2195 semina
739 2134 849 2195 soluta
864 2131 1089 2206 concubuerit,
1100 2130 1265 2211 poenitens
1278 2129 1336 2189 erit

240 2255 347 2297 annos
363 2245 430 2298 tres
446 2236 525 2298 etc.”
536 2247 558 2297 ².

284 2341 333 2418 78.
379 2338 437 2421 (C)
453 2339 529 2401 Rat.
546 2360 669 2401 convert.
685 2338 736 2420 (a)
751 2339 807 2401 Ex
820 2347 918 2420 parte
933 2337 1000 2400 mi
1013 2360 1026 2401 .·
1053 2335 1147 2398 Deus
1169 2336 1256 2398 enirn
1281 2335 1335 2415 qui

240 2462 299 2523 per
314 2452 486 2524 peccatum
502 2439 690 2509 offenditur.
700 2462 766 2504 non
784 2451 835 2504 est
850 2441 958 2502 solum
975 2459 1118 2522 persona
1135 2441 1270 2522 privata,
1281 2438 1336 2498 sed

241 2544 411 2624 legislator
430 2555 463 2607 et
483 2547 586 2609 totius
606 2545 762 2608 humanae
781 2545 949 2607 societatis
970 2541 1098 2619 seiton
1129 2543 1220 2622 atqui
1243 2543 1337 2603 decet

240 2649 377 2728 quidem
401 2648 522 2724 Deum,
537 2659 574 2710 ut
597 2668 774 2729 personam
799 2648 973 2728 privatam,
991 2646 1153 2708 ollensnm
1177 2647 1237 2708 sibi
1262 2646 1336 2706 irro-

240 2761 354 2830 gatam
376 2751 544 2812 dimittere
557 2771 564 2826 ;
600 2751 658 2812 sed
685 2750 781 2812 simul
804 2749 1020 2830 legislatorem
1040 2751 1137 2812 decet
1161 2759 1197 2812 ut
1219 2745 1336 2810 delicta

241 2875 307 2918 non
334 2855 482 2918 remittat
507 2855 634 2935 absque
659 2858 759 2934 poena
780 2852 964 2933 temporali,
983 2861 1054 2914 tum
1076 2862 1112 2914 ut
1138 2849 1335 2913 infuturum

241 2957 331 3038 leges
347 2977 367 3019 a
382 2959 568 3038 poenitente
586 2956 703 3018 melius
720 2964 900 3030 serventur,
916 2965 987 3017 tum
1005 2966 1042 3016 ut
1057 2955 1110 3016 alii
1134 2975 1154 3017 a
1175 2953 1264 3016 malo
1285 2954 1336 3014 de·

241 3069 426 3122 terreantur
437 3069 470 3121 et
483 3061 529 3120 sic
543 3059 668 3122 bonurn
682 3059 850 3120 societatis
861 3068 1104 3139 promoveatur,
1116 3067 1186 3119 tum
1197 3057 1336 3136 denique

242 3172 277 3224 ut
297 3162 373 3242 jura
395 3181 460 3222 non
483 3162 590 3227 solum
613 3161 847 3223 misericordia:
868 3162 1047 3223 sedetiam
1066 3160 1215 3242 justitias,
1230 3159 1335 3239 quoad

241 3263 310 3326 ficri
326 3273 446 3344 potest,
463 3264 643 3328 salventur.

240 3367 252 3447 (
255 3368 292 3448 b)
311 3368 367 3429 Ex
384 3377 482 3447 purte
496 3367 692 3447 penitentis,
718 3386 805 3443 nam,
828 3376 865 3428 ut
888 3368 935 3429 ait
964 3367 1106 3428 Trident.
1130 3367 1222 3446 (sess.
1246 3365 1338 3438 xlv,

240 3490 310 3552 cap.
333 3471 376 3552 8),
396 3470 537 3552 “procul
560 3471 663 3534 dubio
688 3489 890 3551 magnopere
914 3491 933 3532 a
956 3480 1095 3552 peccato
1118 3481 1288 3544 revocant,
1308 3479 1339 3529 et

240 3575 334 3653 quasi
352 3572 458 3636 froeno
475 3573 622 3654 quodam
639 3585 793 3635 coercent
814 3574 866 3634 has
886 3571 1116 3635 satisiadloriae
1132 3593 1251 3655 poenae,
1267 3591 1340 3633 cau·

241 3677 406 3757 tioresque
428 3687 461 3738 et
482 3676 709 3756 vigilantiores
732 3676 762 3736 in
783 3675 929 3737 futurum
951 3676 1154 3756 poenitentes
1175 3675 1341 3746 efficiunt;

242 3780 417 3840 medentur
433 3799 566 3860 quoque
589 3788 801 3859 peccatorum
825 3778 979 3860 reliquiis,
996 3789 1029 3842 et
1050 3779 1188 3841 vitiosos
1210 3779 1341 3841 habitus

242 3883 328 3944 male
353 3883 496 3944 vivendo
520 3894 742 3962 comparatos,
768 3883 941 3944 contrariis
966 3881 1127 3944 virtutum
1156 3877 1341 3942 actionibus
1372 3877 1373 3928 l

278 4055 284 4077 ¹
300 4049 399 4102 Eram,
413 4049 446 4105 C.
458 4051 584 4105 Trident.
597 4069 621 4120 p.
635 4067 658 4117 4.

278 4129 443 4199 '‘Murinus,
457 4136 493 4189 de
508 4137 670 4201 Poenitent.,
687 4138 844 4206 Appendix,
860 4138 996 4192 Codicum
1011 4138 1270 4207 manuscriptorum
1290 4155 1343 4207 pre·
1372 4119 1373 4206 J

254 4217 340 4269 vitent.
356 4229 420 4282 etc.;
442 4221 595 4286 denunciat,
607 4224 765 4291 Perpetuite
779 4224 814 4277 de
828 4225 855 4276 la
869 4225 891 4276 F
894 4225 930 4291 oi,
944 4225 988 4280 ed.
1000 4226 1109 4296 Mrjgna
1119 4226 1172 4281 vol.
1188 4227 1243 4290 lll,
1253 4243 1282 4296 p.
1296 4227 1343 4294 855

286 4322 302 4368 ,;
325 4305 443 4370 Droin'n,
457 4323 482 4375 q.
496 4307 544 4372 Vl,
558 4324 580 4360 c.
596 4325 620 4373 2,
635 4307 648 4378 ἓ
664 4323 686 4376 3.
