2770 4652
408 200 465 249 DE
483 200 774 250 Pffitttrtttt'rra.
1074 198 1145 248 467

42 315 1136 325 —————.————..--—-—-—————-—

25 375 176 448 disponit.
226 378 296 435 Hoc
316 379 396 436 enim
417 378 523 437 timore
545 378 655 436 utiliter
674 378 810 436 concussi
833 377 974 434 Ninitivae
995 377 1034 434 ad
1054 376 1142 450 Jonae

25 462 279 531 praedicationem
300 463 418 534 plenam
439 463 598 522 terroribus
618 463 824 535 poenitcntiam
841 475 973 536 egerunt,
989 475 1017 522 et
1031 463 1142 520 miseri-

24 550 167 606 cordiam
180 568 198 607 a
214 551 346 607 Domino
360 552 562 622 impetrarunt.
600 547 803 620 Quamobrem
815 547 888 605 salso
898 547 1020 619 quidam
1031 547 1142 604 calum·

25 637 154 693 niantur
165 637 329 696 catholicos
343 637 516 710 Scriptores,
529 635 614 707 quasi
624 634 800 694 tradiderint
813 645 1029 691 sacramentum
1044 633 1141 690 Poeni·

26 724 136 781 tentiae
155 724 270 796 absque
293 725 374 783 bono
395 733 479 782 motu
500 721 725 794 suscipientium
750 721 873 792 gratiam
895 720 1039 788 conferre,
1058 720 1141 792 quod

25 827 190 882 nunquam
205 811 339 870 Ecclesia
354 811 411 869 Dei
424 811 537 875 docuit,
553 825 608 866 nec
622 809 732 878 sensit;
751 808 804 866 sed
818 819 846 865 et
860 807 934 864 falso
947 807 1058 864 docent
1071 824 1140 863 con-

27 897 187 956 tritionem
201 916 265 956 esse
279 909 423 956 extortam
436 907 465 955 et
479 896 623 965 coaetant,
636 915 696 955 non
710 896 832 954 liberam
847 907 876 952 et
889 894 1093 952 voluntariam.

329 1053 436 1114 CAP.
461 1054 496 1114 5.
521 1053 576 1112 De
600 1053 849 1112 confessione.

66 1193 113 1248 Ex
138 1193 324 1252 institutione
344 1194 521 1252 sacramenti
544 1194 730 1252 Poenitentiae
753 1196 813 1266 jam
838 1193 983 1266 explicata
1006 1191 1141 1250 universa

30 1279 171 1337 Ecclesia
184 1299 302 1353 semper
312 1282 461 1348 intellexit,
475 1281 638 1339 institutam
652 1281 740 1338 etiam
752 1299 843 1339 essea
856 1267 986 1338 Do'niino
995 1281 1139 1352 integram

30 1379 227 1437 peccatorum
241 1370 467 1438 confessionem,
480 1380 509 1427 et
524 1368 665 1426 omnibus
684 1379 751 1440 post
772 1369 957 1441 Baptismum
971 1369 1062 1441 lapsis
1073 1371 1140 1440 jure

30 1453 137 1512 divino
151 1457 345 1514 neeessariam
361 1456 503 1514 existere:
523 1456 594 1528 quia
612 1457 760 1514 Dominus
779 1466 878 1515 noster
891 1457 977 1530 Jesus
991 1455 1137 1525 Christus,

32 1542 147 1598 eterris
159 1559 334 1600 ascensurus
347 1543 386 1601 ad
399 1543 500 1612 coelos,
516 1543 691 1601 Sacerdotes
704 1543 750 1600 sui
764 1543 855 1615 ipsius
869 1543 992 1600 vicarios
1010 1543 1138 1616 reliquit,

31 1636 178 1698 tanquam
194 1629 334 1700 praesides
347 1641 375 1687 et
387 1630 510 1700 iudices,
527 1630 566 1688 ad
579 1647 654 1702 quos
668 1629 767 1686 omnia
781 1630 915 1688 mortalia
928 1629 1050 1687 crimina
1062 1630 1114 1687 del
1130 1661 1143 1673 -

31 1725 146 1780 rantur,
160 1715 189 1770 in
200 1732 268 1786 quae
278 1715 388 1774 Christi
401 1715 505 1774 fideles
515 1715 677 1774 ceciderint
690 1738 695 1774 :
710 1734 771 1788 quo
780 1734 834 1788 pro
844 1726 990 1788 potestate
1000 1717 1140 1786 clavium,

34 1799 218 1858 remissionis
243 1813 293 1858 aut
318 1801 491 1860 retentionis
516 1813 706 1874 peccatorum
732 1803 909 1860 sententiam
935 1803 1137 1875 pronuntient.

34 1885 163 1944 Constat
182 1887 272 1956 enim,
288 1887 462 1946 Sacerdotes
480 1888 626 1959 judicium
643 1887 709 1958 hoc,
730 1887 881 1960 incognita
901 1889 991 1946 causd
1007 1906 1143 1947 exercere

35 1989 94 2029 non
116 1973 259 2045 potuisse,
277 1993 374 2046 neque
391 1975 560 2047 aequitatem
580 1975 702 2046 quidem
718 1974 782 2031 illos
797 1975 825 2032 in
841 1977 936 2048 poenis
950 1976 1140 2047 injungendis

35 2075 150 2118 servare
164 2062 305 2132 potuisse,
321 2062 344 2118 si
365 2061 394 2118 in
415 2080 522 2134 genere
540 2063 692 2128 duntaxat,
708 2071 737 2120 et
752 2080 811 2119 non
826 2063 925 2134 potius
939 2062 967 2119 in
982 2063 1091 2134 speeie,
1105 2080 1142 2119 ac

37 2148 196 2219 sigillatim,
209 2167 262 2206 sua
276 2150 330 2222 ipsi
347 2160 470 2223 peccata
482 2151 689 2209 declarassent.

71 2233 116 2291 Ex
131 2235 178 2292 his
192 2235 348 2308 colligitur,
364 2248 501 2309 oportere
518 2255 535 2294 a
552 2237 768 2309 poenitentibus
785 2237 886 2294 omnia
899 2247 1021 2309 peccata
1034 2247 1142 2294 morta-

37 2318 81 2388 lia,
91 2339 221 2392 quorum
232 2332 300 2395 post
310 2323 484 2395 diligentem
498 2323 542 2380 sui
555 2323 779 2394 discussionem,
791 2323 1003 2382 conscientiam
1017 2323 1140 2390 habent,

38 2406 65 2461 in
82 2408 273 2467 confessione
293 2410 447 2475 recenseri,
468 2411 580 2468 etiamsi
601 2410 801 2467 occultissima
820 2410 869 2468 illa
888 2411 955 2476 sint,
976 2421 1005 2467 et
1024 2419 1140 2467 tantum

39 2492 177 2552 adversus
196 2495 257 2553 duo
276 2494 380 2552 ultima
401 2495 542 2566 Decalogi
564 2506 711 2569 praecepta
730 2497 898 2566 commissa,
917 2513 984 2568 quae
1004 2513 1141 2555 nonnun-

40 2592 124 2643 quam
145 2577 280 2635 animum
299 2578 415 2650 gravius
433 2580 575 2649 sauciant,
597 2588 626 2636 et
645 2579 853 2652 periculosiora
872 2591 940 2637 sunt
958 2579 1003 2646 iis,
1024 2596 1091 2652 quae
1109 2580 1140 2637 in

39 2665 194 2723 manifesto
206 2665 422 2723 admittuntur:
442 2683 511 2722 nam
530 2667 665 2734 venialia,
680 2667 790 2738 quibus
802 2686 819 2724 a
831 2667 924 2738 gratia
937 2667 993 2725 Dei
1014 2686 1073 2726 non
1093 2687 1139 2726 ex-

40 2743 194 2812 cludimur,
210 2757 239 2804 et
259 2747 288 2804 in
308 2766 376 2820 quae
388 2747 570 2821 frequentius
584 2748 717 2820 labimur,
735 2767 917 2822 quamquam
930 2750 1009 2808 recle
1023 2759 1052 2808 et
1066 2751 1140 2808 utili-

40 2839 81 2887 ter
91 2833 225 2906 citraquc
239 2851 359 2892 omnem
374 2836 635 2908 praesumptionem
652 2837 680 2893 in
693 2837 880 2894 consessione
897 2837 1042 2902 dicantur,
1058 2837 1142 2908 quod

42 2917 153 2986 piorum
176 2918 333 2978 hominum
356 2939 425 2977 usus
449 2921 653 2992 demonstrat;
684 2923 773 2981 taceri
793 2932 892 2980 tamen
916 2922 987 2980 citra
1009 2922 1137 2994 culpam,

42 3005 198 3078 multisque
219 3007 284 3064 aliis
306 3008 445 3066 remediis
470 3009 579 3080 expiari
605 3019 739 3081 possunt.
779 3009 890 3066 Verum
913 3025 981 3065 cum
1005 3010 1141 3067 universa

43 3092 172 3150 mortalia
187 3104 319 3165 peccata,
335 3095 424 3152 etiam
441 3095 636 3166 cogitationis,
653 3095 790 3153 homines
804 3095 852 3152 irae
866 3095 949 3166 filios,
966 3105 995 3153 et
1013 3095 1068 3154 Dei
1088 3095 1141 3152 ini-

43 3176 131 3235 micos
145 3179 291 3246 reddant3
311 3198 465 3238 necessum
483 3191 537 3247 est,
552 3183 686 3240 omnium
704 3181 792 3238 etiam
813 3181 938 3251 veniam,
952 3200 1020 3240 cum
1039 3183 1141 3255 aperta

43 3271 67 3316 et
87 3266 256 3324 verecunda
278 3267 474 3334 consessione,
495 3286 512 3324 a
534 3269 600 3325 Deo
623 3284 762 3338 quaerere.
802 3267 909 3339 Itaque
931 3268 1003 3326 dum
1026 3269 1137 3332 omnia,

43 3363 103 3416 quae
121 3352 272 3410 memoriae
288 3364 454 3420 occurrunt,
468 3365 590 3426 peccata
604 3353 714 3413 Christi
730 3353 836 3412 fideles
854 3355 988 3412 confiteri
1008 3355 1139 3420 student,

44 3439 139 3502 procul
153 3439 247 3498 dubio
261 3441 361 3498 omnia
374 3441 482 3499 divinae
496 3441 704 3500 misericordiae
717 3441 900 3511 ignoscenda
910 3452 1075 3514 exponunt,
1088 3441 1140 3512 qui

44 3535 105 3579 vero
120 3543 206 3583 secus
219 3526 338 3598 faciunt,
356 3538 384 3585 et
398 3529 524 3586 scienter
537 3528 637 3600 aliqua
650 3529 785 3598 retinent,
802 3528 874 3584 nihil
894 3527 1002 3585 divinae
1015 3527 1141 3584 bonitati

43 3621 90 3673 per
103 3611 293 3670 Sacerdotem
308 3613 520 3672 remittendum
534 3623 706 3686 proponunt
719 3635 727 3686 ;
746 3613 770 3671 si
790 3613 868 3671 enim
883 3613 1037 3672 erubescat
1050 3630 1141 3684 aegro-

44 3698 85 3749 tus
99 3699 204 3755 vulnus
218 3699 335 3757 medico
348 3700 495 3772 detegere,
509 3701 591 3772 quod
605 3701 728 3772 ignorat,
744 3700 892 3757 medicina
906 3719 966 3757 non
980 3711 1070 3757 curat.

74 3779 229 3856 Colligitur
260 3795 410 3857 praeterea,
435 3787 523 3844 etiam
556 3805 604 3844 eas
635 3787 871 3844 circumstantias
899 3785 929 3842 in
954 3786 1141 3843 confessione

46 3868 230 3938 explicandas
243 3889 317 3942 esse,
328 3890 395 3943 quae
408 3874 538 3945 speciem
553 3874 666 3946 peccati
682 3883 797 3930 mutant
811 3893 817 3929 :
838 3871 920 3944 quod
933 3872 997 3929 sine
1007 3871 1063 3928 illis
1074 3890 1141 3944 pec-

45 3960 103 4007 cata
121 3955 182 4028 ipsa
200 3974 298 4028 neque
314 3975 332 4013 a
349 3958 563 4029 poenitentibus
580 3959 692 4029 integre
707 3966 903 4030 exponantur,
918 3975 974 4014 nec
990 3957 1140 4027 judicibus

46 4031 232 4112 innotescant,
243 4055 272 4101 et
285 4044 347 4102 fieri
362 4055 498 4117 nequeat,
513 4056 545 4104 ut
558 4046 597 4104 de
610 4045 751 4117 gravitate
764 4045 920 4102 criminum
932 4043 1141 4104 reaccensae

47 4127 158 4198 possint,
171 4141 201 4188 et
214 4147 344 4202 poenam,
361 4149 451 4204 quam
465 4142 592 4204 oportet,
605 4150 658 4204 pro
672 4131 728 4189 illis
742 4131 956 4204 poenitentibus
976 4132 1137 4204 imponere.

48 4205 129 4273 Unde
140 4217 271 4276 alienum
284 4237 301 4275 a
315 4219 428 4277 ratione
441 4230 493 4290 est,
510 4220 618 4278 docere
631 4220 865 4278 circumstantias
885 4219 937 4277 has
956 4219 994 4276 ab
1014 4219 1139 4276 homini-

49 4290 96 4354 bus
113 4303 214 4362 otiosis
232 4307 413 4376 excogitatas
432 4306 541 4374 fuisse;
565 4317 617 4364 aut
639 4325 729 4364 unam
753 4317 868 4365 tantum
887 4306 1138 4364 circumstantiam
