2758 4652
475 178 529 227 DE
548 177 723 228 ORDINE.
1082 171 1148 222 60³

25 353 168 433 pletam
190 356 354 418 rationem
371 357 471 419 estin
488 377 564 433 un0,
581 357 613 419 in
630 357 702 418 aliis
719 367 830 418 autem
848 365 898 416 est
914 352 1026 433 aliqua
1048 350 1149 432 parti-

25 457 167 538 cipatio
187 460 299 541 ipsius,
347 460 391 522 Et
408 461 455 523 ita
470 468 521 523 est
543 459 621 522 hic:
649 468 721 524 tota
736 457 825 520 enlm
847 455 1021 538 plenitudo
1041 473 1147 516 sacra·

26 562 144 624 menti
163 561 268 642 hujus
280 571 331 626 est
347 564 381 624 in
397 584 466 627 uno
477 563 602 638 ordine,
613 562 739 626 scilicet
750 560 944 638 sacerdotio,
955 559 1014 622 sed
1029 558 1061 620 in
1075 557 1147 620 aliis

24 673 80 725 est
99 666 270 745 quaedam
288 666 498 748 participatio
513 666 674 730 ordInis'’.

205 803 267 861 lv.
285 801 341 862 De
357 803 537 861 ministro
553 801 786 861 sacramenti
803 793 991 860 Ordtnts¹.

71 940 130 994 20.
191 929 591 992 10Ministerordinan'us
601 928 699 1009 hirsus
710 929 907 990 sacramenti
917 937 965 991 est
973 927 1059 990 solus
1069 925 1147 1008 Epi-

23 1042 159 1111 scopus.
210 1031 346 1096 Certum
363 1042 413 1095 est
430 1042 500 1094 tum
514 1053 557 1094 ex
570 1032 709 1095 Florent.
723 1054 735 1095 .·
758 1036 774 1063 “
787 1031 983 1096 Ordinarius
1000 1033 1149 1095 minister

24 1133 139 1214 hujus
165 1136 366 1198 sacramenti
390 1144 441 1198 est
465 1135 652 1216 Episcopus
663 1135 679 1160 ”
692 1157 700 1213 ;
727 1145 797 1198 tum
822 1156 865 1198 ex
887 1135 917 1198 Τ
916 1135 1029 1197 rident.
1049 1159 1056 1198 :
1084 1135 1146 1218 “lsi

25 1236 109 1316 quis
123 1236 258 1300 dixerit
271 1237 485 1320 Episcopus...
498 1257 564 1300 non
577 1237 698 1299 habere
714 1247 915 1318 potestatem
929 1235 1146 1300 confirmandi

26 1347 63 1399 et
77 1339 279 1415 ordinandi,
289 1339 341 1402 vel
357 1360 442 1416 eam,
454 1360 554 1422 quam
571 1339 705 1416 habent,
718 1341 782 1402 illis
795 1361 867 1403 esse
883 1361 958 1404 cum
974 1341 1146 1421 Presbyte-

28 1441 75 1500 ris
93 1461 356 1504 communem
372 1441 413 1506 A.
427 1442 478 1507 S.'’
495 1443 579 1523 (can.
594 1445 635 1521 7).
682 1442 858 1524 Colligitur
873 1444 974 1506 etiam
991 1464 1035 1506 ex
1044 1443 1150 1523 praxi

31 1541 196 1605 Ecclesiae
206 1567 218 1606 .·
241 1544 284 1610 ab
300 1544 394 1605 initio
409 1545 497 1606 enim
515 1544 575 1606 soli
590 1544 758 1627 Episcopi,
769 1565 826 1609 seu
845 1547 984 1609 ministri
1001 1547 1146 1628 superio-

30 1665 95 1720 res,
109 1645 182 1708 hoc
194 1656 438 1710 sacramentum
453 1647 639 1710 ministrare
652 1649 808 1711 dicuntur
821 1670 828 1724 ;
851 1649 897 1710 sic
911 1647 1068 1730 Apostoli
1085 1649 1146 1729 ipsi

31 1749 209 1811 diaconos.
218 1749 375 1811 ordinant
385 1761 408 1826 ²,
424 1750 470 1810 sic
485 1748 606 1811 Paulus
618 1759 652 1813 et
666 1750 845 1827 Barnabas,
858 1753 989 1814 nonnisi
1006 1761 1083 1833 post
1099 1771 1147 1814 re·

32 1861 180 1928 ceptum
193 1850 434 1932 episcopatum,
443 1849 658 1931 Presbyteros
670 1851 889 1932 persingulas
902 1852 1057 1913 eeclesias
1070 1871 1147 1913 con-

32 1952 226 2029 stituunt³;
247 1952 383 2014 aliunde
395 1952 511 2015 nullibi
525 1951 646 2032 legitur
658 1955 824 2036 simplices
839 1955 1052 2036 Presbyteros
1065 1956 1147 2018 alios

35 2053 245 2116 Sacerdotes
273 2047 453 2130 ordinasse,
478 2074 539 2117 nec
566 2057 668 2118 etiam
694 2066 845 2140 tempore
871 2059 1148 2138 persecutionum,

33 2174 146 2232 quum
165 2165 298 2237 urgeret
314 2157 502 2232 necessitas,
520 2156 577 2218 sed
600 2179 618 2218 e
640 2168 755 2221 contra
774 2160 886 2222 Patres
903 2160 992 2221 solos
1010 2160 1161 2240 Episco·³

36 2277 100 2334 pos
117 2267 386 2320 commemorant
403 2268 439 2320 ut
456 2260 624 2321 ministros
638 2259 795 2341 Ordinis;
819 2261 866 2323 sic
881 2261 915 2324 S.
927 2261 1150 2342 Hieronymus

36 2359 102 2440 (ep.
119 2363 161 2440 85
177 2361 218 2422 ad
237 2361 380 2442 Evang.)
397 2361 533 2424 scribit:
557 2361 674 2444 “Quid
693 2363 781 2439 lacit,
795 2363 921 2444 exceptet
936 2361 1148 2440 ordinatione,

37 2462 232 2544 Episcopus
257 2463 348 2544 quod
376 2465 553 2545 Presbyter
578 2484 645 2526 non
671 2465 822 2529 saciat''?
879 2467 973 2528 ldem
1000 2467 1147 2532 declarat

39 2563 71 2626 C.
92 2565 352 2646 Carthaginensi
366 2565 429 2630 IV
439 2565 481 2647 (a.
501 2567 585 2646 398),
601 2565 694 2648 cujus
718 2589 863 2631 canones
887 2567 985 2632 refert
1001 2567 1146 2631 Denzin-
1234 2617 1236 2624 .

32 2689 103 2746 ger,
117 2691 150 2734 n.
165 2685 217 2749 50·
223 2672 272 2748 58.

79 2785 133 2840 21.
182 2785 217 2834 20
228 2773 415 2852 Presbyteri
428 2795 490 2835 non
499 2781 644 2854 possunt,
656 2771 754 2834 etrum
770 2793 842 2834 crem
860 2772 896 2834 S.
909 2772 1080 2852 Pontificis
1094 2771 1146 2834 de-

38 2873 206 2954 legatione,
217 2897 282 2939 esse
293 2877 443 2939 nu'nistri
451 2875 709 2939 extraordinarii
719 2873 914 2954 episcopatos
925 2874 978 2935 vel
983 2873 1143 2953 presbyte-

37 2979 143 3054 ratrls,
160 2988 198 3040 ut
213 2979 407 3041 conceditur
422 2979 466 3040 ab
481 2979 637 3041 omnibus
652 3000 660 3056 ;
680 2987 820 3058 possunt
839 2988 955 3052 tamen,
971 2997 1043 3039 cum
1064 2977 1144 3039 dele·

33 3083 170 3156 gatione
193 3081 228 3145 S.
244 3081 425 3164 Pontificis,
445 3103 511 3145 esse
533 3081 683 3144 mim'stri
704 3079 963 3142 extraordinarii
982 3079 1144 3142 subdiaco-

39 3186 138 3248 natus
153 3207 191 3248 ac
206 3186 366 3248 nu'norurn
381 3185 544 3261 ordinum,
560 3196 594 3248 et
617 3206 636 3247 a
661 3183 786 3246 fortiori
810 3193 957 3247 tonsure.
1007 3184 1034 3245 li
1054 3185 1143 3246 enim

40 3290 165 3366 gradus
181 3290 223 3351 de
241 3287 329 3352 latio
344 3289 388 3351 ab
405 3289 605 3364 Abbattbus,
622 3287 678 3369 qui
695 3285 837 3367 simplici
854 3286 1050 3349 sacerdotali
1068 3285 1143 3347 cha-

41 3389 166 3454 raitere
183 3393 455 3474 insigniebantur,
469 3413 513 3454 ex
530 3391 743 3454 concessione
761 3389 793 3454 S.
808 3389 914 3464 Sedis,
927 3389 1037 3451 collati
1055 3399 1139 3453 sunt.

43 3477 138 3558 Idem
155 3495 339 3558 docuerunt
357 3495 509 3557 nonnulli
533 3493 679 3574 theologi
697 3501 730 3554 et
747 3493 929 3554 canonistae
945 3491 1055 3572 quoad
1072 3491 1143 3552 din-

41 3608 198 3673 conatum,
208 3597 269 3659 hac
282 3598 464 3678 praesertim
479 3598 605 3660 ratione
619 3595 725 3657 innixi
738 3593 827 3675 quod
839 3593 1044 3656 Innocentius
1059 3590 1148 3656 VIII

43 3697 128 3762 hanc
150 3709 350 3781 potestatem
370 3700 497 3762 Abbati
521 3699 665 3784 generali
684 3698 952 3762 Cisterciensium
973 3717 1143 3760 concesse·

43 3784 92 3877 rit,
109 3804 141 3864 in
168 3803 264 3864 Bulla
281 3803 433 3883 Exposu't
454 3802 592 3884 (1489);
620 3804 662 3864 de
684 3801 779 3881 cujus
801 3811 913 3864 tamen
936 3801 1143 3882 genuinitate

45 3905 137 3967 multi
161 3905 342 3968 dubitant:
370 3909 385 3936 ‘⁴
398 3904 492 3981 Mihi,
509 3906 616 3986 inquit
642 3903 806 3983 Gasporri
829 3899 898 3986 (op.
921 3904 975 3965 cit.
997 3922 1027 3965 n.
1050 3899 1142 3987 778),

77 4096 129 4157 ²5.
149 4103 278 4166 Thomas,
295 4103 393 4172 Suppl.
409 4119 436 4172 q.
452 4103 497 4172 38;
520 4101 644 4168 Hallr'cr,
658 4118 683 4170 p.
704 4117 744 4167 tt,
758 4098 827 4154 sect.
845 4112 871 4168 53
890 4101 1038 4168 Bellarm„
1056 4117 1080 4155 c.
1099 4114 1142 4165 ιη

47 4189 163 4258 Droue'n,
175 4208 201 4261 q.
213 4189 268 4256 Vl;
287 4193 419 4252 Perrone,
436 4207 463 4244 n.
482 4188 532 4258 138
545 4205 601 4257 sq.;
620 4189 654 4240 de
664 4187 848 4256 Augustinis,
864 4204 890 4242 a.
906 4189 930 4241 8.

101 4279 162 4332 Ae‘I.
176 4278 227 4343 Vl,
241 4279 266 4330 6.
285 4307 309 4316 -
323 4271 334 4301 ³
347 4277 408 4330 Ait.
425 4277 510 4340 Xlll,
527 4289 584 4344 2·3;
604 4274 685 4337 XIV,
702 4291 742 4328 22.
