2808 4664
233 163 297 216 738
512 163 568 212 DE
587 162 669 212 DEO
687 160 1062 212 REMUNERATORE.

231 345 279 425 (in
301 345 331 406 h.
349 345 405 426 l.):
427 345 560 426 '‘Jobus
583 365 688 427 spem,
711 363 812 425 quam
836 343 979 420 fovebat,
1002 365 1037 406 se
1060 344 1166 406 oculis
1191 345 1338 424 corporis

231 449 280 510 sui
305 448 479 510 instaurati
503 444 716 529 aspecturum
733 467 806 508 esse
823 447 932 508 Deum
950 446 1058 508 verbis
1075 447 1266 508 clarissimis
1282 447 1339 508 de-

231 549 335 611 clarat
347 551 372 613 ”.
419 549 577 612 Fatemur
601 559 713 612 tamen
741 560 974 630 argumentum
991 549 1071 612 illud
1088 570 1175 611 exse
1189 558 1226 611 ut
1241 549 1340 630 plane

232 651 453 715 decretorium
469 672 536 714 non
553 651 667 715 haberi
683 671 703 714 a
719 650 888 715 nonnullis
905 653 1005 714 etiam
1023 650 1196 713 catholicis
1207 663 1229 726 ¹,
1240 652 1308 712 imo
1319 671 1340 712 a

234 757 269 820 S.
289 755 525 836 chrysostomo·
545 757 602 818 sed
620 754 768 837 plerique
786 755 909 830 Patres,
925 763 994 815 turn
1014 753 1124 815 Latini
1143 764 1213 815 tum
1233 753 1338 816 Graeci

232 878 274 920 eo
289 868 428 921 utuntur
443 858 485 919 ad
503 857 713 939 probandum
730 854 978 920 resurreitionis
1001 857 1135 938 dogma,
1152 856 1198 917 ita
1214 866 1251 918 ut
1266 875 1340 916 sen-

234 981 289 1026 sus
305 980 405 1042 supra
427 960 617 1042 propositus
633 979 709 1021 vere
725 960 768 1022 sit
784 958 1006 1021 traditionalis
1018 970 1039 1020 ².
1055 995 1098 1004 -
1114 956 1340 1021 Confirmatur

234 1083 279 1126 ex
292 1063 395 1125 Dana
406 1087 418 1127 .·
434 1061 563 1125 “Multi
579 1064 622 1124 de
638 1061 689 1124 his
705 1063 761 1142 qui
777 1063 948 1124 dormiunt
965 1063 998 1122 in
1015 1071 1110 1123 terrae
1127 1060 1261 1142 pulvere
1276 1063 1340 1123 evi-

228 1165 417 1246 gilabunt'',
440 1166 518 1243 ubi;
541 1165 599 1228 sed
624 1165 807 1246 praesertim
831 1183 875 1225 ex
900 1164 935 1226 ΙΙ
959 1163 1148 1226 ΜαιΙιαύ.4.·
1175 1157 1233 1224 “E
1256 1163 1342 1225 coelo

235 1269 299 1331 ista
321 1268 496 1349 (membra)
519 1267 683 1349 possideo,
706 1266 764 1329 sed
788 1276 925 1348 propter
947 1266 1011 1328 Dei
1040 1266 1130 1347 leges
1158 1287 1246 1328 nunc
1270 1265 1343 1328 haec

234 1371 307 1452 ipsa
322 1371 479 1453 despici0,
495 1371 653 1450 quoniam
671 1369 714 1431 ab
731 1370 803 1450 ipso
820 1390 870 1430 me
883 1389 920 1431 ea
936 1379 1132 1448 recepturum
1147 1369 1262 1449 spero”
1279 1380 1333 1431 etc

280 1496 347 1583 (B)
364 1499 403 1562 In
420 1499 515 1561 Novo
533 1499 613 1561 Test.
627 1498 810 1560 luculenter
826 1517 876 1559 res
892 1496 1100 1560 declaratur:
1124 1497 1175 1578 (a)
1192 1497 1348 1561 Christus

236 1601 394 1683 explicite
422 1601 464 1662 de
490 1598 727 1664 resurreetione
755 1601 862 1662 carnis
890 1600 1019 1664 locutus
1046 1611 1106 1675 est,
1130 1602 1211 1662 dum
1236 1601 1350 1664 dixit:

235 1707 253 1736 “
266 1703 451 1766 Procedent
471 1703 528 1783 qui
550 1703 638 1764 bona
660 1700 808 1764 iecerunt
835 1702 867 1763 in
891 1699 1163 1765 resurrediionem
1187 1703 1275 1776 vitae,
1291 1706 1350 1784 qui

237 1825 314 1868 vero
328 1805 415 1868 mala
426 1814 565 1888 egerunt
575 1805 608 1866 in
621 1802 893 1870 resurrectionem
902 1805 1077 1885 judicii...'';
1093 1810 1108 1836 ‘⁴
1121 1805 1198 1886 Ego
1211 1807 1353 1868 resusci-

239 1907 319 1970 tabo
335 1926 411 1969 eum
429 1907 461 1969 in
479 1907 660 1968 novissimo
675 1907 730 1968 die
742 1907 757 1934 ’'
771 1917 792 1968 ⁵.

237 2010 288 2090 (b)
307 2009 342 2074 S.
358 2010 488 2072 Paulus
503 2007 775 2072 resurredtionem
794 2019 1000 2072 mortuorum
1018 2029 1082 2071 non
1100 2009 1210 2073 solum
1227 2010 1357 2073 diserte

239 2111 392 2184 affirmat,
419 2113 476 2174 sed
505 2112 606 2174 etiam
633 2112 746 2174 multis
774 2114 980 2193 argumentis
1007 2113 1174 2194 probat⁶:
1207 2133 1252 2174 ex
1280 2114 1357 2194 ipsa

239 2214 468 2277 resurreiit'one
485 2212 610 2276 clenni
624 2213 751 2293 (1·19):
767 2214 884 2276 “Nam
901 2215 927 2276 si
945 2216 1066 2277 mortui
1082 2235 1148 2277 non
1163 2226 1357 2296 resurgunt,

240 2336 347 2397 neque
360 2316 512 2380 Christus
525 2316 705 2378 resurrexit
715 2317 749 2393 '’;
764 2315 947 2398 exefficacici
960 2317 1188 2397 redemptaebnis
1200 2319 1336 2398 (2o28)
1349 2343 1357 2378 ·.

240 2418 364 2482 “Sicut
382 2420 413 2480 in
433 2418 544 2480 Adam
567 2439 683 2481 omnes
707 2419 900 2494 moriuntur,
918 2420 1013 2482 itaet
1030 2421 1062 2481 in
1081 2419 1218 2482 Christo
1233 2439 1359 2481 omnes

240 2519 503 2593 vivificabuntur,
519 2523 746 2602 unusquisque
769 2532 882 2584 autem
903 2523 934 2583 in
952 2541 1014 2584 suo
1028 2522 1168 2584 ordine:
1193 2523 1358 2603 primitia:

242 2621 403 2696 Christus
418 2623 541 2684 deinde
558 2623 578 2685 ii
595 2625 651 2703 qui
668 2634 747 2687 sunt
763 2624 886 2688 Christi
899 2626 936 2702 ”3
960 2645 976 2686 e
991 2625 1136 2688 moribus
1145 2635 1178 2687 et
1189 2625 1359 2688 laboribus

232 2725 387 2807 fidelium
403 2725 553 2807 (29-34):
577 2725 643 2789 “Si
660 2728 702 2788 ad
721 2725 844 2790 bestias
861 2729 1006 2810 pugnavi
1025 2726 1160 2808 Ephesi,
1171 2729 1252 2810 quid
1272 2729 1357 2790 mihi

242 2829 388 2910 prodest,
404 2829 431 2890 si
456 2828 577 2892 mortui
602 2848 668 2890 non
693 2838 869 2909 resurgunt
881 2828 923 2892 ”i
946 2849 990 2892 ex
1006 2830 1164 2892 solutione
1178 2830 1357 2893 dubiorum

246 2973 323 2980 μ.

278 3052 287 3083 ¹
302 3049 358 3104 Cir.
375 3047 468 3118 lersy,
487 3050 527 3102 Le
547 3049 629 3102 Livre
648 3050 684 3103 de
702 3051 765 3119 Jub‚
779 3067 806 3118 p.
822 3063 837 3113 7
858 3067 900 3119 sq.
917 3049 964 3104 ubi
984 3049 1130 3104 contendit
1149 3051 1228 3104 hunc
1246 3061 1361 3105 textum

243 3137 329 3192 luisse
348 3136 529 3206 aliquomodo
548 3136 745 3202 adulteratum,
764 3146 794 3189 ut
812 3137 947 3204 probatur
965 3153 998 3190 ex
1017 3136 1103 3190 variis
1122 3135 1304 3204 leitionibus,
1321 3155 1361 3190 ac

244 3224 337 3278 ideam
358 3221 570 3277 resurrectionis
591 3239 625 3276 ex
649 3238 735 3290 scopo
757 3222 843 3275 totius
861 3221 923 3275 libri
944 3222 1053 3276 excludi
1065 3242 1072 3287 ;
1100 3233 1238 3276 econtra
1254 3239 1363 3278 recens

243 3309 342 3363 auctor
353 3319 515 3378 protestans
529 3308 674 3374 Salmonei,
687 3325 732 3376 op.
748 3308 792 3362 cit.
806 3325 833 3376 p.
851 3319 976 3377 253-257,
990 3325 1048 3362 non
1067 3309 1249 3363 obstantibus
1269 3309 1362 3362 variis

245 3395 421 3462 lectionibus,
435 3396 509 3448 hunc
522 3395 616 3448 locum
629 3394 664 3448 de
678 3391 882 3448 resurrectione
894 3393 1032 3462 intelligit.

279 3483 448 3552 ’Objiciunt
462 3482 657 3536 Rationalistae
677 3480 889 3535 resurrectionis
906 3480 1010 3550 dogma
1027 3491 1094 3534 tunc
1112 3481 1249 3548 temporis
1270 3481 1363 3534 fuisse

245 3569 392 3639 ignotum
415 3570 469 3622 hoc
488 3577 583 3622 autem
603 3568 705 3621 salsum
724 3580 775 3633 est,
792 3585 877 3638 quum
897 3568 950 3620 hoc
970 3567 1056 3621 etiam
1074 3567 1199 3637 antiquis
1213 3569 1363 3638 AEgyptiis

246 3667 345 3710 notum
363 3657 456 3724 fuerit,
475 3667 505 3710 ut
524 3673 558 3710 ex
576 3655 793 3725 hieroglyphicis
813 3655 934 3710 textibus
953 3665 1073 3718 constat,
1095 3654 1142 3709 ubi
1164 3657 1268 3725 legitur
1288 3675 1312 3710 v.
1331 3673 1361 3724 g.

247 3742 368 3810 Spiritus
382 3743 434 3796 iste
447 3742 585 3810 gloriosus
598 3759 614 3796 e
626 3742 757 3797 carnibus
770 3743 828 3797 suis
842 3743 888 3797 ille
901 3743 961 3811 ipse
975 3742 1051 3798 videt
1064 3743 1194 3810 (Deum).
1235 3744 1280 3797 Ci.
1298 3741 1366 3797 An·

246 3831 322 3892 cessi,
335 3829 390 3896 Job
403 3839 431 3882 ct
444 3827 582 3897 l’Egypte,
599 3839 722 3898 119-155.

282 3909 380 3965 ⁸Dnn.
398 3915 467 3975 ΧΗ,
483 3929 506 3966 2.

283 3995 338 4047 *ἸΙ
347 3997 441 4062 Mach,
455 3999 523 4060 Vll,
539 4012 609 4066 9-13.
624 4029 656 4036 —
672 4001 717 4054 De
730 3999 889 4054 evolutione
902 3999 1039 4053 doctrina:
1051 3999 1271 4055 resurredllonis
1285 4004 1369 4071 apud

250 4079 372 4146 Judaeos‚
386 4083 432 4135 cir.
453 4085 591 4145 Tonzard,
609 4086 648 4138 Le
662 4086 905 4156 Developpement
925 4087 961 4140 de
980 4088 1007 4140 la
1025 4084 1156 4141 doctrine
1169 4087 1207 4142 de
1221 4089 1370 4142 l’lmmor-

252 4163 329 4214 talite
342 4181 386 4232 ap.
402 4168 471 4220 Rev.
489 4169 627 4237 h'iblr'que¹
648 4172 721 4239 1898,
735 4189 761 4241 p.
779 4187 901 4242 ²07·²4¹·

289 4249 298 4280 ⁵
305 4247 371 4313 loa.
388 4251 421 4314 V,
435 4265 480 4318 29;
499 4253 549 4320 vt,
566 4267 608 4321 55;
628 4257 674 4310 cfr.
690 4259 775 4310 Matt.
793 4260 889 4322 XXll,
904 4273 993 4328 23·32.
1007 4256 1065 4298 -⁶
1088 4260 1109 4312 I
1120 4259 1184 4314 Cor.
1200 4261 1266 4314 XV.
