2758 4652
335 197 390 246 DE
409 193 623 246 Exustam
642 189 874 244 UNCTIONE.
1088 183 1155 236 589

414 393 464 450 11.
483 391 537 450 De
560 389 801 449 necessitate.

94 522 145 587 32
184 519 217 568 1⁰
229 507 364 571 Certum
378 515 429 569 est
441 506 503 569 hoc
516 513 761 567 sacramentum
773 521 839 566 non
850 520 922 565 esse
932 497 1152 563 necessarium

50 609 252 673 necessitate
269 611 387 686 medii;
421 629 498 671 nam
523 607 672 670 infirmus
696 605 815 668 salvari
833 613 945 686 potest
960 605 1030 666 sine
1046 600 1153 683 gratia

48 711 273 775 alleviationis
289 723 322 776 et
339 713 465 776 roboris
481 731 540 792 per
558 711 621 772 Ex.
641 707 844 774 Undtionem
861 704 1032 790 producta.

93 831 144 894 ῃ,
192 829 227 878 20
243 816 511 880 Controvertitur
527 824 636 877 utrum
653 814 696 876 sit
712 813 754 875 de
772 813 971 875 necessitate
993 806 1151 892 praecepti

45 927 183 995 perse:
215 917 265 998 (a)
282 917 499 981 Communior
523 916 689 978 sententia
712 923 823 996 negat,
839 913 917 994 quia
939 932 1007 974 vox
1031 910 1151 974 “indu-

47 1029 102 1080 cat
112 1018 136 1095 '',
153 1039 225 1100 quae
242 1017 313 1086 sola
330 1021 436 1083 afferri
454 1019 542 1081 valet
558 1019 600 1081 ad
623 1028 827 1099 praeceptum
852 1015 1076 1090 iudicandum,
1092 1033 1150 1096 po-

48 1130 117 1184 test
135 1123 274 1205 intelligi
291 1135 325 1186 et
341 1126 383 1188 de
400 1120 488 1186 latio
504 1121 700 1202 intelligitur
723 1141 742 1183 a
766 1119 930 1201 plerisque
946 1125 1150 1181 commenta-

46 1225 180 1288 toribus
202 1227 244 1289 de
268 1247 360 1289 mero
383 1225 528 1288 consilio.
581 1223 632 1304 (b)
657 1223 819 1287 Attamen
843 1222 979 1303 quidam
1003 1219 1150 1302 theologi

46 1329 266 1409 probabiliter
292 1330 469 1406 affirmant,
488 1329 567 1410 quia
589 1348 656 1390 vox
692 1327 887 1402 “inducat¹'‚
919 1326 1019 1408 juxta
1052 1325 1150 1407 ipsos,

45 1442 255 1514 praeceptum
271 1433 445 1516 significat,
461 1443 495 1496 et
517 1430 650 1494 aliunde
667 1428 816 1493 infirmus
833 1429 1004 1511 negligens
1020 1429 1082 1491 hoc
1098 1447 1149 1490 sa·

44 1545 256 1598 eramentum
283 1537 458 1619 suscipere.
474 1534 619 1617 graviter
646 1533 809 1614 delinquit
832 1541 947 1596 contra
971 1531 1146 1594 caritatem

45 1656 129 1716 erga
146 1638 297 1718 seipsum.
350 1686 355 1696 .

87 1753 139 1818 34
189 1753 223 1818 3⁰
255 1739 383 1804 Omnes
412 1741 600 1804 concedunt
619 1751 682 1820 per
709 1740 854 1802 accidens
877 1738 1022 1821 aliquem
1050 1759 1148 1821 posse

40 1841 161 1916 teneri,
183 1843 245 1906 sub
271 1845 373 1924 gravi,
399 1845 441 1907 ad
471 1846 693 1925 receptionem
724 1845 787 1906 Ex.
814 1841 992 1908 Undiionis
1020 1843 1148 1908 ratione

41 1944 196 2007 scandali
210 1946 346 2022 vitandi,
362 1957 584 2028 contemptus,
602 1957 660 2010 aut
675 1947 778 2009 etiam
793 1947 820 2008 si
846 1946 994 2008 existens
1011 1946 1043 2007 in
1062 1966 1147 2008 mor-

41 2047 102 2108 tali
121 2045 212 2111 aliud
230 2059 475 2112 sacramentum
494 2051 639 2131 recipere
657 2051 816 2132 nequiret.

95 2151 199 2214 Unde
223 2152 255 2215 in
280 2153 375 2234 praxi
401 2151 514 2215 fideles
536 2155 634 2218 valde
654 2153 805 2216 hortandi
833 2161 919 2226 sunt,
942 2172 1008 2215 non
1033 2161 1145 2215 autem

40 2249 159 2316 stricte
175 2253 346 2334 obligandi
364 2255 406 2318 ad
425 2253 652 2336 recipiendum
669 2256 732 2318 hoc
755 2264 1010 2332 sacramentum,
1027 2265 1146 2340 utpote

40 2355 124 2436 ipsis
142 2355 222 2418 utile
238 2357 280 2419 ad
297 2358 447 2421 salutem.
490 2360 564 2421 Imo
581 2359 725 2440 graviter
737 2377 874 2440 peccare
885 2368 1026 2439 possunt
1040 2378 1146 2422 sacer-

39 2461 151 2533 dotes,
166 2469 319 2540 parentes
336 2462 385 2524 vel
404 2462 587 2538 domestici,
604 2471 662 2525 aut
681 2462 810 2537 medici,
825 2461 882 2543 qui
908 2461 1026 2524 nolunt
1041 2481 1144 2544 aegro·

38 2573 114 2624 tum
137 2561 199 2624 sibi
224 2563 419 2628 illudentem
444 2585 579 2628 monere
600 2568 643 2629 de
664 2565 820 2646 proximo
842 2563 988 2646 periculo
1012 2564 1145 2643 mortis;

38 2665 88 2727 sic
106 2667 196 2729 enim
215 2667 346 2748 privant
363 2667 529 2731 infirmum
546 2669 657 2732 medio
674 2669 716 2731 ad
734 2669 876 2732 salutem
892 2669 1078 2732 utilissimo,

342 2807 412 2864 111.
437 2805 492 2865 De
516 2805 718 2865 iteratlone
741 2807 862 2865 illius.

85 2931 137 2998 35.
187 2921 250 2984 Ex.
269 2920 395 2986 Unctio
413 2923 521 2986 iterari
539 2933 670 3004 potest:
706 2921 1077 2986 101nnovaetdiversa
1095 2925 1143 2986 in-

39 3021 202 3086 firmitate
219 3024 418 3105 periculosa;
442 3045 518 3088 nam
531 3025 695 3088 medicina
711 3027 808 3088 toties
826 3027 934 3088 iterari
947 3026 1047 3091 debet
1062 3047 1143 3110 quo·

38 3125 108 3188 ties
129 3124 303 3189 infirmitas
328 3125 466 3198 iteratur
473 3151 480 3205 ;
515 3128 606 3207 atqui
626 3127 689 3189 Ext
708 3125 834 3191 unetto
850 3127 1003 3191 instituta
1019 3139 1070 3192 est
1086 3150 1144 3212 per

40 3230 183 3292 modum
201 3230 375 3294 medicinae
392 3231 588 3313 spiritualis;
611 3249 697 3310 ergo.

88 3345 125 3392 20
138 3331 177 3394 In
201 3352 287 3395 novo
303 3344 336 3397 et
358 3334 489 3396 diverso
505 3334 645 3415 esicsdem
670 3333 775 3396 morbi
793 3334 948 3415 periculo,
964 3336 990 3398 si
1008 3337 1143 3400 morbus

37 3437 86 3497 sit
103 3435 281 3497 diuturnus,
329 3435 405 3498 Hoc
421 3438 509 3499 enim
527 3436 714 3500 declaratur
729 3437 894 3500 aRituali
907 3461 919 3500 :
942 3444 957 3470 “
973 3439 1010 3500 ln
1025 3440 1141 3502 eadem

37 3536 237 3600 infirmitate
253 3537 361 3600 iterari
380 3559 444 3600 non
463 3540 564 3603 debet
580 3541 642 3602 nisi
659 3541 815 3604 diuturna
831 3545 882 3616 sit,
903 3551 941 3605 ut
961 3561 1037 3604 cum
1055 3541 1143 3605 infir-

39 3660 119 3702 mus
129 3641 342 3716 convaluerit,
353 3650 385 3703 et
399 3642 517 3704 iterum
536 3644 569 3705 in
583 3643 731 3725 periculo
741 3644 857 3706 mortis
869 3645 1022 3708 inciderit
1032 3646 1064 3723 ”3
1099 3647 1140 3709 ad

37 3743 107 3804 hoc
131 3753 242 3806 autem
266 3745 329 3805 tria
345 3746 579 3825 requiruntur:
614 3746 661 3827 (a)
684 3757 721 3810 ut
743 3747 876 3810 morbus
897 3749 1072 3811 diuturnus
1088 3749 1143 3825 sit;

37 3845 94 3926 (b)
112 3855 149 3908 ut
165 3865 224 3926 per
240 3845 375 3928 aliquod
394 3858 536 3930 tempus,
552 3871 580 3912 v.
598 3871 627 3931 g.
650 3870 709 3931 per
724 3870 882 3926 mensem,
900 3850 1047 3914 infirmus
1064 3872 1141 3916 con·

37 3947 192 4024 valuerit,
209 3950 266 4012 ie.
284 3951 499 4030 probabiliter
515 3973 533 4014 e
550 3955 666 4016 mortis
681 3955 829 4036 periculo
853 3955 934 4036 eripi
958 3955 1049 4018 visus
1073 3955 1140 4020 iue-

38 4049 100 4124 rit;
146 4045 197 4134 (c)
229 4059 264 4110 ut
288 4051 423 4113 tandem
450 4053 482 4113 in
518 4072 641 4116 novum
674 4055 856 4136 periculum
892 4057 1053 4121 inciderit.
1101 4059 1139 4120 In

37 4151 144 4213 dubio
160 4162 272 4215 autem
290 4174 332 4216 an
349 4155 393 4216 sit
414 4174 537 4218 novum
555 4159 744 4238 periculum,
761 4172 1005 4224 sacramentum
1030 4161 1139 4224 iterari

38 4264 160 4335 potest.
206 4255 258 4338 (S.
281 4256 337 4320 Th.
354 4277 383 4338 q.
402 4275 450 4338 33,
467 4277 493 4320 a.
512 4259 553 4340 2).
