2794 4662
487 191 542 241 ns
560 191 734 244 onornrs.
972 165 983 173 ”
1103 187 1158 238 en

66 387 142 430 cum
155 375 276 450 patena
293 376 405 446 vacua,
417 391 491 453 quae
506 371 709 453 probabilius
725 379 916 433 consecrata
932 390 1004 431 esse
1019 369 1160 442 debent;

56 471 176 549 formu
189 495 201 534 :
223 473 372 537 “Videte
387 475 480 555 cujus
497 476 713 538 ministerium
730 475 823 537 vobis
839 473 991 550 traditur;
1013 473 1088 534 ideo
1100 490 1161 531 vos

66 574 244 650 admone0‚
260 585 296 640 ut
320 577 367 639 ita
389 599 448 640 vos
471 578 659 640 exhibeatis
683 587 719 641 ut
744 578 817 639 Deo
839 575 968 657 placere
989 573 1122 656 possitis
1134 572 1160 636 ”.

67 676 220 740 Traditio
235 681 449 758 urceolorum,
459 701 533 762 quae
547 681 583 744 srt
595 682 638 743 ab
650 681 891 753 archidiacono,
903 689 936 741 et
949 678 1021 739 libri
1037 677 1159 758 episto-

67 777 172 841 larum
190 781 392 861 probabilius
408 803 475 846 non
491 785 667 864 requiritur
682 784 724 845 ad
741 782 968 844 validitatem:
994 781 1082 842 idem
1105 778 1159 840 dic

64 901 87 942 a
113 881 238 945 fortiori
271 885 313 947 de
347 886 526 948 traditione
549 887 689 949 vestium
713 903 885 946 sacrarum.
944 881 1051 944 Onera
1083 880 1160 942 huic

64 985 173 1047 ordini
190 988 322 1050 adnexa
340 988 371 1050 in
394 988 543 1051 Ecclesia
560 989 690 1062 Latina,
703 998 780 1050 sunt
798 1010 805 1050 ε
831 986 991 1067 obligatio
1006 984 1158 1045 divinum

63 1087 201 1169 officium
218 1091 384 1166 recitandi,
395 1112 471 1172 quae
482 1093 636 1173 spiritum
652 1091 807 1155 orationis
821 1089 987 1170 supponit,
998 1098 1031 1151 et
1043 1107 1158 1169 perpe-

64 1201 124 1252 tua
140 1193 343 1269 continentia,
359 1195 401 1256 ad
418 1215 517 1276 quam
535 1196 730 1257 servandam
749 1194 955 1274 requiruntur
970 1192 1048 1273 fuga
1064 1211 1157 1254 occa-

62 1293 206 1370 sionum,
223 1297 405 1376 praesertim
435 1298 547 1359 nimiae
573 1317 648 1360 cum
672 1297 803 1359 leminis
827 1295 1069 1368 familiaritatis,
1085 1315 1157 1355 sen-

63 1417 162 1457 suum
179 1406 249 1459 tum
266 1407 479 1462 externorum
494 1410 564 1463 tum
578 1401 780 1464 internorum
793 1399 926 1461 assidua
939 1395 1157 1471 mortificatio,

61 1499 171 1561 oratio
189 1500 350 1582 frequens,
366 1523 459 1565 amor
476 1503 719 1584 Scripturarum
737 1511 770 1564 et
786 1500 972 1566 indefessus
989 1500 1088 1562 labor.

106 1617 156 1684 37.
209 1615 244 1665 20
252 1603 454 1668 Diaconatus
463 1615 513 1668 est
523 1606 607 1668 ordo
622 1625 714 1667 sacer
725 1613 759 1666 et
774 1604 1003 1678 hierarchicus,
1013 1623 1077 1684 quo
1093 1611 1157 1664 tra·

60 1705 154 1767 ditur
175 1715 324 1786 potestas
351 1708 543 1771 immediate
568 1708 777 1770 ministrandi
801 1709 843 1771 ad
868 1709 971 1770 altare
997 1707 1030 1769 in
1053 1707 1153 1768 Misstl

59 1808 213 1885 solemni,
230 1810 449 1892 Evangelium
474 1810 615 1874 canendi
635 1819 669 1872 et
688 1811 889 1890 explicandi,
905 1811 1106 1892 baptismum
1124 1823 1157 1874 et

59 1913 331 1975 communionem
356 1914 610 1977 administrandi
629 1913 660 1974 in
677 1913 808 1975 casibus
824 1913 1105 1986 extraordinariis,
1120 1921 1157 1974 ut

58 2013 140 2076 alibi
156 2015 361 2096 explicatum
377 2027 436 2079 est.
484 2018 536 2080 De
552 2017 691 2080 maurit
715 2016 813 2098 hujus
835 2017 960 2080 ordinis
984 2016 1157 2096 disputant

60 2116 211 2199 theologi
227 2139 233 2181 :
249 2119 304 2181 alii
315 2129 430 2183 tenent
446 2129 551 2182 totam
566 2122 738 2183 materiam
754 2121 785 2181 in
797 2120 1009 2201 impositione
1019 2121 1155 2181 mansss¹

60 2219 163 2282 sitam
179 2241 261 2296 esse,
275 2220 330 2283 alii
350 2222 383 2283 in
407 2221 478 2284 sola
494 2224 674 2286 traditione
692 2223 876 2304 Evangelii,
892 2223 946 2284 alii
967 2223 999 2284 in
1017 2224 1157 2302 utrAque

56 2323 167 2386 simul.
202 2325 324 2386 Forma
336 2334 402 2387 est:
419 2325 544 2407 Accipe
556 2326 716 2407 Spiritum
728 2326 763 2394 S,
776 2327 818 2388 ad
829 2327 937 2401 robur,
950 2327 991 2388 ad
1004 2325 1155 2387 resisten-

55 2425 140 2488 dum
150 2427 285 2490 diabolo
294 2436 328 2490 et
340 2429 580 2491 tentationibus
593 2430 681 2509 ejus;
708 2429 781 2491 vel:
808 2429 936 2510 Accipe
955 2437 1155 2510 potestatem

56 2529 191 2610 legendi
206 2531 426 2612 Evangelium
444 2533 476 2594 in
493 2533 631 2594 ecclesia
645 2533 719 2607 Dei,
731 2543 800 2596 tam
818 2552 877 2613 pro
887 2532 967 2594 vivis
978 2551 1077 2612 quam
1095 2549 1155 2612 pro

53 2631 239 2711 defunctis
262 2636 311 2696 vel
331 2645 469 2716 utraque
485 2636 591 2699 simul.
647 2636 791 2700 Virtutes
806 2657 826 2699 a
841 2636 991 2698 diaconis
1004 2635 1153 2698 colendae

52 2747 135 2799 sunt
144 2739 287 2818 perfetta
302 2739 445 2813 castitas,
455 2759 530 2820 quae
547 2739 653 2819 major
670 2740 701 2801 in
720 2739 783 2800 illis
796 2759 867 2800 esse
883 2739 983 2801 debet
999 2757 1100 2819 quam
1120 2739 1152 2800 in

51 2840 268 2902 subdiaconis
281 2864 288 2903 ε
316 2846 332 2871 “
342 2842 418 2922 quia
429 2842 644 2904 comministri
658 2852 690 2905 et
703 2851 934 2922 cooperatores
946 2841 1025 2902 estis
1037 2859 1152 2920 corpo·

50 2943 98 3004 ris
123 2953 157 3004 et
181 2943 352 3024 sanguinis
380 2945 526 3021 Domini,
550 2955 657 3007 estote
683 2944 726 3006 ab
752 2944 843 3006 omni
868 2942 1021 3005 illecebra
1044 2943 1152 3004 carnis

49 3046 189 3109 alieni...
214 3056 322 3110 estote
346 3045 454 3123 nitidi,
469 3047 559 3128 puri,
576 3047 699 3117 mundi,
713 3049 804 3120 casti,
827 3047 911 3108 sicut
933 3047 1029 3108 decet
1056 3045 1151 3107 mini-

48 3159 140 3212 stros
159 3148 280 3211 Christi
291 3149 325 3226 '';
347 3149 434 3211 zelus
449 3151 491 3212 ad
509 3149 758 3230 praedicandum
776 3149 998 3230 Evangelium
1016 3169 1082 3210 non
1099 3168 1151 3210 so-

49 3251 121 3314 lum
144 3251 262 3326 verbis,
277 3252 335 3314 sed
359 3251 460 3314 etiam
482 3251 647 3333 exemplis
667 3273 673 3314 :
697 3257 838 3315 “curate
855 3262 891 3315 ut
906 3252 1027 3333 quibus
1044 3252 1152 3313 Evan-

47 3354 176 3436 gelium
200 3374 256 3416 ore
278 3355 492 3429 annuntiatis,
507 3355 595 3416 vivis
609 3354 755 3436 operibus
770 3357 948 3437 exponatis
959 3355 992 3432 '';
1026 3354 1151 3417 devotio

47 3477 130 3538 erga
148 3457 312 3537 Spiritum
331 3458 376 3533 S,
391 3458 448 3539 qui
464 3459 544 3539 ipsis
560 3460 658 3521 datur
673 3459 715 3522 ad
734 3460 839 3524 robur.
1128 3463 1130 3466 ’

382 3597 443 3654 1v.
466 3595 521 3655 De
543 3596 826 3670 presbyteratu.

92 3724 145 3802 38,
196 3735 228 3783 1⁰
239 3722 484 3801 presbyteratus
493 3734 543 3786 est
559 3724 641 3786 ordo
656 3744 748 3786 sacer
763 3734 963 3806 potestatem
977 3725 1149 3790 conferens

44 3825 268 3888 consecrandi
284 3845 402 3906 corpus
417 3833 451 3887 et
466 3827 661 3906 sanguinem
679 3825 811 3901 Christi,
831 3837 864 3889 et
886 3837 1022 3908 peccata
1038 3831 1148 3892 remit-

45 3928 145 3990 tendi
162 3927 213 3989 vel
230 3928 401 3990 retinendi.
433 3928 676 3992 “Sacerdotem
690 3937 822 4009 oportet
834 3929 952 4009 offerre,
966 3930 1148 4008 benedicere,

82 4093 180 4160 1Quae
200 4091 341 4162 impositio
360 4091 483 4162 practice
502 4094 619 4162 physica
638 4110 702 4148 esse
720 4095 820 4159 debet;
848 4112 914 4149 nam
933 4097 963 4150 S.
980 4095 1053 4165 Offic.
1067 4096 1148 4164 jussit

43 4189 161 4234 secreto
182 4179 366 4249 repetendam
385 4196 449 4234 esse
470 4179 676 4234 ordinationem
698 4181 809 4236 diaconi
829 4182 907 4252 cujus
926 4193 1010 4252 caput
1032 4182 1147 4252 physice

42 4265 201 4337 episcopus
214 4281 270 4319 non
283 4266 412 4334 tetigerat
421 4286 428 4332 ;
447 4266 493 4320 cfr.
508 4268 580 4320 Ana
594 4269 624 4320 S.
639 4268 729 4331 Sedis,
745 4269 838 4336 XXX,
850 4285 877 4338 p.
897 4270 954 4338 158.
