2780 4646
247 157 310 206 1⁴0
679 161 820 213 CAPUT
837 161 898 212 111.

246 269 1327 298 -ffi—r—-fflffi

281 329 367 402 Resp.
382 332 485 405 Justus
498 345 542 392 est
555 353 655 394 servus
668 337 787 408 inutilis,
801 357 838 397 eo
851 356 938 397 sensu
952 339 1034 410 quod
1051 338 1132 396 Deus
1148 336 1233 394 bonis
1245 332 1327 404 operi·

247 415 302 474 bus
322 420 426 477 nostris
446 439 507 478 non
527 422 666 494 indigeat,
686 442 777 497 quum
800 443 887 483 exse
907 425 979 482 nihil
1001 424 1134 482 utilitatis
1157 424 1221 480 Deo
1240 420 1328 477 afferre

247 504 370 576 possint,
386 507 439 565 sed
457 526 517 565 non
531 519 575 566 est
589 509 698 568 inutilis
717 511 773 568 sub
791 512 874 569 omni
893 511 1037 584 respectu,
1055 529 1134 576 nam,
1148 507 1328 581 adimplendo
1371 497 1372 520 ¹

247 604 401 664 praecepta,
420 595 476 653 Dei
495 596 618 666 gloriam
637 606 796 668 externam,
815 600 933 668 juvante
952 598 1052 670 gratia,
1075 607 1236 670 promovet,
1252 605 1278 652 et
1294 593 1329 648 sic

246 679 389 750 consequi
415 692 543 738 meretur
569 684 737 742 mercedem
764 684 856 742 libere
882 687 1057 757 promissam
1081 681 1218 742 fidelibus
1240 679 1327 740 serris,

244 764 326 833 juxta
339 765 411 825 illud
424 767 533 826 Christi
548 769 657 841 ipsius:
677 774 695 801 ‘¹
708 771 801 842 Euge,
816 789 899 829 serve
912 771 991 829 boue
1005 781 1034 828 et
1048 769 1153 836 tidelis,
1168 769 1237 840 quia
1253 783 1329 838 super

246 868 340 922 pauca
354 853 432 912 suisti
445 854 550 924 fidelis,
562 873 651 928 super
661 858 753 915 multa
767 869 795 915 te
808 858 988 916 constituam
1000 858 1016 882 ''
1026 854 1041 914 ¹.

282 951 334 1004 199
375 941 426 1012 (D)
439 941 469 998 Si
480 943 576 1013 justus
589 954 689 1015 posset
703 945 793 1002 vitam
806 955 947 1003 aeternam
961 945 1075 1012 mereri,
1089 943 1163 1000 illud
1177 941 1327 1000 detraheret

245 1023 283 1082 de
300 1028 410 1086 meritis
424 1027 542 1100 Christi,
555 1047 622 1101 quae
639 1039 710 1086 tunc
725 1029 932 1088 insufficientia
949 1048 1014 1088 esse
1033 1029 1211 1088 viderentur.
1249 1024 1326 1096 Atqui

245 1113 309 1170 talis
322 1114 476 1173 affirmatio
490 1116 577 1188 impia
590 1127 642 1174 est.
681 1117 768 1188 Ergo.

143 1191 146 1199 ’
280 1199 364 1271 Resp.
382 1201 489 1259 Merita
500 1205 646 1273 justorum
661 1203 743 1260 nullo
755 1203 847 1262 modo
860 1204 1070 1261 detrimentum
1091 1203 1217 1260 afferunt
1232 1198 1327 1256 meritis

244 1286 362 1354 Christi,
376 1289 428 1346 sed
441 1290 541 1360 potius
560 1288 590 1345 in
609 1290 672 1361 ejus
689 1289 806 1348 laudem
820 1290 1008 1360 redundant3
1028 1307 1096 1346 narn
1116 1287 1219 1345 mereri
1239 1282 1326 1355 nequi·

244 1391 310 1430 mus
324 1373 378 1431 nisi
393 1391 445 1445 per
456 1374 608 1432 Christum
622 1386 651 1433 et
666 1375 695 1433 in
710 1375 837 1445 Christo,
855 1377 919 1448 ipse
931 1386 976 1433 est
988 1375 1063 1441 vitis,
1080 1392 1135 1432 nos
1154 1373 1291 1446 palmites,
1304 1382 1327 1426 et

244 1459 319 1516 sieut
329 1459 400 1517 nihil
411 1461 574 1518 detrahitur
583 1461 622 1520 de
631 1461 724 1532 gloria
734 1461 809 1530 vitis,
819 1463 842 1518 si
854 1463 989 1534 palmites
999 1463 1063 1532 ejus
1077 1461 1203 1518 multum
1214 1457 1326 1516 {rudium

243 1547 373 1616 afferant,
387 1548 427 1605 ita
441 1548 512 1606 nihil
526 1549 689 1607 detrahitur
708 1549 746 1607 de
765 1548 858 1620 gloria
871 1549 989 1618 Christi,
1006 1549 1029 1606 si
1049 1550 1113 1621 ejus
1131 1545 1273 1618 discipuli,
1285 1559 1327 1614 per

243 1636 365 1705 gratiam
379 1637 452 1706 ejus,
468 1647 496 1693 et
509 1636 565 1694 sub
580 1637 690 1694 influxu
703 1637 831 1695 caritatis
847 1638 886 1694 ab
904 1639 969 1708 ipso
988 1629 1136 1708 inspiratae
1156 1637 1233 1692 bona
1250 1647 1326 1704 opera

245 1722 351 1778 iaciant
362 1742 370 1793 ;
396 1722 455 1780 imo
475 1723 524 1781 illa
542 1742 632 1796 opera
651 1724 799 1781 meritoria
819 1725 848 1780 in
868 1725 1013 1782 honorem
1034 1723 1144 1782 Christi
1161 1719 1323 1786 redundant,

244 1827 336 1881 quum
350 1811 407 1868 sint
421 1810 543 1869 effeetus
555 1813 655 1882 gratiae
673 1813 746 1884 ejus,
762 1823 791 1869 et
810 1814 968 1870 ostendant
988 1811 1193 1869 efficacitatenr
1208 1819 1236 1868 et
1247 1808 1325 1865 abun·

243 1897 375 1955 daritiam
388 1897 452 1967 ejus
464 1897 685 1970 redemptionis.
745 1896 750 1906 '

562 2047 610 2105 11.
637 2049 690 2106 De
713 2049 863 2118 oblecto
886 2049 1027 2106 meriti.

292 2176 319 2240 d
323 2187 336 2238 t
353 2175 458 2257 logice
473 2177 701 2257 procedamus¹
718 2177 920 2258 inquiremus
941 2177 1021 2257 quid
1042 2177 1159 2239 mereri
1176 2177 1324 2259 possImus

239 2293 298 2361 pra
321 2280 409 2342 uobis
431 2281 541 2359 quoad
569 2281 710 2361 gratiam
736 2281 894 2342 aurarum
917 2290 950 2342 et
980 2280 1188 2355 habitualem,
1212 2295 1323 2342 necnon

243 2383 353 2466 quoad
364 2382 508 2462 gloriam
520 2405 533 2454 ,·
556 2384 636 2462 quid
654 2383 788 2445 tandem
799 2393 861 2462 pre
876 2383 960 2445 aliis.

279 2523 353 2579 200.
406 2517 566 2598 1⁰Quoad
578 2516 726 2596 gratiam
743 2517 907 2578 atlantem.
953 2514 1012 2597 (A)
1032 2515 1161 2581 Certum
1178 2527 1224 2578 est
1238 2512 1322 2578 lierni·

243 2642 313 2682 trem
337 2641 398 2682 aaa
412 2631 504 2700 passe
522 2621 641 2682 memri
650 2631 713 2700 pra
735 2641 768 2682 se
779 2621 926 2700 primam
937 2620 1085 2700 gratiam
1099 2621 1256 2681 neutralem
1270 2618 1323 2679 siae

242 2727 280 2788 de
294 2746 439 2806 coizgrua,
453 2725 521 2786 sive
535 2725 573 2786 de
587 2725 747 2804 caradignae,
764 2734 800 2787 ut
819 2725 890 2805 jam
914 2744 1013 2805 supra
1030 2729 1072 2803 (n.
1089 2728 1145 2804 70)
1162 2725 1321 2806 probatum

242 2841 299 2892 est.
348 2829 437 2892 Hinc
459 2829 599 2890 Trideat.
611 2829 757 2891 declarat
773 2826 863 2908 (sess.
875 2829 936 2901 Vl,
947 2849 1017 2909 cap.
1031 2827 1064 2908 5)
1078 2852 1085 2890 ι
1101 2832 1117 2859 “
1128 2829 1231 2909 ipsius
1243 2823 1321 2907 justi·

243 2932 404 2996 ficationis
428 2932 603 2994 exordium
628 2931 659 2992 in
684 2930 806 2992 adultis
830 2951 849 2991 a
874 2930 948 2993 Deo
964 2951 1022 3011 per
1038 2931 1207 2994 Christum
1223 2931 1320 3011 jesum

242 3037 463 3116 praeveniente
485 3036 590 3114 gratia
609 3036 808 3097 sumendum
830 3055 910 3108 esse,
926 3033 988 3096 hoc
1011 3045 1062 3096 est
1084 3036 1127 3097 ab
1151 3036 1222 3116 ejus
1242 3051 1320 3096 roca·

242 3140 340 3212 tione,
355 3139 421 3218 qual
437 3136 534 3199 nullis
549 3156 665 3204 corum
678 3137 899 3199 existentibus
916 3137 1041 3199 meritis
1056 3139 1249 3200 vocantur’'.

283 3239 343 3322 (B)
371 3239 500 3303 Certum
527 3249 574 3300 est
597 3239 755 3301 katerinam
783 3260 843 3300 aaa
865 3251 954 3318 passe
980 3241 1099 3302 mereri
1121 3241 1160 3304 de
1184 3241 1320 3322 caradigua

235 3346 382 3424 gratiam
398 3342 574 3424 efficacem:
597 3342 671 3404 talis
694 3343 782 3404 enim
806 3343 912 3423 gratia
936 3342 1050 3404 nullibi
1075 3345 1278 3425 promittitur
1295 3340 1318 3400 in

240 3449 409 3530 Scriptura
425 3456 584 3526 tanquam
602 3445 815 3507 infallibiliter
830 3444 949 3508 danda.
1371 3527 1372 3530 Ἴ

282 3552 339 3634 (C)
372 3551 501 3616 Certum
531 3559 579 3610 est
605 3548 774 3622 uaritiuem,
803 3557 948 3628 agentem
977 3549 1036 3610 sub
1067 3549 1193 3632 influxu
1217 3545 1318 3632 gratie
1371 3547 1372 3568 ¹

238 3657 382 3729 ariamiri,
391 3666 484 3735 posse
502 3653 620 3713 urereri
638 3651 676 3712 de
697 3671 834 3730 cartgrue
847 3652 980 3730 gratias
1002 3655 1143 3716 ac‘iuales
1162 3656 1231 3717 sive
1249 3647 1314 3735 suffi-

236 3759 357 3833 cicutas,
371 3760 441 3820 sive
455 3756 606 3838 efficaces,·
630 3752 793 3835 siquidem
810 3773 925 3816 omnes
942 3757 1148 3820 conditiones
1167 3757 1315 3822 recensita

237 3862 278 3924 ad
297 3863 450 3923 meritum
466 3860 508 3921 de
524 3877 669 3938 congruo
684 3858 800 3920 adesse
817 3868 957 3938 possunt
973 3859 1004 3920 in
1022 3859 1085 3922 hoc
1100 3881 1187 3924 casu.

280 3961 341 4043 (D)
367 3961 588 4026 Couuauniter
608 3961 769 4022 asseritur
789 3961 949 4022 aetitinem
960 3962 1094 4041 Jitstum
1108 3975 1203 4044 passe
1221 3952 1316 4027 ataui

235 4065 272 4126 de
285 4065 439 4146 cartdrgrre
449 4063 581 4142 gratias
595 4063 738 4125 aditiales
748 4063 936 4144 sufficientes
943 4087 957 4136 ,·
973 4067 1107 4140 etenim,
1119 4087 1163 4130 ex
1177 4062 1313 4132 dicendis.

233 4177 1315 4204 o———————-———-——————-————-—..-.-ae⁴

392 4240 483 4304 XXV,
499 4253 511 4290 e
516 4251 538 4304 3.
