2776 4644
342 139 421 224 ¹ma
439 173 599 225 cnam
619 173 814 226 aeruna-1.
1096 171 1140 225 sa

41 350 223 418 versionem
240 373 371 429 vocans,
387 355 488 418 etiam
506 356 579 418 illos
595 357 651 436 qui
664 356 735 436 jam
753 355 907 419 obdurati
923 366 1039 431 erant;
1062 375 1139 420 nam

41 453 192 518 additur:
208 455 325 536 “Quia
337 459 452 521 vocavi
468 468 502 520 et
518 457 672 521 renuistis
688 482 694 520 :
710 459 850 521 extendi
868 457 1004 521 manum
1023 479 1141 532 meam,

41 567 72 616 et
99 575 165 618 non
198 557 259 620 fuit
290 559 346 638 qui
376 559 547 641 aspiceret.
593 559 805 641 Despexistis
836 581 935 623 omne
967 560 1140 624 consilium

41 677 151 719 meum
166 667 201 722 et
218 660 460 742 increpationes
477 681 568 724 meas
584 661 779 744 neglexistis
792 663 816 725 ”.

74 761 114 814 82
156 757 254 829 Oin'ci
262 759 338 817 solet
352 759 381 816 in
395 759 503 818 divinis
517 761 635 818 Litteris
648 762 792 820 nonnulla
810 779 874 822 esse
893 763 968 828 loca,
984 763 1014 820 in
1032 761 1141 835 quibus

41 844 176 903 asseritur
187 847 287 905 Deum
300 846 437 906 homines
447 847 595 920 quosdam
606 849 733 922 positive
743 867 900 915 excaecare,
912 849 1059 916 indurare,
1071 857 1137 916 etc..

41 927 102 985 haec
114 941 215 990 autem
229 934 339 1003 omnia,
356 934 491 1006 inspecto
504 944 656 1007 contextu,
671 936 842 1008 significant
854 937 954 995 Deum
971 937 1141 1010 permittere

41 1013 176 1075 homines
195 1021 335 1078 excaecari
353 1031 382 1078 et
402 1021 541 1080 indurari.
574 1022 733 1080 Sumamus
755 1043 780 1081 v.
799 1041 827 1096 g.
848 1041 951 1080 casum
973 1023 1142 1090 Pharaonis,

41 1101 76 1158 de
93 1120 158 1175 quo
175 1105 305 1163 dicitur:
328 1107 574 1180 “induravitque
595 1109 743 1168 Dominus
762 1127 813 1168 cor
832 1110 993 1173 Pharaonis
1004 1110 1056 1177 ’'¹;
1084 1109 1142 1166 hoc
1172 1133 1177 1142 ·

42 1187 77 1245 de
88 1207 126 1246 eo
140 1208 201 1248 non
222 1193 401 1264 praedicatur
419 1193 474 1251 nisi
494 1205 654 1267 postquam
673 1196 783 1269 pluries
802 1195 984 1254 declaratum
1003 1205 1047 1252 est
1068 1194 1141 1250 Pha·

42 1294 160 1336 monem
180 1285 339 1342 corsuum
360 1281 523 1348 indurasse,
544 1303 570 1342 v.
593 1302 621 1355 g.
641 1283 785 1343 “Videns
806 1293 906 1341 autem
926 1282 1041 1340 Pharao
1059 1280 1141 1353 quod

41 1363 105 1423 data
123 1379 203 1426 esset
222 1370 348 1440 requies,
370 1368 542 1441 ingravavit
558 1387 605 1426 car
622 1387 720 1436 suum,
736 1381 765 1428 et
778 1387 839 1427 non
859 1367 972 1426 audivit
991 1385 1051 1438 eos,
1066 1367 1141 1424 sicut

43 1467 220 1526 praeceperat
233 1456 402 1514 Dominus'’
411 1457 435 1526 ²;
449 1457 512 1528 ipse
523 1455 636 1514 Pharao
648 1473 711 1514 rem
722 1456 867 1528 agnoscit,
882 1453 1011 1512 dicendo
1024 1474 1030 1510 :
1048 1455 1066 1483 ‘⁸
1077 1453 1142 1510 Pec-

42 1539 102 1594 caau'
111 1541 203 1598 etiam
218 1560 313 1608 nunc;
332 1544 480 1601 Dominus
484 1544 587 1616 justus
599 1565 610 1598 .·
629 1560 686 1614 ego
699 1553 728 1601 et
741 1542 871 1615 populus
883 1558 976 1610 meus
993 1541 1075 1612 impii
1087 1536 1122 1568 ”⁸
1134 1559 1141 1610 ;

44 1623 108 1683 hinc
127 1629 236 1687 merito
254 1631 358 1690 audior
371 1632 546 1704 sapientia⁴
565 1631 651 1689 infert
671 1632 780 1696 Deum,
797 1629 954 1706 AEgyptios
973 1627 1067 1700 plagis
1082 1625 1141 1684 affi-

45 1714 157 1785 ciendo,
184 1735 289 1776 eorum
314 1721 529 1778 correctionem
554 1729 583 1776 et
609 1717 815 1790 poenitentiam
840 1716 1011 1775 intendisse.
1050 1713 1142 1788 Quod

44 1803 197 1862 confirmat
212 1807 339 1865 Paulus⁵
352 1829 359 1866 z
380 1810 400 1838 “
410 1813 456 1864 An
469 1805 588 1865 divitias
602 1806 742 1863 bonitatis
755 1807 820 1877 ejus
832 1815 861 1863 et
874 1803 1025 1877 patientiae
1037 1813 1067 1860 et
1080 1803 1141 1858 lon·

44 1890 223 1957 ganimitatis
241 1895 426 1953 contemnis?
445 1895 562 1965 ignoras
581 1894 723 1965 quoniam
746 1892 911 1964 benignitas
925 1891 983 1949 Dei
997 1891 1035 1949 ad
1049 1889 1142 1962 poeni·

45 1976 163 2035 tentiam
178 1990 208 2038 te
220 1981 360 2040 adducit?
378 1981 550 2040 Secundum
560 1991 659 2038 autem
670 1980 812 2036 dun‘taam
822 1988 903 2036 tuam
913 1987 943 2036 et
952 1976 1143 2050 impoenitens

46 2065 292 2132 cor,thesaurizas·
302 2068 355 2128 tibi
370 2070 443 2126 iram
457 2069 486 2126 in
500 2068 549 2126 die
563 2067 612 2124 irae
622 2077 652 2124 et
662 2067 849 2124 revelationis
856 2067 926 2137 iusti
935 2065 1039 2138 judicii
1052 2065 1106 2123 Dei
1117 2064 1143 2135 '’;

47 2151 200 2222 exquibus
214 2154 352 2225 colligere
366 2155 433 2214 licet
447 2152 673 2228 impoenitentiae
685 2170 806 2210 causam
821 2153 919 2210 Deum
932 2170 993 2209 non
1006 2169 1080 2218 esse,
1089 2151 1143 2208 sed

47 2238 227 2298 voluntatem
241 2241 371 2300 hominis
384 2260 562 2315 perversam,
574 2241 625 2312 qui
638 2241 730 2312 gratia
740 2243 801 2312 jam
814 2240 884 2298 data
896 2240 973 2298 male
986 2240 1085 2308 utitur,
1098 2237 1143 2296 vel

48 2323 174 2384 oblatam
187 2340 312 2388 recusat.

219 2465 254 2532 3⁰
270 2453 321 2515 De
336 2454 427 2515 modo
440 2475 501 2534 quo
510 2452 626 2533 gratia
635 2450 851 2532 peccatan'hus
863 2449 970 2512 datrar.

86 2575 133 2654 83
183 2577 300 2640 Gratia
326 2577 474 2652 actualis,
502 2577 732 2659 peccatoribus
759 2595 925 2648 concessa,
953 2594 1018 2636 non
1047 2575 1145 2637 datur

50 2680 199 2742 omnibus
215 2679 313 2757 haria,
329 2683 387 2744 sed
411 2681 518 2743 solum
543 2691 694 2760 tempore
713 2689 911 2761 opportuno,
925 2677 1024 2758 juxta
1041 2677 1143 2739 illud:

51 2781 161 2845 “Ecce
177 2794 232 2847 sto
253 2786 296 2847 ad
320 2786 442 2847 ostium
466 2793 500 2846 et
522 2783 618 2865 pulso
630 2783 693 2858 ''⁶;
718 2783 811 2845 Deus
834 2782 988 2844 videlicet
1012 2791 1078 2843 stat
1102 2784 1143 2844 ad

51 2885 165 2948 ostium
190 2887 309 2964 cordis,
324 2897 358 2950 et
381 2887 455 2969 plus
479 2889 629 2950 minusve
653 2885 840 2967 frequenter
863 2884 981 2966 pulsat,
999 2903 1057 2965 per
1072 2903 1146 2964 gra·

53 2986 124 3049 tiam
142 3009 249 3062 suam,
262 3001 359 3071 prout
375 3001 601 3072 opportunum
616 2988 823 3068 judicaverit.
869 2987 1054 3048 Praesertim
1068 3007 1145 3048 vero

54 3087 138 3152 Deus
154 3094 297 3172 gratiam
315 3094 467 3156 concedit
480 3119 487 3156 :
504 3095 554 3174 (a)
566 3093 740 3154 occasione
752 3101 886 3152 externae
893 3090 1145 3170 predicationis,

54 3193 110 3270 piae
135 3194 297 3270 lediioniS,
313 3196 390 3258 boni
412 3196 558 3278 exempli
581 3205 640 3257 etc.
687 3195 828 3258 Constat
844 3193 1003 3272 exemplo
1021 3193 1146 3273 Lydiae,

55 3296 111 3372 piae
135 3299 290 3372 mulieris
305 3319 390 3380 quae,
406 3301 485 3363 dum
506 3300 636 3362 audiret
660 3297 930 3378 praedicationem
956 3296 1056 3370 Pauli,
1073 3317 1146 3378 gra-

55 3398 127 3462 tiam
144 3403 282 3484 accepit,
296 3401 397 3481 juxta
413 3403 494 3465 illud
511 3427 517 3466 :
540 3401 672 3481 “Cujus
691 3399 857 3461 Dominus
873 3399 1003 3478 aperuit
1019 3418 1083 3471 cor,
1100 3400 1146 3460 in-

57 3503 182 3566 tendere
199 3504 250 3566 his
266 3526 341 3586 quae
357 3507 552 3568 dicebantur
568 3527 587 3567 a
606 3503 709 3566 Paulo
722 3501 762 3555 ”⁷
778 3525 785 3580 ;
808 3500 857 3581 (b)
874 3501 1047 3562 occasione
1063 3499 1150 3562 banaa

57 3604 183 3668 aciaanis
197 3607 240 3667 ab
258 3607 329 3687 ipso
345 3618 519 3687 peccatore
535 3605 677 3689 peractae
693 3627 700 3680 ;
724 3626 751 3666 ν.
766 3625 795 3684 g.
807 3604 850 3664 de
873 3602 1084 3683 eleemosyna
1099 3605 1147 3665 di-

59 3703 153 3766 citur:
176 3708 348 3769 “Peccata
371 3708 592 3789 eleemosynis
616 3708 740 3768 redime
752 3707 812 3782 ’'⁸;
836 3705 884 3784 (c)
901 3705 1073 3767 occasione
1090 3706 1148 3766 tri-

61 3803 230 3884 balatronis,
243 3823 279 3874 ut
292 3822 384 3893 patet
401 3811 558 3891 exemplo
575 3809 631 3871 filii
649 3810 788 3890 prodigi,
799 3809 854 3888 qui
869 3807 956 3868 same
968 3808 1149 3882 tabescens

61 3910 95 3969 ad
117 3923 243 3992 patrem
269 3915 373 3976 redire
396 3915 600 3995 cogitavit93
632 3912 684 3992 (d)
708 3909 843 3972 tandem
869 3910 1005 3970 articula
1029 3912 1150 3986 martis,

92 4095 194 4149 'Exad
208 4099 259 4164 lX,
277 4113 314 4150 11.
329 4096 580 4159 -²Exod.t'111,
598 4107 635 4161 15.
651 4089 806 4145 —-³Exad.
824 4092 874 4152 ΙΧ,
889 4105 931 4153 27.
949 4087 1082 4158 —iSapt
1096 4091 1147 4150 Xl,

64 4191 125 4247 5·15.
140 4183 282 4237 —³Ram.
300 4186 338 4248 ll,
351 4175 441 4250 4.-⁶
456 4183 540 4251 Apoc.
560 4182 614 4244 ΙΙΙ,
630 4196 670 4236 20.
688 4211 722 4218 -
740 4175 825 4232 ⁷Art.
844 4178 922 4244 XVI,
945 4191 982 4246 14.
1000 4205 1033 4214 -
1046 4173 1056 4204 ⁸
1069 4173 1149 4228 Dan.

66 4267 441 4336 1V.24.-’Luc.xv,17.
