2770 4646
156 181 210 229 DE
229 178 558 229 EXISTENTIAAET
576 176 780 226 Esstsru'rtn
800 175 1014 224 BAPTISMI.
1067 173 1131 224 2³9

43 361 192 421 traditam
209 358 429 422 immersionis
453 357 550 419 ritum
574 357 797 438 supponere¹;
820 354 962 417 latemur
977 353 1132 435 equidem

44 461 101 524 hoc
116 463 177 525 ritu
194 462 311 524 melius
325 459 504 542 significari
521 461 724 541 sepulturam
739 458 870 528 Christi.
883 460 934 520 cui
948 457 1133 540 Apostolus

44 565 243 645 Baptismum
260 572 441 645 comparat,
453 564 510 624 sed
527 563 605 625 alibi
619 575 632 606 ²
648 563 728 624 alias
746 563 903 642 mysticas
919 560 1014 642 hujus
1027 581 1133 622 sacra-

43 671 138 732 menti
154 666 414 749 significationes
430 667 579 747 exponit,
592 685 667 746 quae
683 685 742 747 per
757 666 982 747 aspersionem
1000 673 1034 726 et
1049 663 1133 728 inlu·

41 770 160 832 sionem
177 771 305 851 optime
322 778 620 850 repraesentantur:
644 765 797 849 “aspersi
813 769 913 830 corda
930 787 949 828 a
965 768 1133 829 conscien-

42 873 84 932 tia
97 872 189 946 mala,
202 881 235 935 et
247 872 352 934 abluti
362 891 482 953 corpus
497 875 583 950 aquil
596 869 721 932 munda
734 869 759 933 '’.
798 869 888 951 Quid
902 871 1058 950 igiturex
1071 869 1133 932 hoc

41 975 139 1056 logice
156 975 266 1037 inferri
283 975 358 1037 licet
375 974 436 1036 nisi
454 973 615 1054 triplicem
633 973 720 1035 hunc
737 973 836 1035 ritum
853 973 1000 1035 validum
1018 973 1108 1034 esse?

82 1091 124 1156 18.
164 1090 226 1170 (B)
241 1088 366 1152 Tradit.
381 1089 538 1150 Fatemur
551 1087 704 1168 equidem
718 1088 929 1170 Baptismum
943 1108 1001 1169 per
1013 1088 1132 1151 trinam

41 1191 280 1254 immersionem
312 1177 411 1253 luisse
443 1192 474 1252 in
509 1189 658 1252 Ecclesia
696 1209 907 1252 communem
938 1209 998 1271 per
1028 1189 1134 1252 multa

40 1294 163 1366 secula,
180 1296 250 1357 imo
271 1315 291 1356 a
315 1293 482 1356 nonnullis
505 1292 694 1355 dubitatum
720 1293 820 1355 luisse
843 1303 953 1354 utrum
972 1291 1025 1354 alii
1043 1293 1133 1355 modi

40 1397 225 1478 baptizandi
242 1399 381 1480 legitimi
398 1407 508 1460 essent
523 1419 529 1474 ;
546 1397 603 1458 scd
621 1416 663 1457 ex
682 1395 878 1457 indubitatis
892 1391 986 1457 saltis
999 1405 1133 1458 constat

41 1500 242 1581 Baptismum
256 1503 457 1582 quandoque
468 1519 526 1581 per
539 1497 736 1560 infusionem
750 1496 850 1559 luisse
864 1497 1088 1559 ministratum
1101 1508 1134 1559 et

41 1613 73 1663 ut
95 1605 242 1665 validum
267 1603 310 1666 ab
333 1602 508 1666 universali
531 1593 684 1662 'Ecclesia
707 1599 959 1662 consideratum.
1015 1598 1065 1680 (a)
1096 1599 1133 1662 ld

40 1706 152 1785 probat
176 1708 209 1771 S.
235 1707 379 1769 Romani
407 1705 599 1786 exemplum
628 1723 648 1764 a
676 1704 709 1767 S.
735 1703 916 1766 Laurentio
944 1701 1007 1764 h'oc
1034 1702 1134 1765 modo

40 1806 217 1890 baptizati;
248 1809 365 1872 eodem
396 1795 497 1871 modo
525 1807 557 1871 S.
587 1804 851 1888 Symphorianus
877 1825 896 1866 a
922 1805 954 1870 S.
984 1803 1135 1888 Benigno

40 1911 221 1993 baptizatus
237 1913 320 1989 suit;
344 1913 515 1993 multaque
531 1899 700 1973 alia'fallla
716 1907 906 1988 hujusmodi
924 1909 1069 1970 invenire
1085 1919 1135 1972 est

40 2017 121 2094 apud
138 2014 299 2092 Martene,
316 2037 367 2097 op.
384 2017 437 2078 cit.
454 2015 508 2078 lib.
528 2015 553 2091 l,
568 2034 639 2095 cap.
659 2014 682 2087 l,
699 2025 757 2075 art.
775 2011 871 2079 XIV.
919 2011 969 2092 (b)
987 2011 1073 2074 Item
1091 2033 1134 2074 ex

41 2115 1133 2200 Patrumscriptis3etConciliorumdecretiscolligiturBaptismum

40 2219 274 2299 {egrotantibus
304 2221 455 2301 (clinicis)
486 2221 519 2281 in
550 2216 637 2281 letto
667 2217 944 2282 decumbentibus
975 2218 1135 2297 infusione

39 2321 300 2385 administratum
318 2321 427 2397 luisse,
439 2323 519 2402 quin
533 2329 645 2383 tamen
659 2319 722 2384 sub
734 2321 924 2384 conditione
937 2321 1133 2401 rebaptizati

41 2421 161 2500 luerint,
192 2424 329 2505 quando
367 2444 411 2486 ex
451 2424 569 2487 morbo
605 2425 847 2497 convaluerint,
876 2426 953 2488 licet
984 2445 1003 2487 a
1034 2425 1134 2488 sacris

39 2526 203 2588 ordinibus
234 2525 392 2607 prohibiti
420 2525 542 2588 suerint
572 2527 617 2589 ob
647 2528 785 2590 dilatam
815 2548 920 2610 usque
948 2528 990 2590 ad
1020 2529 1135 2591 mortis

40 2629 215 2706 periculum
233 2628 396 2712 Baptismi
415 2630 669 2710 susceptionem.
715 2631 764 2712 (c)
790 2631 879 2693 Hinc
900 2632 935 2694 S.
955 2617 1136 2712 'Cyprianus

40 2732 76 2790 de
91 2730 463 2814 Clinicis'interrogatus
479 2734 650 2813 respondit
663 2753 721 2814 per
733 2734 820 2796 hunc
834 2737 932 2797 ritum
947 2757 953 2798 :
970 2739 986 2768 ‘⁶
997 2736 1031 2797 in
1045 2735 1135 2797 nullo

41 2823 177 2896 mutilari
202 2844 241 2897 et·
260 2835 425 2898 debilitari
450 2822 546 2918 posse
569 2835 683 2899 divina
707 2824 897 2900 beneficia...¹
910 2838 1134 2918 aspersionem

41 2955 166 3019 quoque
188 2958 286 3018 aquae
310 2938 413 3001 instar
436 2939 590 3002 salutaris
614 2929 732 3002 lavacri
756 2941 908 3002 obtinere
918 2940 934 2967 ''
954 2941 1075 3023 (Epist.
1093 2943 1134 3004 ad

44 3036 223 3122 Magnum).
280 3041 383 3102 Porro
409 3041 480 3103 haec
505 3041 618 3104 omnia
646 3040 743 3118 faita,
771 3041 943 3124 multaque
971 3043 1034 3105 alia
1061 3064 1136 3125 quae

43 3143 142 3206 relerri
161 3153 306 3226 possent,
319 3145 489 3206 evidenter
504 3146 687 3207 ostendunt
703 3144 922 3206 immersionis
939 3146 1049 3221 ritum,
1060 3146 1136 3208 licet

42 3248 255 3311 communiter
278 3257 484 3330 usurpatum,
501 3267 567 3309 non
585 3247 687 3311 luisse
704 3256 740 3309 ut
757 3247 968 3310 essentialem
986 3250 1136 3311 conside-

43 3359 138 3414 ratum
150 3364 173 3416 ⁴.
213 3349 249 3414 Si
261 3361 372 3412 autem
384 3360 501 3432 postea
515 3351 546 3412 in
560 3349 777 3413 EcclLatina
788 3350 948 3431 paulatim
961 3349 1136 3416 derelidlus

71 3575 169 3630 ¹Rom.
186 3578 238 3640 Vl,
254 3593 309 3647 3·5.
327 3607 359 3615 -
372 3579 383 3601 ²
395 3578 482 3633 Hebr.
500 3579 534 3644 X,
548 3593 589 3632 22.

71 3675 81 3704 ²
95 3663 132 3716 Ut
146 3680 234 3717 unum
253 3665 354 3718 saltem
373 3666 532 3733 exemplum
550 3665 709 3730 afferamus,
723 3663 750 3716 in
771 3680 856 3732 opere
869 3663 912 3716 cui
927 3662 1023 3716 titulus
1037 3661 1136 3730 Διδαχή

43 3748 109 3812 quod
122 3749 258 3818 scriptum
271 3749 322 3804 suit
335 3749 410 3804 circa
423 3749 506 3804 finem
520 3750 610 3820 primi,
628 3751 671 3804 vel
685 3749 765 3802 initio
780 3747 896 3802 secundi
910 3748 1005 3801 saeculi
1022 3759 1049 3802 et
1062 3749 1136 3817 Apo-

43 3833 167 3890 stolorum
187 3834 348 3892 doctrinam
370 3836 491 3908 exhibet,
515 3837 576 3892 haec
599 3837 634 3889 de
657 3836 804 3905 Baptismo
826 3835 976 3902 leguntur:
1003 3834 1137 3892 “Sinon

43 3915 140 3974 habeas
152 3939 257 3991 aquam
271 3923 413 3988 fluentem,
427 3922 455 3976 in
469 3923 524 3977 atie
538 3925 612 3992 aqua
626 3922 755 3990 baptiza;
775 3921 797 3974 si
817 3937 873 3973 non
892 3932 976 3989 potes
987 3921 1014 3974 in
1028 3921 1137 3992 frigida,

45 4001 68 4054 in
80 4007 167 4061 calida
179 4009 298 4078 baptiza.
340 4009 370 4064 Si
383 4019 512 4066 neutram
531 4010 638 4063 habeas
657 4008 706 4076 (ad
725 4006 969 4074 immergendum),
983 4008 1096 4062 effunde
1110 4009 1137 4062 in

43 4101 117 4157 caput
129 4103 170 4148 ter
181 4111 285 4164 aquam
300 4094 328 4146 in
343 4093 458 4148 nomine
473 4093 564 4147 Patris
577 4104 605 4149 et
617 4094 679 4147 Filii
690 4107 718 4149 et
730 4093 850 4164 Spiritlls
861 4095 888 4148 S.
901 4091 945 4145 εὰν
958 4093 986 4146 δε
1000 4091 1138 4164 ἀμφότερα

46 4171 77 4234 μή
89 4169 154 4242 lpse,
169 4173 265 4247 ἔκχεον
278 4195 314 4237 εις
326 4195 374 4243 την
387 4179 507 4250 κεφαλην
519 4177 575 4248 τρὶς
588 4174 659 4247 ὕδωρ
669 4183 711 4236 ...”
724 4181 763 4248 (n.
775 4181 833 4235 Vll
837 4189 856 4246 l.

77 4263 251 4334 ‘Aliquando
264 4279 444 4336 opponuntur
463 4268 523 4324 haec
543 4268 630 4322 verba
645 4267 789 4322 Pontificis
802 4269 917 4338 Pelagii
928 4265 993 4336 (Ep.
1011 4268 1049 4322 ad
1064 4269 1137 4322 Gau·
