2758 4652
228 171 298 223 5⁴0
441 171 497 220 DE
517 170 810 220 POENITENTIAE
829 167 1128 221 sncRAMENTO.

229 344 285 402 Dei
298 345 421 404 verbum
433 347 721 418 virtutesquesaeculi
730 345 845 404 venturi
859 356 889 403 et
897 344 1028 417 prolapsi
1041 355 1122 414 sunt,
1135 359 1232 398 rursus
1242 359 1312 396 reno.

227 433 297 490 vari
306 433 349 489 ad
350 435 549 505 paenitenitiam
560 435 575 461 ”
586 431 602 492 ¹.
616 469 650 477 —
658 435 743 508 Resp.
784 434 845 492 Hic
857 433 954 505 agitur
972 433 1012 490 de
1024 432 1171 503 apostatis,
1186 431 1240 502 qui,
1252 441 1313 502 post

228 533 380 592 receptum
396 523 582 594 Baptismum
596 522 792 594 (illuminati),
806 533 873 594 post
894 530 1045 591 receptam
1060 517 1265 575 Eucharistiam
1282 529 1310 574 et

228 605 496 667 Confirmationem
509 609 626 680 (donum
639 611 741 666 celeste
790 607 949 680 parlr'crpcs
959 605 1090 678 Spiritus
1102 605 1156 672 S),
1165 605 1201 662 ad
1212 603 1311 674 judais-

229 711 312 751 mum
331 695 561 764 revertebantur,
584 707 614 754 et
639 697 806 754 declaratur
832 713 885 754 eos
911 713 973 752 non
1003 710 1091 764 posse
1118 691 1241 750 renovari
1262 699 1315 761 per

228 779 424 852 Baplr'smum,
441 800 534 854 quum
554 783 726 854 hujusmodi
748 791 967 840 sacramentum
986 779 1024 836 sit
1043 779 1210 836 iniret-abile.
1243 777 1318 850 Quae

228 867 429 940 interpretatio
443 871 611 928 communis
624 881 669 928 est
677 871 760 943 apud
775 871 891 938 Patres;
911 869 950 926 ita
960 867 990 926 S.
1000 867 1216 924 Athanasius¹:
1236 869 1251 892 ‘⁸
1260 865 1313 921 Ne-

228 967 295 1022 que,
308 951 357 1020 ait,
367 952 550 1024 impossibile
563 964 607 1010 est
616 954 769 1025 poenitere,
783 954 835 1012 sed
846 949 1031 1025 impossibile
1044 960 1089 1007 est
1097 948 1217 1006 obtentu
1230 947 1316 1022 pani·

228 1037 327 1094 tentiae
340 1055 395 1094 nos
408 1056 557 1097 renovare.
597 1038 651 1096 Est
663 1050 763 1096 autem
778 1039 882 1111 ingens
896 1042 972 1098 inter
986 1040 1049 1097 haec
1063 1039 1146 1098 dicta
1160 1037 1315 1096 discrimen.

229 1120 260 1178 Is
269 1122 348 1180 eninr
363 1139 454 1196 quem
468 1125 600 1196 poenitet,
615 1143 739 1197 peccare
752 1126 876 1198 quidem
890 1124 1010 1197 desinit,
1026 1126 1134 1186 retinet
1147 1137 1240 1182 tamen
1257 1122 1313 1178 vul-

228 1224 331 1266 nerum
345 1211 505 1270 cicatrices.
519 1228 523 1237 ·
546 1212 605 1286 Qui
619 1223 719 1270 autem
734 1212 908 1284 baptizatur,
924 1224 1056 1272 veterem
1070 1207 1150 1270 exirit
1164 1209 1316 1276 hominem,

228 1305 258 1352 et
270 1308 425 1354 renovatur
438 1316 565 1370 superne
577 1298 695 1370 genitus
708 1299 833 1372 Spiritus
846 1299 939 1371 gratia
950 1299 974 1356 ”.
1013 1299 1098 1358 Ideru
1110 1299 1151 1356 ait
1164 1299 1193 1356 S.
1206 1297 1317 1366 Chryso-

228 1389 334 1438 stomus
346 1383 439 1454 (honr.
456 1385 502 1441 IX
515 1385 544 1442 in
559 1386 585 1442 h.
600 1386 655 1444 loc.
673 1405 701 1443 n.
717 1389 753 1458 3).
763 1419 797 1428 -
808 1387 866 1444 Alii
881 1399 979 1444 autem
993 1385 1080 1460 pauci
1092 1385 1212 1443 verbum
1224 1384 1320 1454 impor-

228 1469 307 1546 sibrle
319 1470 486 1543 intelligunt
499 1473 538 1530 de
551 1475 659 1544 magne
673 1475 856 1542 difficultate,
876 1474 915 1533 de
938 1473 1041 1531 morali
1055 1492 1117 1531 non
1136 1483 1232 1530 autem
1251 1470 1320 1542 phy·

229 1555 289 1612 sica
302 1557 548 1628 impossibilitate,
562 1560 601 1617 ita
615 1571 646 1618 ut
659 1578 764 1618 sensus
774 1561 810 1620 sit
823 1561 987 1620 admodum
1002 1559 1121 1618 difficile
1135 1576 1197 1616 esse
1209 1569 1324 1630 aposta-

229 1653 273 1699 tas
290 1645 328 1702 ad
346 1663 444 1702 veram
459 1645 548 1704 fidem
563 1646 666 1706 redire.
706 1649 808 1706 Simile
827 1649 887 1707 lere
900 1646 993 1705 modo
1008 1647 1130 1718 intelligi
1145 1655 1261 1717 possunt
1279 1661 1322 1700 se-

229 1731 350 1801 quentia
362 1731 450 1790 verba
463 1754 469 1789 :
489 1733 688 1793 “voluntarie
700 1736 779 1793 enirn
790 1734 983 1808 peccantibus
994 1733 1081 1792 nobis
1095 1745 1162 1805 post
1174 1741 1322 1801 acceptam

230 1817 364 1875 notitiam
386 1819 522 1891 veritatis,
537 1821 597 1891 jam
616 1839 674 1878 mm
693 1821 872 1894 relinquitur
875 1832 933 1896 pro
941 1821 1061 1894 peccalr's
1073 1821 1176 1884 hostia,
1191 1819 1325 1877 terribilis

228 1914 328 1962 autem
342 1906 478 1977 quaedam
498 1909 680 1979 exspectatio
698 1909 864 1982 judicii”³;
889 1909 1037 1982 siquidem
1058 1909 1105 1965 hic
1126 1907 1214 1965 etiam
1231 1905 1325 1976 agitur

229 1991 268 2050 de
280 1995 427 2064 apostatis,
439 1995 500 2066 qui,
515 2007 663 2067 quatenus
682 1997 711 2054 in
731 1997 879 2068 apostasia
892 2007 1022 2065 manent,
1039 2005 1141 2052 carent
1159 1991 1253 2050 hostia
1273 2009 1326 2063 pro
1371 2063 1372 2084 Χ

230 2083 368 2151 peccatis,
383 2083 461 2140 sicut
479 2083 530 2154 qui
549 2083 713 2141 voluntarie
733 2094 813 2142 extra
829 2083 995 2142 Ecclesiam
1017 2093 1148 2150 manent,
1162 2088 1229 2137 sunt
1246 2093 1328 2135 extra

229 2165 305 2224 viani
319 2168 437 2236 salutis,
466 2188 520 2227 nec
534 2179 633 2228 tamen
647 2169 755 2228 exinde
770 2170 960 2242 praecluditur
980 2167 1160 2242 possibilitas
1179 2167 1218 2224 ad
1236 2165 1326 2223 fidem

230 2251 419 2312 christianam
433 2256 588 2326 redeundi,
602 2257 631 2314 in
644 2259 705 2328 qual
717 2257 837 2316 ollertur
851 2257 948 2315 hostia
961 2274 1015 2328 pro
1029 2255 1167 2328 peccatis.

264 2343 304 2398 88.
345 2343 383 2412 (c)
403 2342 607 2415 Opponuntur
624 2345 712 2402 etiam
734 2344 823 2402 verba
833 2343 1001 2415 Joannis⁴:
1032 2342 1119 2414 “Qui
1138 2345 1193 2400 scit
1212 2342 1328 2398 fratrem

229 2442 317 2484 suum
337 2446 461 2500 peccare
477 2443 632 2502 peccatum
652 2450 711 2490 non
729 2433 768 2490 ad
788 2445 922 2502 mortem,
941 2442 1030 2503 petat,
1043 2443 1072 2489 et
1091 2431 1210 2488 dabitur
1228 2429 1254 2486 ei
1269 2429 1329 2484 vita

231 2516 365 2586 peccanti
385 2535 446 2573 non
464 2518 503 2575 ad
523 2529 658 2577 mortem.
698 2520 752 2577 Est
766 2526 911 2590 peccatum
931 2517 974 2573 ad
984 2525 1111 2585 nrortcm,
1124 2535 1184 2574 non
1204 2533 1258 2588 pro
1278 2514 1329 2570 illo

230 2599 308 2670 dico,
322 2612 353 2659 ut
366 2613 448 2674 roget
462 2605 528 2676 quis
538 2605 689 2678 ”.-Rcsp.
727 2607 889 2678 Quodnam
904 2605 941 2663 sit
952 2605 1024 2663 illud
1036 2615 1192 2677 peccatum
1203 2603 1241 2660 ad
1251 2620 1327 2658 mor·
1370 2635 1371 2686 ἐ

230 2701 289 2746 tem
300 2689 453 2761 disputant
468 2691 596 2764 theologi
610 2704 640 2751 et
648 2705 898 2753 commentatores
911 2715 918 2750 z
939 2691 1122 2764 probabilius
1132 2701 1270 2762 putamus
1281 2689 1327 2744 hic
1370 2691 1371 2749 l

230 2774 277 2846 agi
290 2776 329 2833 de
342 2788 467 2848 peccato
481 2777 670 2851 infidelitatis
687 2801 749 2854 quo
762 2782 900 2840 divinitas
914 2779 1023 2839 Christi
1044 2792 1177 2850 negatur,
1193 2794 1285 2850 quum
1298 2777 1326 2831 iu

230 2869 293 2916 toto
307 2859 364 2917 hoc
377 2862 475 2933 capite
488 2865 517 2920 S.
532 2863 664 2936 Joannes
678 2865 716 2923 de
734 2866 793 2924 srde
807 2865 835 2924 in
851 2865 1003 2924 Christum
1018 2866 1173 2938 loquatur3
1200 2867 1325 2936 Aposto

230 2944 274 3002 lus
287 2959 387 3004 autem
403 2965 463 3005 non
474 2947 604 3008 declarat
617 2952 675 3010 tale
690 2965 845 3025 peccatum
862 2952 1061 3012 irremissibile
1074 2971 1149 3018 esse,
1164 2952 1218 3010 sed
1230 2951 1325 3008 solunt

230 3045 411 3104 praeceptum
426 3053 479 3106 pro
493 3035 627 3107 proximo
640 3041 745 3100 orandi
760 3041 799 3098 ad
812 3060 863 3098 eos
876 3041 927 3113 qui
941 3040 990 3097 tali
1011 3051 1135 3112 peccato
1148 3039 1325 3110 seinquinr'r-

230 3135 296 3178 runt
310 3141 369 3180 non
384 3123 504 3181 extendi
517 3147 524 3190 ;
550 3125 629 3197 quia,
643 3137 763 3198 propter
776 3125 820 3182 sui
835 3123 948 3196 peccati
963 3123 1179 3190 enormitatem,
1197 3122 1255 3179 hoc
1269 3140 1325 3178 ure·
1369 3151 1370 3184 r

230 3217 330 3263 rentur
343 3219 374 3264 ut
386 3226 404 3264 a
417 3207 556 3266 fidelibus
570 3211 773 3282 relinquantur
792 3210 868 3267 sicut
886 3209 997 3267 ethnici
1017 3220 1046 3267 et
1064 3209 1235 3282 prrhlicani;
1264 3209 1327 3266 aliis

230 3293 326 3350 verbis
347 3295 391 3350 isti
412 3306 583 3366 peccatores
604 3298 756 3368 privantur
777 3297 905 3370 publicis
919 3297 1062 3354 Ecclesiae
1083 3297 1238 3367 suffragiis,
1253 3299 1328 3352 sicut

230 3380 320 3438 hodie
332 3381 589 3439 excommunicati.
619 3383 649 3440 Si
662 3394 759 3441 autem
769 3391 913 3455 peccatam
923 3383 962 3440 ad
973 3391 1089 3440 moriem
1101 3382 1279 3454 intelligatur
1290 3383 1325 3440 de

230 3467 308 3524 finali
324 3469 553 3540 impoenitentia,
566 3469 642 3528 valet
656 3471 814 3542 explicatio
827 3473 887 3542 jam
902 3489 990 3542 supra
1005 3469 1167 3542 proposita.

263 3559 302 3624 89.
344 3556 391 3624 (B)
409 3555 521 3613 Tradit.
559 3559 599 3628 (a)
614 3561 658 3614 Ex
671 3558 864 3615 damnatione
880 3557 1131 3614 Montanistarum
1145 3569 1175 3614 et
1190 3555 1325 3613 Novaria·
1368 3551 1369 3560 ³

230 3658 346 3709 norum;
366 3661 445 3708 nant,
461 3653 492 3702 ut
505 3643 546 3700 ait
564 3644 692 3702 Trident.
709 3648 792 3714 (sess.
807 3645 892 3710 XIV,
907 3662 973 3715 cap.
992 3647 1025 3714 ι),
1045 3645 1064 3670 “
1077 3643 1269 3706 Novatianos
1286 3661 1328 3699 re-

230 3730 366 3788 mittendi
390 3741 567 3803 potestatem
589 3732 660 3790 olim
687 3733 875 3804 pertinaciter
900 3741 1052 3802 negantes,
1077 3732 1184 3801 magna
1218 3730 1328 3786 ratione

231 3814 364 3873 Ecclesia
392 3817 547 3876 Catholica
570 3829 712 3892 tanquam
740 3819 894 3878 haereticos
920 3819 1048 3891 explosit
1069 3829 1160 3889 atque
1189 3817 1327 3874 condem-

230 3901 344 3956 narit''.
395 3903 486 3958 Porro
512 3903 671 3960 Novatiani
695 3922 755 3960 non
778 3903 947 3975 quamlibet
970 3905 1120 3975 negabant
1141 3915 1326 3975 potestatem.

231 3985 283 4042 sed
297 3997 472 4055 potestatem
486 3990 595 4058 omnia,
609 3991 697 4048 etiam
712 3991 891 4061 gravissima,
910 4002 1032 4062 peccata
1047 3989 1237 4056 dimittendi;
1256 4007 1330 4060 ergo

233 4098 460 4109 ——---.—-
1282 4105 1327 4114 -ιι

265 4163 369 4216 ¹Hebr.
388 4167 437 4230 Vl,
450 4185 467 4233 4
481 4185 522 4236 sq.
542 4199 572 4208 —
584 4177 594 4198 ²
606 4172 658 4238 Ep.
675 4186 691 4236 4
706 4173 742 4224 ad
757 4173 853 4240 Serap.
868 4189 894 4225 n.
912 4187 951 4238 13.
968 4203 1001 4210 -
1015 4173 1118 4225 ³chr.
1135 4173 1170 4234 X,
1187 4171 1228 4224 26.

267 4247 306 4300 ‘l
316 4249 381 4314 Jon.
399 4251 433 4313 V,
451 4255 488 4303 ιὺ.
