2752 4648
247 182 303 232 DE
321 177 945 232 sannausultrowssucnnmsm.
1076 174 1140 227 ⁴22

91 377 153 445 tto
198 366 329 428 Probat,
357 373 390 428 2⁸
405 376 489 445 pars
503 386 516 426 :
546 362 717 446 speciales
744 359 989 442 dispositiones,
1020 365 1140 438 praeter

49 477 165 532 statum
188 471 314 550 gratiae,
330 470 372 532 ad
397 468 603 549 frequentem
628 465 896 528 communionem
921 460 1140 543 requiruntun

49 589 88 632 sc,
103 571 298 652 proponatis
320 579 448 634 remota
471 578 504 633 et
528 569 690 651 proxima,
714 576 753 629 et.
769 567 929 629 sincerum
951 562 1139 649 proficiendi

47 671 243 749 desr'drrr'um,
259 684 296 737 ut
314 673 396 737 inira
408 672 641 754 ¹explicabitur.

90 771 149 860 (A)
168 777 294 840 Tradit.
312 776 362 857 (a)
377 775 414 839 S.
431 776 641 856 Augustinus
662 773 708 835 ait
729 772 785 853 (de
801 773 888 836 verb.
907 772 1004 834 Dom.
1022 791 1044 832 s.
1063 772 1137 850 28):

47 877 193 961 “Accipe
216 878 374 961 quotidie,
391 889 428 943 ut
446 880 600 961 'quotidie
623 878 683 942 tibi
707 879 811 959 prosit
821 879 845 952 ”,
862 879 920 940 sed
944 876 1046 951 addit,
1063 879 1078 908 “
1091 875 1138 936 sic

45 980 112 1042 vive
128 991 163 1044 ut
179 981 329 1063 quotidie
345 983 500 1045 merearis
516 983 666 1063 accipere
678 981 694 1007 ”
712 980 769 1062 (5.Ι
784 981 813 1044 T
811 980 840 1042 le.
856 1000 886 1062 q.
904 983 954 1053 80,
970 999 996 1041 a
1018 977 1079 1058 to).

46 1080 90 1162 (b)
106 1083 311 1147 Innocentius
324 1083 382 1146 IX
408 1086 441 1147 in
463 1086 597 1149 decreto
619 1085 662 1147 de
683 1091 785 1146 sa'crae
809 1083 1052 1146 communionis
1075 1101 1137 1144 usu

45 1182 160 1264 (1669),
171 1187 319 1249 declarat
335 1186 409 1250 illos
425 1188 482 1268 qui
498 1186 686 1269 frequenter
702 1189 846 1270 recipcre
860 1185 986 1260 volunt,
1000 1205 1137 1248 monen-

45 1287 100 1350 dos
114 1309 185 1352 esse
201 1289 243 1352 de
259 1290 464 1371 obligatione
488 1290 643 1354 ferventis
666 1291 916 1373 praeparationis
938 1309 996 1371 per
1016 1289 1136 1352 oratio·

45 1408 123 1465 nem,
138 1401 171 1454 et
194 1392 250 1473 pia
273 1383 446 1468 desideria,
463 1413 590 1456 necnon
615 1393 838 1456 humilitatem
861 1403 895 1455 et
919 1391 1135 1454 reverentiam

45 1512 115 1574 erga
131 1494 162 1559 S.
181 1495 445 1570 Sacramentum,
462 1507 522 1559 etc.
541 1497 715 1579 (Denning.
737 1497 838 1578 1086).

85 1593 148 1682 (B)
166 1599 244 1662 Rat.
267 1599 298 1661 T
294 1599 369 1662 brol.
397 1598 447 1682 (a)
465 1600 625 1663 Fatemur
638 1601 793 1682 equidem
810 1610 935 1663 statum
952 1599 1067 1680 gratia:
1083 1618 1136 1659 so-

45 1698 209 1765 lummodo
226 1704 345 1784 requiri
362 1701 474 1767 stridle
489 1703 657 1786 loquendo
673 1713 710 1766 ut
726 1705 832 1784 gratia
849 1700 1058 1766 sanctificans
1078 1721 1136 1783 per

46 1807 305 1870 communionem
333 1818 502 1889 augeatur,
525 1808 583 1871 sed
611 1811 713 1888 quum
738 1806 855 1888 gratiae
882 1805 1051 1887 quantitas
1078 1825 1136 1886 per

45 1921 243 1976 sacramenta
273 1910 394 1974 collata
424 1931 468 1973 cx
500 1910 773 1992 dispositionibus
805 1905 944 1989 subjecti
982 1908 1134 1989 pendeat,

47 2011 196 2091 majorem
228 2015 370 2094 gratiam
402 2015 540 2096 accipiet
578 2014 633 2096 qui
668 2014 771 2076 rarius
802 2011 1028 2074 communicat
1058 2029 1134 2072 cum

46 2115 163 2192 optima
179 2118 422 2197 praeparatione
442 2137 542 2198 quam
567 2108 622 2199 qui
646 2117 767 2197 saepius
791 2115 911 2196 accipit
927 2115 997 2176 sine
1013 2111 1133 2176 adtuali

45 2215 219 2282 devotione.
265 2219 317 2301 (b)
336 2221 474 2303 lnsuper
491 2220 642 2301 frequens
666 2219 811 2301 receptio
828 2216 1047 2280 Eucharistiae
1063 2215 1135 2278 sine

45 2319 181 2396 praeiatis
197 2321 470 2403 dispositionibus
493 2331 544 2383 est
567 2323 689 2385 abusus
713 2321 838 2402 gratiae,
855 2318 950 2382 facile
966 2338 1134 2382 sacrarum

45 2437 142 2484 rerum
166 2433 394 2505 contemptum
419 2433 565 2505 generat,
588 2433 622 2486 et
645 2425 691 2486 ita
714 2423 800 2485 viam
825 2423 993 2504 tepiditati
1017 2423 1135 2486 sternit

6 2525 8 2534 ’
44 2540 110 2600 quae
129 2526 280 2606 periculis
303 2527 401 2608 plena
424 2536 483 2601 est,
499 2546 627 2589 necnon
648 2547 742 2588 vanae
763 2526 876 2607 glorias
901 2543 975 2606 quae
991 2525 1033 2587 ad
1051 2529 1133 2606 prce·

44 2630 259 2710 sumptionem
276 2640 310 2693 et
326 2640 500 2712 peccatum
518 2650 606 2712 saepe
622 2630 713 2692 ducit
725 2643 745 2691 ¹.
1126 2639 1129 2644 '

368 2790 403 2839 2⁰
418 2777 470 2839 Dc
485 2777 606 2859 regulis
619 2779 796 2842 servandis.

82 2923 147 2990 150.
195 2911 246 2974 De
269 2912 390 2994 regulis
412 2914 511 2994 ipsis:
536 2909 601 2998 (A)
622 2916 685 2976 Pro
708 2912 874 2976 rnrnstrnct
892 2913 1133 2980 communione.-

45 3007 205 3078 llenstrua
228 3017 420 3079 communio
447 3017 571 3080 nemini
598 3015 799 3079 sufficienter
821 3017 863 3078 ad
888 3016 1132 3080 absolutionem

46 3113 192 3197 disposito
219 3119 416 3202 deneganda
444 3131 502 3197 est,
526 3123 594 3183 imo
623 3121 777 3198 omnibus
801 3122 1013 3198 consulenda,
1030 3124 1131 3186 etiam

45 3213 182 3285 fidelibus
196 3225 338 3305 negotiis
351 3225 563 3288 saecularibus
576 3224 761 3306 implicatis.
802 3225 889 3287 Nam
903 3247 946 3289 ex
959 3229 1025 3288 una
1038 3236 1132 3309 parte

45 3316 81 3382 illi
96 3325 136 3386 de
151 3327 273 3407 quibus
289 3329 406 3408 agitur,
424 3329 553 3391 etiamsi
577 3336 713 3409 peccata
739 3329 892 3392 mortalia
908 3331 1132 3405 committant,

44 3429 238 3492 conditiones
255 3430 379 3495 habent
396 3433 568 3513 requisitas
593 3443 629 3494 ut
652 3433 780 3512 possint
803 3433 930 3514 aliquot
948 3431 1070 3495 fructus
1087 3453 1130 3494 ex

46 3525 240 3595 Eucharistit
257 3534 443 3616 suscipere;
466 3555 509 3597 ex
534 3535 636 3596 alterii
658 3546 760 3615 parte,
777 3535 968 3598 communio
984 3544 1034 3597 est
1051 3535 1131 3616 ipsis

44 3632 128 3695 valde
143 3637 242 3710 utilis,
258 3637 326 3700 imo
343 3639 511 3701 moraliter
527 3641 710 3701 necessaria
734 3649 770 3701 ut
793 3637 1033 3701 tentationibus
1054 3639 1132 3700 resi-

73 3857 130 3915 ¹De
143 3865 223 3917 sacrb
236 3864 433 3919 communione
444 3865 591 3935 praedicari
605 3876 697 3933 potest
707 3866 782 3934 quod
794 3865 821 3919 S.
836 3865 937 3918 Paulus
950 3865 986 3918 de
998 3865 1088 3934 gratia
1103 3867 1130 3920 in

45 3957 133 4006 genere
145 3950 233 4005 dicit:
257 3950 371 4004 “Terra
388 3952 462 4006 enim
481 3969 557 4021 saepe
573 3952 731 4006 venientem
749 3968 832 4020 super
845 3967 875 4005 se
888 3951 987 4005 bibens
1001 3951 1128 4018 imbrem,

46 4041 68 4083 et
83 4051 213 4101 generans
233 4039 351 4092 herbam
370 4051 556 4110 opportunam
570 4040 624 4093 illis
636 4057 654 4093 a
666 4038 767 4108 quibus
780 4037 887 4100 colitur,
902 4037 1003 4108 accipit
1017 4039 1130 4094 benedi·

46 4114 152 4176 dionem
165 4142 182 4178 a
195 4124 337 4189 Domino;
357 4126 500 4194 prolerens
512 4137 606 4182 autem
621 4129 716 4196 spinas
730 4145 762 4181 ac
776 4126 903 4193 tribulos,
916 4129 1034 4196 reproba
1047 4139 1131 4184 estet

46 4207 182 4344 atqleditlo
191 4211 318 4281 proxima
331 4229 338 4266 ε
352 4213 430 4280 cujus
441 4215 646 4268 consummatio
660 4214 688 4268 in
703 4214 926 4268 combustionem
934 4215 954 4268 ”.
967 4215 1064 4283 (Hebr.
1076 4217 1128 4283 Vl,

46 4299 58 4350 7
86 4293 103 4356 -l
