<?xml version="1.0" encoding="UTF-8"?>
<!DOCTYPE html PUBLIC "-//W3C//DTD XHTML 1.0 Transitional//EN"
    "http://www.w3.org/TR/xhtml1/DTD/xhtml1-transitional.dtd">
<html xmlns="http://www.w3.org/1999/xhtml" xml:lang="en" lang="en">
 <head>
  <title>
</title>
<meta http-equiv="Content-Type" content="text/html;charset=utf-8" />
  <meta name='ocr-system' content='tesseract 3.04.00' />
  <meta name='ocr-capabilities' content='ocr_page ocr_carea ocr_par ocr_line ocrx_word'/>
</head>
<body>
  <div class='ocr_page' id='page_1' title='image "./synopsistheolog01tanqgoog_0288.png"; bbox 0 0 2738 4646; ppageno 0'>
   <div class='ocr_carea' id='block_1_1' title="bbox 207 167 1107 220">
    <p class='ocr_par' dir='ltr' id='par_1_1' title="bbox 207 167 1107 220">
     <span class='ocr_line' id='line_1_1' title="bbox 207 167 1107 220; baseline 0.004 -7"><span class='ocrx_word' id='word_1_1' title='bbox 207 167 453 220; x_wconf 71' lang='lat' dir='ltr'>&#39;rancn&#39;rus</span> <span class='ocrx_word' id='word_1_2' title='bbox 470 168 526 217; x_wconf 83' lang='lat' dir='ltr'>DE</span> <span class='ocrx_word' id='word_1_3' title='bbox 545 168 914 220; x_wconf 70' lang='lat' dir='ltr'>conmunxxona.</span> <span class='ocrx_word' id='word_1_4' title='bbox 1042 167 1107 218; x_wconf 78' lang='lat'>273</span> 
     </span>
    </p>
   </div>
   <div class='ocr_carea' id='block_1_2' title="bbox 23 341 1110 1630">
    <p class='ocr_par' dir='ltr' id='par_1_2' title="bbox 24 341 1109 764">
     <span class='ocr_line' id='line_1_2' title="bbox 25 341 1109 416; baseline 0.001 -18"><span class='ocrx_word' id='word_1_5' title='bbox 25 349 42 368; x_wconf 75' lang='lat'>‘⁴</span> <span class='ocrx_word' id='word_1_6' title='bbox 55 341 174 412; x_wconf 85' lang='lat' dir='ltr'>cepisset</span> <span class='ocrx_word' id='word_1_7' title='bbox 186 343 316 402; x_wconf 81' lang='lat' dir='ltr'>Samaria</span> <span class='ocrx_word' id='word_1_8' title='bbox 329 345 451 404; x_wconf 85' lang='lat' dir='ltr'>verbum</span> <span class='ocrx_word' id='word_1_9' title='bbox 466 346 533 416; x_wconf 91' lang='lat' dir='ltr'>Dei,</span> <span class='ocrx_word' id='word_1_10' title='bbox 551 346 695 404; x_wconf 89' lang='lat' dir='ltr'>miserunt</span> <span class='ocrx_word' id='word_1_11' title='bbox 714 345 752 404; x_wconf 87' lang='lat' dir='ltr'>ad</span> <span class='ocrx_word' id='word_1_12' title='bbox 771 363 823 404; x_wconf 89' lang='lat' dir='ltr'>eos</span> <span class='ocrx_word' id='word_1_13' title='bbox 839 347 959 403; x_wconf 89' lang='lat' dir='ltr'>Petrum</span> <span class='ocrx_word' id='word_1_14' title='bbox 978 354 1007 402; x_wconf 88' lang='lat' dir='ltr'>et</span> <span class='ocrx_word' id='word_1_15' title='bbox 1020 343 1109 416; x_wconf 90' lang='lat' dir='ltr'>Joan-</span> 
     </span>
     <span class='ocr_line' id='line_1_3' title="bbox 25 428 1109 504; baseline 0.002 -21"><span class='ocrx_word' id='word_1_16' title='bbox 25 431 43 454; x_wconf 78' lang='lat'>‘⁴</span> <span class='ocrx_word' id='word_1_17' title='bbox 56 445 128 485; x_wconf 88' lang='lat' dir='ltr'>nem.</span> <span class='ocrx_word' id='word_1_18' title='bbox 166 430 226 502; x_wconf 91' lang='lat' dir='ltr'>Qui</span> <span class='ocrx_word' id='word_1_19' title='bbox 239 449 307 488; x_wconf 89' lang='lat' dir='ltr'>cum</span> <span class='ocrx_word' id='word_1_20' title='bbox 320 432 478 501; x_wconf 86' lang='lat' dir='ltr'>venissent,</span> <span class='ocrx_word' id='word_1_21' title='bbox 491 441 649 491; x_wconf 89' lang='lat' dir='ltr'>oraverunt</span> <span class='ocrx_word' id='word_1_22' title='bbox 662 449 717 504; x_wconf 94' lang='lat' dir='ltr'>pro</span> <span class='ocrx_word' id='word_1_23' title='bbox 729 432 780 502; x_wconf 90' lang='lat' dir='ltr'>eis,</span> <span class='ocrx_word' id='word_1_24' title='bbox 794 443 827 491; x_wconf 86' lang='lat' dir='ltr'>ut</span> <span class='ocrx_word' id='word_1_25' title='bbox 839 431 1008 504; x_wconf 83' lang='lat' dir='ltr'><strong>acciperent</strong></span> <span class='ocrx_word' id='word_1_26' title='bbox 1021 428 1109 502; x_wconf 91' lang='lat' dir='ltr'>Spiri-</span> 
     </span>
     <span class='ocr_line' id='line_1_4' title="bbox 25 516 1109 591; baseline 0.004 -21"><span class='ocrx_word' id='word_1_27' title='bbox 25 523 43 540; x_wconf 85' lang='grc'>··</span> <span class='ocrx_word' id='word_1_28' title='bbox 56 527 114 572; x_wconf 88' lang='lat' dir='ltr'>tum</span> <span class='ocrx_word' id='word_1_29' title='bbox 128 516 283 590; x_wconf 75' lang='lat' dir='ltr'>Sandtunr;</span> <span class='ocrx_word' id='word_1_30' title='bbox 303 518 437 577; x_wconf 90' lang='lat' dir='ltr'>nondum</span> <span class='ocrx_word' id='word_1_31' title='bbox 450 519 529 577; x_wconf 90' lang='lat' dir='ltr'>enim</span> <span class='ocrx_word' id='word_1_32' title='bbox 543 519 573 576; x_wconf 91' lang='lat' dir='ltr'>in</span> <span class='ocrx_word' id='word_1_33' title='bbox 587 537 769 591; x_wconf 88' lang='lat' dir='ltr'>quemquam</span> <span class='ocrx_word' id='word_1_34' title='bbox 785 519 900 577; x_wconf 92' lang='lat' dir='ltr'>illorum</span> <span class='ocrx_word' id='word_1_35' title='bbox 915 527 1042 587; x_wconf 89' lang='lat' dir='ltr'>venerat,</span> <span class='ocrx_word' id='word_1_36' title='bbox 1056 517 1109 574; x_wconf 87' lang='lat' dir='ltr'>sed</span> 
     </span>
     <span class='ocr_line' id='line_1_5' title="bbox 24 593 1109 679; baseline 0.004 -23"><span class='ocrx_word' id='word_1_37' title='bbox 24 605 43 626; x_wconf 81' lang='lat'>¹¹</span> <span class='ocrx_word' id='word_1_38' title='bbox 56 599 186 672; x_wconf 75' lang='lat' dir='ltr'>baptizati</span> <span class='ocrx_word' id='word_1_39' title='bbox 198 614 313 662; x_wconf 91' lang='lat' dir='ltr'>tantum</span> <span class='ocrx_word' id='word_1_40' title='bbox 327 616 410 664; x_wconf 91' lang='lat' dir='ltr'>erant</span> <span class='ocrx_word' id='word_1_41' title='bbox 429 605 458 662; x_wconf 93' lang='lat' dir='ltr'>in</span> <span class='ocrx_word' id='word_1_42' title='bbox 479 605 600 663; x_wconf 91' lang='lat' dir='ltr'>nomine</span> <span class='ocrx_word' id='word_1_43' title='bbox 615 593 736 664; x_wconf 88' lang='lat' dir='ltr'>Domini</span> <span class='ocrx_word' id='word_1_44' title='bbox 751 605 831 679; x_wconf 91' lang='lat' dir='ltr'>Jesu.</span> <span class='ocrx_word' id='word_1_45' title='bbox 870 605 958 662; x_wconf 90' lang='lat' dir='ltr'>Tunc</span> <span class='ocrx_word' id='word_1_46' title='bbox 975 603 1109 674; x_wconf 88' lang='lat' dir='ltr'>impone-</span> 
     </span>
     <span class='ocr_line' id='line_1_6' title="bbox 25 687 1001 764; baseline 0.003 -22"><span class='ocrx_word' id='word_1_47' title='bbox 25 693 43 712; x_wconf 89' lang='grc'>“</span> <span class='ocrx_word' id='word_1_48' title='bbox 57 687 120 744; x_wconf 87' lang='lat' dir='ltr'>bant</span> <span class='ocrx_word' id='word_1_49' title='bbox 133 707 238 747; x_wconf 89' lang='lat' dir='ltr'>manus</span> <span class='ocrx_word' id='word_1_50' title='bbox 250 708 339 762; x_wconf 89' lang='lat' dir='ltr'>super</span> <span class='ocrx_word' id='word_1_51' title='bbox 351 692 416 749; x_wconf 90' lang='lat' dir='ltr'>illos</span> <span class='ocrx_word' id='word_1_52' title='bbox 428 702 458 750; x_wconf 91' lang='lat' dir='ltr'>et</span> <span class='ocrx_word' id='word_1_53' title='bbox 470 691 657 763; x_wconf 84' lang='lat' dir='ltr'>accipiebant</span> <span class='ocrx_word' id='word_1_54' title='bbox 671 691 811 764; x_wconf 88' lang='lat' dir='ltr'>Spiritum</span> <span class='ocrx_word' id='word_1_55' title='bbox 825 691 966 749; x_wconf 75' lang='lat' dir='ltr'>Sandlum</span> <span class='ocrx_word' id='word_1_56' title='bbox 976 689 1001 745; x_wconf 89' lang='lat'>”.</span> 
     </span>
    </p>

    <p class='ocr_par' dir='ltr' id='par_1_3' title="bbox 23 773 1110 1630">
     <span class='ocr_line' id='line_1_7' title="bbox 61 773 1109 850; baseline 0.001 -20"><span class='ocrx_word' id='word_1_57' title='bbox 61 773 135 831; x_wconf 81' lang='lat' dir='ltr'>loco</span> <span class='ocrx_word' id='word_1_58' title='bbox 143 787 242 834; x_wconf 90' lang='lat' dir='ltr'>autem</span> <span class='ocrx_word' id='word_1_59' title='bbox 253 777 330 835; x_wconf 91' lang='lat' dir='ltr'>illius</span> <span class='ocrx_word' id='word_1_60' title='bbox 340 795 445 836; x_wconf 90' lang='lat' dir='ltr'>manus</span> <span class='ocrx_word' id='word_1_61' title='bbox 455 778 654 850; x_wconf 87' lang='lat' dir='ltr'>impositionis</span> <span class='ocrx_word' id='word_1_62' title='bbox 664 779 751 836; x_wconf 92' lang='lat' dir='ltr'>datur</span> <span class='ocrx_word' id='word_1_63' title='bbox 763 779 791 834; x_wconf 91' lang='lat' dir='ltr'>in</span> <span class='ocrx_word' id='word_1_64' title='bbox 802 778 936 836; x_wconf 73' lang='lat' dir='ltr'>Ecclesia</span> <span class='ocrx_word' id='word_1_65' title='bbox 946 776 1109 836; x_wconf 86' lang='lat' dir='ltr'>Confirma-</span> 
     </span>
     <span class='ocr_line' id='line_1_8' title="bbox 24 859 1109 937; baseline 0.004 -23"><span class='ocrx_word' id='word_1_66' title='bbox 24 859 74 914; x_wconf 92' lang='lat' dir='ltr'>tio.</span> <span class='ocrx_word' id='word_1_67' title='bbox 108 861 226 933; x_wconf 80' lang='lat' dir='ltr'>Legitur</span> <span class='ocrx_word' id='word_1_68' title='bbox 244 873 354 930; x_wconf 84' lang='lat' dir='ltr'>tamen,</span> <span class='ocrx_word' id='word_1_69' title='bbox 369 864 531 936; x_wconf 85' lang='lat' dir='ltr'>aliquando</span> <span class='ocrx_word' id='word_1_70' title='bbox 550 881 602 936; x_wconf 92' lang='lat' dir='ltr'>per</span> <span class='ocrx_word' id='word_1_71' title='bbox 614 865 797 937; x_wconf 82' lang='lat' dir='ltr'>Apostolicae</span> <span class='ocrx_word' id='word_1_72' title='bbox 811 864 895 923; x_wconf 91' lang='lat' dir='ltr'>Sedis</span> <span class='ocrx_word' id='word_1_73' title='bbox 914 863 1109 936; x_wconf 88' lang='lat' dir='ltr'>dispensatio-</span> 
     </span>
     <span class='ocr_line' id='line_1_9' title="bbox 24 948 1109 1022; baseline 0.006 -24"><span class='ocrx_word' id='word_1_74' title='bbox 24 961 97 1012; x_wconf 86' lang='lat' dir='ltr'>nem,</span> <span class='ocrx_word' id='word_1_75' title='bbox 107 965 141 1005; x_wconf 91' lang='lat' dir='ltr'>ex</span> <span class='ocrx_word' id='word_1_76' title='bbox 154 949 321 1007; x_wconf 87' lang='lat' dir='ltr'>rationabili</span> <span class='ocrx_word' id='word_1_77' title='bbox 333 960 362 1008; x_wconf 91' lang='lat' dir='ltr'>et</span> <span class='ocrx_word' id='word_1_78' title='bbox 376 961 498 1022; x_wconf 82' lang='lat' dir='ltr'>urgente</span> <span class='ocrx_word' id='word_1_79' title='bbox 509 951 674 1009; x_wconf 83' lang='lat' dir='ltr'>admodum</span> <span class='ocrx_word' id='word_1_80' title='bbox 686 951 785 1016; x_wconf 73' lang='lat' dir='ltr'>causa,</span> <span class='ocrx_word' id='word_1_81' title='bbox 795 949 960 1022; x_wconf 87' lang='lat' dir='ltr'>simplicem</span> <span class='ocrx_word' id='word_1_82' title='bbox 975 948 1109 1007; x_wconf 88' lang='lat' dir='ltr'>sacerdo-</span> 
     </span>
     <span class='ocr_line' id='line_1_10' title="bbox 24 1034 1110 1109; baseline 0.002 -22"><span class='ocrx_word' id='word_1_83' title='bbox 24 1041 81 1087; x_wconf 90' lang='lat' dir='ltr'>tem</span> <span class='ocrx_word' id='word_1_84' title='bbox 92 1034 248 1094; x_wconf 89' lang='lat' dir='ltr'>chrismate</span> <span class='ocrx_word' id='word_1_85' title='bbox 267 1054 320 1108; x_wconf 90' lang='lat' dir='ltr'>per</span> <span class='ocrx_word' id='word_1_86' title='bbox 332 1037 506 1109; x_wconf 89' lang='lat' dir='ltr'>episcopum</span> <span class='ocrx_word' id='word_1_87' title='bbox 525 1038 666 1096; x_wconf 75' lang='lat' dir='ltr'>conledlo</span> <span class='ocrx_word' id='word_1_88' title='bbox 685 1039 742 1094; x_wconf 89' lang='lat' dir='ltr'>hoc</span> <span class='ocrx_word' id='word_1_89' title='bbox 761 1037 981 1095; x_wconf 83' lang='lat' dir='ltr'>administrasse</span> <span class='ocrx_word' id='word_1_90' title='bbox 995 1034 1110 1094; x_wconf 88' lang='lat' dir='ltr'>Confir-</span> 
     </span>
     <span class='ocr_line' id='line_1_11' title="bbox 23 1119 1109 1196; baseline 0.004 -24"><span class='ocrx_word' id='word_1_91' title='bbox 23 1119 153 1178; x_wconf 89' lang='lat' dir='ltr'>mationis</span> <span class='ocrx_word' id='word_1_92' title='bbox 163 1133 389 1181; x_wconf 89' lang='lat' dir='ltr'>sacramentum.</span> <span class='ocrx_word' id='word_1_93' title='bbox 425 1124 556 1182; x_wconf 74' lang='lat' dir='ltr'>Effedlus</span> <span class='ocrx_word' id='word_1_94' title='bbox 566 1135 666 1196; x_wconf 87' lang='lat' dir='ltr'>autem</span> <span class='ocrx_word' id='word_1_95' title='bbox 681 1124 770 1194; x_wconf 92' lang='lat' dir='ltr'>hujus</span> <span class='ocrx_word' id='word_1_96' title='bbox 780 1122 962 1181; x_wconf 90' lang='lat' dir='ltr'>Sacramenti</span> <span class='ocrx_word' id='word_1_97' title='bbox 976 1134 1030 1186; x_wconf 89' lang='lat' dir='ltr'>est,</span> <span class='ocrx_word' id='word_1_98' title='bbox 1040 1120 1109 1193; x_wconf 88' lang='lat' dir='ltr'>quia</span> 
     </span>
     <span class='ocr_line' id='line_1_12' title="bbox 24 1203 1108 1282; baseline -0.001 -19"><span class='ocrx_word' id='word_1_99' title='bbox 24 1203 51 1258; x_wconf 85' lang='lat' dir='ltr'>ln</span> <span class='ocrx_word' id='word_1_100' title='bbox 66 1223 96 1263; x_wconf 84' lang='lat' dir='ltr'>eo</span> <span class='ocrx_word' id='word_1_101' title='bbox 107 1206 195 1266; x_wconf 88' lang='lat' dir='ltr'>datur</span> <span class='ocrx_word' id='word_1_102' title='bbox 208 1209 332 1281; x_wconf 91' lang='lat' dir='ltr'>Spiritus</span> <span class='ocrx_word' id='word_1_103' title='bbox 346 1211 472 1270; x_wconf 71' lang='lat' dir='ltr'>Sandtus</span> <span class='ocrx_word' id='word_1_104' title='bbox 490 1212 529 1269; x_wconf 91' lang='lat' dir='ltr'>ad</span> <span class='ocrx_word' id='word_1_105' title='bbox 548 1213 645 1281; x_wconf 87' lang='lat' dir='ltr'>robur,</span> <span class='ocrx_word' id='word_1_106' title='bbox 663 1212 738 1270; x_wconf 87' lang='lat' dir='ltr'>sicut</span> <span class='ocrx_word' id='word_1_107' title='bbox 751 1212 838 1270; x_wconf 86' lang='lat' dir='ltr'>datus</span> <span class='ocrx_word' id='word_1_108' title='bbox 851 1223 895 1270; x_wconf 92' lang='lat' dir='ltr'>est</span> <span class='ocrx_word' id='word_1_109' title='bbox 908 1208 1060 1282; x_wconf 87' lang='lat' dir='ltr'>Apostolis</span> <span class='ocrx_word' id='word_1_110' title='bbox 1079 1207 1108 1262; x_wconf 95' lang='lat' dir='ltr'>in</span> 
     </span>
     <span class='ocr_line' id='line_1_13' title="bbox 23 1291 1109 1368; baseline 0.005 -22"><span class='ocrx_word' id='word_1_111' title='bbox 23 1291 72 1348; x_wconf 89' lang='lat' dir='ltr'>die</span> <span class='ocrx_word' id='word_1_112' title='bbox 83 1293 290 1368; x_wconf 90' lang='lat' dir='ltr'>Pentecostes;</span> <span class='ocrx_word' id='word_1_113' title='bbox 308 1308 340 1356; x_wconf 89' lang='lat' dir='ltr'>ut</span> <span class='ocrx_word' id='word_1_114' title='bbox 353 1299 492 1357; x_wconf 85' lang='lat' dir='ltr'>videlicet</span> <span class='ocrx_word' id='word_1_115' title='bbox 504 1298 679 1357; x_wconf 88' lang='lat' dir='ltr'>christianus</span> <span class='ocrx_word' id='word_1_116' title='bbox 692 1298 835 1358; x_wconf 74' lang='lat' dir='ltr'>audadler</span> <span class='ocrx_word' id='word_1_117' title='bbox 846 1297 955 1358; x_wconf 89' lang='lat' dir='ltr'>Christi</span> <span class='ocrx_word' id='word_1_118' title='bbox 969 1295 1109 1354; x_wconf 85' lang='lat' dir='ltr'>conlitea-</span> 
     </span>
     <span class='ocr_line' id='line_1_14' title="bbox 23 1379 1110 1454; baseline 0.005 -25"><span class='ocrx_word' id='word_1_119' title='bbox 23 1385 194 1440; x_wconf 87' lang='lat' dir='ltr'>turnomen.</span> <span class='ocrx_word' id='word_1_120' title='bbox 235 1381 371 1454; x_wconf 89' lang='lat' dir='ltr'>Ideoque</span> <span class='ocrx_word' id='word_1_121' title='bbox 391 1384 419 1440; x_wconf 93' lang='lat' dir='ltr'>in</span> <span class='ocrx_word' id='word_1_122' title='bbox 440 1385 545 1450; x_wconf 78' lang='lat' dir='ltr'>fronte,</span> <span class='ocrx_word' id='word_1_123' title='bbox 561 1383 612 1442; x_wconf 89' lang='lat' dir='ltr'>ubi</span> <span class='ocrx_word' id='word_1_124' title='bbox 625 1383 812 1442; x_wconf 78' lang='lat' dir='ltr'>verecundia</span> <span class='ocrx_word' id='word_1_125' title='bbox 831 1383 917 1442; x_wconf 89' lang='lat' dir='ltr'>sedes</span> <span class='ocrx_word' id='word_1_126' title='bbox 936 1391 989 1448; x_wconf 91' lang='lat' dir='ltr'>est,</span> <span class='ocrx_word' id='word_1_127' title='bbox 1004 1379 1110 1438; x_wconf 87' lang='lat' dir='ltr'>contir-</span> 
     </span>
     <span class='ocr_line' id='line_1_15' title="bbox 25 1465 1109 1541; baseline 0.005 -24"><span class='ocrx_word' id='word_1_128' title='bbox 25 1465 142 1524; x_wconf 84' lang='lat' dir='ltr'>mandus</span> <span class='ocrx_word' id='word_1_129' title='bbox 155 1468 316 1540; x_wconf 81' lang='lat' dir='ltr'>inungitur,</span> <span class='ocrx_word' id='word_1_130' title='bbox 333 1489 371 1528; x_wconf 93' lang='lat' dir='ltr'>ne</span> <span class='ocrx_word' id='word_1_131' title='bbox 384 1470 494 1530; x_wconf 91' lang='lat' dir='ltr'>Christi</span> <span class='ocrx_word' id='word_1_132' title='bbox 512 1489 622 1529; x_wconf 92' lang='lat' dir='ltr'>nomen</span> <span class='ocrx_word' id='word_1_133' title='bbox 636 1471 770 1529; x_wconf 87' lang='lat' dir='ltr'>confiteri</span> <span class='ocrx_word' id='word_1_134' title='bbox 785 1471 949 1536; x_wconf 88' lang='lat' dir='ltr'>erubescat,</span> <span class='ocrx_word' id='word_1_135' title='bbox 963 1479 992 1528; x_wconf 88' lang='lat' dir='ltr'>et</span> <span class='ocrx_word' id='word_1_136' title='bbox 1009 1466 1109 1541; x_wconf 88' lang='lat' dir='ltr'>praeci-</span> 
     </span>
     <span class='ocr_line' id='line_1_16' title="bbox 25 1554 1110 1630; baseline 0.004 -25"><span class='ocrx_word' id='word_1_137' title='bbox 25 1565 80 1617; x_wconf 86' lang='lat' dir='ltr'>pue</span> <span class='ocrx_word' id='word_1_138' title='bbox 95 1569 211 1612; x_wconf 89' lang='lat' dir='ltr'>crucem</span> <span class='ocrx_word' id='word_1_139' title='bbox 233 1557 297 1625; x_wconf 87' lang='lat' dir='ltr'>ejus</span> <span class='ocrx_word' id='word_1_140' title='bbox 320 1557 370 1627; x_wconf 88' lang='lat' dir='ltr'>qui</span> <span class='ocrx_word' id='word_1_141' title='bbox 393 1557 533 1630; x_wconf 88' lang='lat' dir='ltr'>“Judaeis</span> <span class='ocrx_word' id='word_1_142' title='bbox 552 1557 675 1630; x_wconf 85' lang='lat' dir='ltr'>quidem</span> <span class='ocrx_word' id='word_1_143' title='bbox 694 1568 738 1616; x_wconf 88' lang='lat' dir='ltr'>est</span> <span class='ocrx_word' id='word_1_144' title='bbox 757 1556 940 1624; x_wconf 89' lang='lat' dir='ltr'>scandalum,</span> <span class='ocrx_word' id='word_1_145' title='bbox 962 1554 1110 1614; x_wconf 88' lang='lat' dir='ltr'>Gentibus</span> 
     </span>
    </p>
   </div>
   <div class='ocr_carea' id='block_1_3' title="bbox 25 1641 1109 1790">
    <p class='ocr_par' dir='ltr' id='par_1_4' title="bbox 25 1641 1109 1790">
     <span class='ocr_line' id='line_1_17' title="bbox 25 1641 1109 1726; baseline 0.006 -36"><span class='ocrx_word' id='word_1_146' title='bbox 25 1646 114 1726; x_wconf 82' lang='lat' dir='ltr'>autem</span> <span class='ocrx_word' id='word_1_147' title='bbox 124 1641 248 1699; x_wconf 89' lang='lat' dir='ltr'>stultitia</span> <span class='ocrx_word' id='word_1_148' title='bbox 257 1641 282 1708; x_wconf 87' lang='lat'>&#39;&#39;‚</span> <span class='ocrx_word' id='word_1_149' title='bbox 297 1645 464 1702; x_wconf 89' lang='lat' dir='ltr'>secundum</span> <span class='ocrx_word' id='word_1_150' title='bbox 474 1644 653 1716; x_wconf 87' lang='lat' dir='ltr'>Apostolum</span> <span class='ocrx_word' id='word_1_151' title='bbox 665 1664 674 1714; x_wconf 88' lang='lat'>;</span> <span class='ocrx_word' id='word_1_152' title='bbox 694 1655 814 1716; x_wconf 85' lang='lat' dir='ltr'>propter</span> <span class='ocrx_word' id='word_1_153' title='bbox 824 1645 906 1716; x_wconf 92' lang='lat' dir='ltr'>quod</span> <span class='ocrx_word' id='word_1_154' title='bbox 919 1643 1004 1715; x_wconf 85' lang='lat' dir='ltr'>signo</span> <span class='ocrx_word' id='word_1_155' title='bbox 1014 1641 1109 1698; x_wconf 90' lang='lat' dir='ltr'>crucis</span> 
     </span>
     <span class='ocr_line' id='line_1_18' title="bbox 25 1735 154 1790; baseline 0.039 -14"><span class='ocrx_word' id='word_1_156' title='bbox 25 1735 154 1790; x_wconf 80' lang='lat' dir='ltr'>signatur.</span> 
     </span>
    </p>
   </div>
   <div class='ocr_carea' id='block_1_4' title="bbox 113 1860 1012 2022">
    <p class='ocr_par' dir='ltr' id='par_1_5' title="bbox 113 1860 1012 2022">
     <span class='ocr_line' id='line_1_19' title="bbox 113 1860 1012 1922; baseline -0.001 -3"><span class='ocrx_word' id='word_1_157' title='bbox 113 1860 266 1920; x_wconf 77' lang='lat' dir='ltr'>Canonas</span> <span class='ocrx_word' id='word_1_158' title='bbox 285 1863 432 1922; x_wconf 76' lang='lat' dir='ltr'>Concrcrr</span> <span class='ocrx_word' id='word_1_159' title='bbox 451 1864 650 1922; x_wconf 79' lang='lat' dir='ltr'>Taroaxrrxr</span> <span class='ocrx_word' id='word_1_160' title='bbox 670 1879 712 1920; x_wconf 80' lang='lat' dir='ltr'>na</span> <span class='ocrx_word' id='word_1_161' title='bbox 732 1863 1012 1922; x_wconf 70' lang='lat' dir='ltr'>Cosmum-rona.</span> 
     </span>
     <span class='ocr_line' id='line_1_20' title="bbox 470 1949 655 2022; baseline -0.022 -12"><span class='ocrx_word' id='word_1_162' title='bbox 470 1951 553 2019; x_wconf 79' lang='lat' dir='ltr'>(sess.</span> <span class='ocrx_word' id='word_1_163' title='bbox 572 1949 655 2022; x_wconf 83' lang='lat' dir='ltr'><em>VII.)</em></span> 
     </span>
    </p>
   </div>
   <div class='ocr_carea' id='block_1_5' title="bbox 28 2065 1110 2316">
    <p class='ocr_par' dir='ltr' id='par_1_6' title="bbox 28 2065 1110 2316">
     <span class='ocr_line' id='line_1_21' title="bbox 60 2065 1108 2141; baseline 0.005 -22"><span class='ocrx_word' id='word_1_164' title='bbox 60 2083 79 2119; x_wconf 87' lang='lat' dir='ltr'>r.</span> <span class='ocrx_word' id='word_1_165' title='bbox 115 2065 142 2123; x_wconf 89' lang='lat' dir='ltr'>Si</span> <span class='ocrx_word' id='word_1_166' title='bbox 162 2070 229 2139; x_wconf 90' lang='lat' dir='ltr'>quis</span> <span class='ocrx_word' id='word_1_167' title='bbox 246 2069 359 2141; x_wconf 88' lang='lat' dir='ltr'>dixerit,</span> <span class='ocrx_word' id='word_1_168' title='bbox 375 2069 642 2129; x_wconf 87' lang='lat' dir='ltr'>Confirmationem</span> <span class='ocrx_word' id='word_1_169' title='bbox 657 2069 872 2141; x_wconf 89' lang='lat' dir='ltr'>baptizatorum</span> <span class='ocrx_word' id='word_1_170' title='bbox 884 2067 1009 2125; x_wconf 85' lang='lat' dir='ltr'>otiosam</span> <span class='ocrx_word' id='word_1_171' title='bbox 1023 2084 1108 2126; x_wconf 79' lang='lat' dir='ltr'>caere·</span> 
     </span>
     <span class='ocr_line' id='line_1_22' title="bbox 28 2153 1110 2230; baseline 0.006 -26"><span class='ocrx_word' id='word_1_172' title='bbox 28 2153 147 2210; x_wconf 89' lang='lat' dir='ltr'>moniam</span> <span class='ocrx_word' id='word_1_173' title='bbox 161 2173 236 2222; x_wconf 89' lang='lat' dir='ltr'>esse,</span> <span class='ocrx_word' id='word_1_174' title='bbox 251 2167 280 2215; x_wconf 87' lang='lat' dir='ltr'>et</span> <span class='ocrx_word' id='word_1_175' title='bbox 294 2175 353 2215; x_wconf 93' lang='lat' dir='ltr'>non</span> <span class='ocrx_word' id='word_1_176' title='bbox 367 2157 466 2230; x_wconf 88' lang='lat' dir='ltr'>potius</span> <span class='ocrx_word' id='word_1_177' title='bbox 479 2175 581 2215; x_wconf 89' lang='lat' dir='ltr'>verum</span> <span class='ocrx_word' id='word_1_178' title='bbox 594 2169 623 2215; x_wconf 89' lang='lat' dir='ltr'>et</span> <span class='ocrx_word' id='word_1_179' title='bbox 637 2158 789 2229; x_wconf 89' lang='lat' dir='ltr'>proprium</span> <span class='ocrx_word' id='word_1_180' title='bbox 804 2165 1021 2212; x_wconf 86' lang='lat' dir='ltr'>sacramentum</span> <span class='ocrx_word' id='word_1_181' title='bbox 1034 2176 1040 2218; x_wconf 83' lang='lat' dir='ltr'>t</span> <span class='ocrx_word' id='word_1_182' title='bbox 1058 2161 1110 2210; x_wconf 89' lang='lat' dir='ltr'>aut</span> 
     </span>
     <span class='ocr_line' id='line_1_23' title="bbox 29 2235 1109 2316; baseline 0.006 -26"><span class='ocrx_word' id='word_1_183' title='bbox 29 2235 91 2293; x_wconf 88' lang='lat' dir='ltr'>olim</span> <span class='ocrx_word' id='word_1_184' title='bbox 109 2241 178 2298; x_wconf 93' lang='lat' dir='ltr'>nihil</span> <span class='ocrx_word' id='word_1_185' title='bbox 195 2242 278 2301; x_wconf 90' lang='lat' dir='ltr'>aliud</span> <span class='ocrx_word' id='word_1_186' title='bbox 296 2243 395 2310; x_wconf 83' lang='lat' dir='ltr'>luisse,</span> <span class='ocrx_word' id='word_1_187' title='bbox 410 2261 500 2316; x_wconf 86' lang='lat' dir='ltr'>quam</span> <span class='ocrx_word' id='word_1_188' title='bbox 520 2243 708 2302; x_wconf 88' lang='lat' dir='ltr'>Catechesim</span> <span class='ocrx_word' id='word_1_189' title='bbox 729 2241 905 2314; x_wconf 89' lang='lat' dir='ltr'>quamdam,</span> <span class='ocrx_word' id='word_1_190' title='bbox 927 2241 986 2312; x_wconf 74' lang='lat' dir='ltr'>qua</span> <span class='ocrx_word' id='word_1_191' title='bbox 1010 2239 1109 2297; x_wconf 91' lang='lat' dir='ltr'>adole-</span> 
     </span>
    </p>
   </div>
   <div class='ocr_carea' id='block_1_6' title="bbox 28 2325 1110 2463">
    <p class='ocr_par' dir='ltr' id='par_1_7' title="bbox 28 2325 1110 2463">
     <span class='ocr_line' id='line_1_24' title="bbox 28 2325 1110 2458; baseline 0.006 -80"><span class='ocrx_word' id='word_1_192' title='bbox 28 2325 136 2458; x_wconf 44' lang='lat' dir='ltr'>{centia</span> <span class='ocrx_word' id='word_1_193' title='bbox 155 2329 279 2400; x_wconf 88' lang='lat' dir='ltr'>proximi</span> <span class='ocrx_word' id='word_1_194' title='bbox 300 2329 369 2388; x_wconf 87' lang='lat' dir='ltr'>fidei</span> <span class='ocrx_word' id='word_1_195' title='bbox 390 2348 450 2390; x_wconf 90' lang='lat' dir='ltr'>suae</span> <span class='ocrx_word' id='word_1_196' title='bbox 469 2330 613 2388; x_wconf 88' lang='lat' dir='ltr'>rationem</span> <span class='ocrx_word' id='word_1_197' title='bbox 633 2348 733 2388; x_wconf 89' lang='lat' dir='ltr'>coram</span> <span class='ocrx_word' id='word_1_198' title='bbox 748 2327 883 2386; x_wconf 72' lang='lat' dir='ltr'>Ecclesia</span> <span class='ocrx_word' id='word_1_199' title='bbox 901 2326 1110 2400; x_wconf 89' lang='lat' dir='ltr'>exponebant;</span> 
     </span>
     <span class='ocr_line' id='line_1_25' title="bbox 30 2409 100 2463; baseline -0.014 0"><span class='ocrx_word' id='word_1_200' title='bbox 30 2441 38 2457; x_wconf 47' lang='grc' dir='ltr'><em>ι</em></span> <span class='ocrx_word' id='word_1_201' title='bbox 55 2448 60 2458; x_wconf 93' lang='grc'>.</span> <span class='ocrx_word' id='word_1_202' title='bbox 75 2409 100 2463; x_wconf 88' lang='lat' dir='ltr'>S.</span> 
     </span>
    </p>
   </div>
   <div class='ocr_carea' id='block_1_7' title="bbox 31 2495 1110 2742">
    <p class='ocr_par' dir='ltr' id='par_1_8' title="bbox 31 2495 1110 2742">
     <span class='ocr_line' id='line_1_26' title="bbox 59 2495 1110 2572; baseline 0.002 -19"><span class='ocrx_word' id='word_1_203' title='bbox 59 2508 78 2544; x_wconf 88' lang='lat'>2</span> <span class='ocrx_word' id='word_1_204' title='bbox 112 2495 139 2553; x_wconf 93' lang='lat' dir='ltr'>Si</span> <span class='ocrx_word' id='word_1_205' title='bbox 158 2499 225 2570; x_wconf 89' lang='lat' dir='ltr'>quis</span> <span class='ocrx_word' id='word_1_206' title='bbox 244 2498 362 2566; x_wconf 89' lang='lat' dir='ltr'>dixerit,</span> <span class='ocrx_word' id='word_1_207' title='bbox 384 2500 506 2570; x_wconf 80' lang='lat' dir='ltr'>iniurios</span> <span class='ocrx_word' id='word_1_208' title='bbox 525 2517 589 2558; x_wconf 90' lang='lat' dir='ltr'>esse</span> <span class='ocrx_word' id='word_1_209' title='bbox 609 2499 728 2572; x_wconf 88' lang='lat' dir='ltr'>Spiritui</span> <span class='ocrx_word' id='word_1_210' title='bbox 749 2498 860 2557; x_wconf 75' lang='lat' dir='ltr'>Sandlo</span> <span class='ocrx_word' id='word_1_211' title='bbox 879 2515 931 2556; x_wconf 92' lang='lat' dir='ltr'>eos</span> <span class='ocrx_word' id='word_1_212' title='bbox 953 2497 1003 2569; x_wconf 86' lang='lat' dir='ltr'>qui</span> <span class='ocrx_word' id='word_1_213' title='bbox 1027 2515 1110 2555; x_wconf 91' lang='lat' dir='ltr'>sacro</span> 
     </span>
     <span class='ocr_line' id='line_1_27' title="bbox 31 2577 990 2657; baseline 0.007 -24"><span class='ocrx_word' id='word_1_214' title='bbox 31 2577 260 2643; x_wconf 84' lang='lat' dir='ltr'>Confirmationis</span> <span class='ocrx_word' id='word_1_215' title='bbox 274 2585 432 2644; x_wconf 88' lang='lat' dir='ltr'>Chrismati</span> <span class='ocrx_word' id='word_1_216' title='bbox 445 2586 582 2644; x_wconf 87' lang='lat' dir='ltr'>virtutem</span> <span class='ocrx_word' id='word_1_217' title='bbox 597 2586 727 2657; x_wconf 87' lang='lat' dir='ltr'>aliquam</span> <span class='ocrx_word' id='word_1_218' title='bbox 741 2586 894 2656; x_wconf 88' lang='lat' dir='ltr'>tribuunt;</span> <span class='ocrx_word' id='word_1_219' title='bbox 912 2585 947 2640; x_wconf 82' lang='lat' dir='ltr'>A.</span> <span class='ocrx_word' id='word_1_220' title='bbox 962 2585 990 2641; x_wconf 91' lang='lat' dir='ltr'>S.</span> 
     </span>
     <span class='ocr_line' id='line_1_28' title="bbox 59 2669 1109 2742; baseline 0 -14"><span class='ocrx_word' id='word_1_221' title='bbox 59 2679 79 2728; x_wconf 64' lang='lat' dir='ltr'>a</span> <span class='ocrx_word' id='word_1_222' title='bbox 115 2669 222 2742; x_wconf 88' lang='lat' dir='ltr'>Siquis</span> <span class='ocrx_word' id='word_1_223' title='bbox 236 2670 352 2742; x_wconf 86' lang='lat' dir='ltr'>dixerit,</span> <span class='ocrx_word' id='word_1_224' title='bbox 366 2673 734 2732; x_wconf 78' lang='lat' dir='ltr'>sandiaeConlirmationis</span> <span class='ocrx_word' id='word_1_225' title='bbox 748 2672 929 2731; x_wconf 90' lang='lat' dir='ltr'>ordinarium</span> <span class='ocrx_word' id='word_1_226' title='bbox 944 2671 1109 2729; x_wconf 90' lang='lat' dir='ltr'>ministrum</span> 
     </span>
    </p>
   </div>
   <div class='ocr_carea' id='block_1_8' title="bbox 30 2758 1110 2896">
    <p class='ocr_par' dir='ltr' id='par_1_9' title="bbox 30 2758 1110 2896">
     <span class='ocr_line' id='line_1_29' title="bbox 30 2758 1110 2890; baseline 0.006 -82"><span class='ocrx_word' id='word_1_227' title='bbox 30 2767 82 2890; x_wconf 44' lang='lat' dir='ltr'>uon</span> <span class='ocrx_word' id='word_1_228' title='bbox 94 2773 154 2815; x_wconf 89' lang='lat' dir='ltr'>esse</span> <span class='ocrx_word' id='word_1_229' title='bbox 173 2758 270 2815; x_wconf 91' lang='lat' dir='ltr'>solum</span> <span class='ocrx_word' id='word_1_230' title='bbox 285 2760 480 2834; x_wconf 88' lang='lat' dir='ltr'>Episcopum,</span> <span class='ocrx_word' id='word_1_231' title='bbox 495 2761 548 2818; x_wconf 90' lang='lat' dir='ltr'>sed</span> <span class='ocrx_word' id='word_1_232' title='bbox 568 2761 703 2832; x_wconf 87' lang='lat' dir='ltr'>quemvis</span> <span class='ocrx_word' id='word_1_233' title='bbox 722 2759 888 2832; x_wconf 90' lang='lat' dir='ltr'>simplicem</span> <span class='ocrx_word' id='word_1_234' title='bbox 907 2759 1110 2826; x_wconf 89' lang='lat' dir='ltr'>sacerdotem;</span> 
     </span>
     <span class='ocr_line' id='line_1_30' title="bbox 32 2840 98 2896; baseline 0 0"><span class='ocrx_word' id='word_1_235' title='bbox 32 2877 38 2890; x_wconf 78' lang='lat'>.</span> <span class='ocrx_word' id='word_1_236' title='bbox 56 2840 98 2896; x_wconf 89' lang='lat' dir='ltr'>.S.</span> 
     </span>
    </p>
   </div>
   <div class='ocr_carea' id='block_1_9' title="bbox 222 2983 906 3064">
    <p class='ocr_par' dir='ltr' id='par_1_10' title="bbox 222 2983 906 3064">
     <span class='ocr_line' id='line_1_31' title="bbox 222 2983 906 3064; baseline -0.003 -16"><span class='ocrx_word' id='word_1_237' title='bbox 222 2983 422 3064; x_wconf 80' lang='lat' dir='ltr'>OsJacruu</span> <span class='ocrx_word' id='word_1_238' title='bbox 449 3001 495 3048; x_wconf 80' lang='lat' dir='ltr'>ar</span> <span class='ocrx_word' id='word_1_239' title='bbox 520 2999 657 3048; x_wconf 84' lang='lat' dir='ltr'>mvrsro</span> <span class='ocrx_word' id='word_1_240' title='bbox 681 2997 906 3047; x_wconf 71' lang='lat' dir='ltr'>rrsxcrxrus.</span> 
     </span>
    </p>
   </div>
   <div class='ocr_carea' id='block_1_10' title="bbox 34 3117 1112 4323">
    <p class='ocr_par' dir='ltr' id='par_1_11' title="bbox 34 3117 1112 4323">
     <span class='ocr_line' id='line_1_32' title="bbox 69 3117 1108 3202; baseline 0 -20"><span class='ocrx_word' id='word_1_241' title='bbox 69 3134 91 3183; x_wconf 91' lang='lat'>1.</span> <span class='ocrx_word' id='word_1_242' title='bbox 136 3117 216 3182; x_wconf 92' lang='lat' dir='ltr'>Vita</span> <span class='ocrx_word' id='word_1_243' title='bbox 241 3121 430 3202; x_wconf 88' lang='lat' dir='ltr'>spiritualis,</span> <span class='ocrx_word' id='word_1_244' title='bbox 458 3123 489 3182; x_wconf 91' lang='lat' dir='ltr'>in</span> <span class='ocrx_word' id='word_1_245' title='bbox 520 3121 693 3202; x_wconf 91' lang='lat' dir='ltr'>Baptismo</span> <span class='ocrx_word' id='word_1_246' title='bbox 722 3119 885 3194; x_wconf 88' lang='lat' dir='ltr'>inchoata,</span> <span class='ocrx_word' id='word_1_247' title='bbox 909 3129 1049 3201; x_wconf 83' lang='lat' dir='ltr'>augetur</span> <span class='ocrx_word' id='word_1_248' title='bbox 1076 3121 1108 3182; x_wconf 93' lang='lat' dir='ltr'>in</span> 
     </span>
     <span class='ocr_line' id='line_1_33' title="bbox 36 3213 1109 3306; baseline 0.005 -27"><span class='ocrx_word' id='word_1_249' title='bbox 36 3213 284 3300; x_wconf 73' lang='lat' dir='ltr'>Corfirmatiom&#39;s</span> <span class='ocrx_word' id='word_1_250' title='bbox 303 3235 521 3297; x_wconf 88' lang='lat' dir='ltr'>sacramento,</span> <span class='ocrx_word' id='word_1_251' title='bbox 538 3225 627 3306; x_wconf 92' lang='lat' dir='ltr'>quod</span> <span class='ocrx_word' id='word_1_252' title='bbox 652 3222 831 3284; x_wconf 88' lang='lat' dir='ltr'>definitur:</span> <span class='ocrx_word' id='word_1_253' title='bbox 862 3221 1109 3284; x_wconf 82' lang='lat' dir='ltr'>Sacramentum</span> 
     </span>
     <span class='ocr_line' id='line_1_34' title="bbox 34 3316 1109 3408; baseline 0.001 -24"><span class='ocrx_word' id='word_1_254' title='bbox 34 3316 68 3379; x_wconf 78' lang='grc' dir='ltr'>Ν.</span> <span class='ocrx_word' id='word_1_255' title='bbox 79 3321 178 3406; x_wconf 79' lang='lat' dir='ltr'>Legis,</span> <span class='ocrx_word' id='word_1_256' title='bbox 188 3348 249 3408; x_wconf 87' lang='lat' dir='ltr'>quo</span> <span class='ocrx_word' id='word_1_257' title='bbox 264 3327 445 3408; x_wconf 55' lang='lat' dir='ltr'>baptistatus</span> <span class='ocrx_word' id='word_1_258' title='bbox 461 3328 495 3388; x_wconf 84' lang='lat' dir='ltr'>in</span> <span class='ocrx_word' id='word_1_259' title='bbox 506 3325 623 3407; x_wconf 75' lang='lat' dir='ltr'>gratid</span> <span class='ocrx_word' id='word_1_260' title='bbox 636 3326 807 3388; x_wconf 81' lang='lat' dir='ltr'>roboratur</span> <span class='ocrx_word' id='word_1_261' title='bbox 815 3334 846 3386; x_wconf 82' lang='lat' dir='ltr'>et</span> <span class='ocrx_word' id='word_1_262' title='bbox 860 3334 898 3385; x_wconf 85' lang='lat' dir='ltr'>ut</span> <span class='ocrx_word' id='word_1_263' title='bbox 912 3325 1003 3387; x_wconf 78' lang='lat' dir='ltr'>miles</span> <span class='ocrx_word' id='word_1_264' title='bbox 1017 3323 1046 3387; x_wconf 86' lang='lat' dir='ltr'><em>C</em></span> <span class='ocrx_word' id='word_1_265' title='bbox 1043 3325 1109 3386; x_wconf 79' lang='lat' dir='ltr'>leri-</span> 
     </span>
     <span class='ocr_line' id='line_1_35' title="bbox 35 3422 1109 3510; baseline 0.011 -33"><span class='ocrx_word' id='word_1_266' title='bbox 35 3422 230 3505; x_wconf 60' lang='lat' dir='ltr'>resignatur,</span> <span class='ocrx_word' id='word_1_267' title='bbox 278 3429 487 3492; x_wconf 93' lang='lat' dir='ltr'>Vocabulum</span> <span class='ocrx_word' id='word_1_268' title='bbox 504 3435 520 3460; x_wconf 83' lang='lat'>‘¹</span> <span class='ocrx_word' id='word_1_269' title='bbox 531 3429 714 3510; x_wconf 74' lang='lat' dir='ltr'>baptizatus</span> <span class='ocrx_word' id='word_1_270' title='bbox 724 3427 739 3454; x_wconf 77' lang='lat'>&#39;⁹</span> <span class='ocrx_word' id='word_1_271' title='bbox 756 3425 921 3508; x_wconf 85' lang='lat' dir='ltr'>significat</span> <span class='ocrx_word' id='word_1_272' title='bbox 936 3427 1109 3507; x_wconf 76' lang='lat' dir='ltr'>suin‘lium</span> 
     </span>
     <span class='ocr_line' id='line_1_36' title="bbox 36 3519 1110 3610; baseline 0.001 -20"><span class='ocrx_word' id='word_1_273' title='bbox 36 3519 118 3603; x_wconf 81' lang='lat' dir='ltr'>hujus</span> <span class='ocrx_word' id='word_1_274' title='bbox 133 3535 328 3594; x_wconf 89' lang='lat' dir='ltr'>sacramenti</span> <span class='ocrx_word' id='word_1_275' title='bbox 352 3553 424 3595; x_wconf 88' lang='lat' dir='ltr'>esse</span> <span class='ocrx_word' id='word_1_276' title='bbox 447 3551 563 3594; x_wconf 87' lang='lat' dir='ltr'>ornnes</span> <span class='ocrx_word' id='word_1_277' title='bbox 587 3541 621 3594; x_wconf 92' lang='lat' dir='ltr'>et</span> <span class='ocrx_word' id='word_1_278' title='bbox 645 3531 733 3593; x_wconf 90' lang='lat' dir='ltr'>solos</span> <span class='ocrx_word' id='word_1_279' title='bbox 756 3528 964 3610; x_wconf 89' lang='lat' dir='ltr'>baptizatos;</span> <span class='ocrx_word' id='word_1_280' title='bbox 992 3530 1110 3591; x_wconf 90' lang='lat' dir='ltr'>ultima</span> 
     </span>
     <span class='ocr_line' id='line_1_37' title="bbox 36 3626 1109 3716; baseline 0.003 -27"><span class='ocrx_word' id='word_1_281' title='bbox 36 3629 120 3691; x_wconf 84' lang='lat' dir='ltr'>verba</span> <span class='ocrx_word' id='word_1_282' title='bbox 134 3633 299 3715; x_wconf 88' lang='lat' dir='ltr'>duplicem</span> <span class='ocrx_word' id='word_1_283' title='bbox 317 3635 387 3715; x_wconf 90' lang='lat' dir='ltr'>ejus</span> <span class='ocrx_word' id='word_1_284' title='bbox 400 3633 544 3716; x_wconf 62' lang='lat' dir='ltr'>essedum</span> <span class='ocrx_word' id='word_1_285' title='bbox 557 3633 737 3708; x_wconf 89' lang='lat' dir='ltr'>declarant,</span> <span class='ocrx_word' id='word_1_286' title='bbox 747 3653 789 3693; x_wconf 90' lang='lat' dir='ltr'>sc.</span> <span class='ocrx_word' id='word_1_287' title='bbox 798 3626 946 3712; x_wconf 70' lang='lat' dir='ltr'>gratiam</span> <span class='ocrx_word' id='word_1_288' title='bbox 959 3631 1109 3693; x_wconf 83' lang='lat' dir='ltr'>roboran-</span> 
     </span>
     <span class='ocr_line' id='line_1_38' title="bbox 38 3729 1107 3818; baseline 0.012 -34"><span class='ocrx_word' id='word_1_289' title='bbox 38 3735 167 3814; x_wconf 69' lang='lat' dir='ltr'>temqna</span> <span class='ocrx_word' id='word_1_290' title='bbox 180 3737 314 3818; x_wconf 85' lang='lat' dir='ltr'>juvatur</span> <span class='ocrx_word' id='word_1_291' title='bbox 326 3729 512 3818; x_wconf 75' lang='lat' dir='ltr'>s&#39;ubjedtum</span> <span class='ocrx_word' id='word_1_292' title='bbox 531 3738 572 3799; x_wconf 93' lang='lat' dir='ltr'>ad</span> <span class='ocrx_word' id='word_1_293' title='bbox 590 3735 727 3798; x_wconf 88' lang='lat' dir='ltr'>firmiter</span> <span class='ocrx_word' id='word_1_294' title='bbox 739 3736 940 3796; x_wconf 89' lang='lat' dir='ltr'>credendum</span> <span class='ocrx_word' id='word_1_295' title='bbox 959 3745 991 3796; x_wconf 91' lang='lat' dir='ltr'>et</span> <span class='ocrx_word' id='word_1_296' title='bbox 1009 3731 1107 3797; x_wconf 81' lang='lat' dir='ltr'>fidem</span> 
     </span>
     <span class='ocr_line' id='line_1_39' title="bbox 38 3835 1108 3920; baseline 0.007 -30"><span class='ocrx_word' id='word_1_297' title='bbox 38 3839 151 3898; x_wconf 84' lang='lat' dir='ltr'>strenue</span> <span class='ocrx_word' id='word_1_298' title='bbox 166 3838 399 3920; x_wconf 88' lang='lat' dir='ltr'>profitendum,</span> <span class='ocrx_word' id='word_1_299' title='bbox 410 3850 443 3902; x_wconf 91' lang='lat' dir='ltr'>et</span> <span class='ocrx_word' id='word_1_300' title='bbox 455 3839 666 3901; x_wconf 72' lang='lat' dir='ltr'>charallerem</span> <span class='ocrx_word' id='word_1_301' title='bbox 679 3859 746 3918; x_wconf 91' lang='lat' dir='ltr'>quo</span> <span class='ocrx_word' id='word_1_302' title='bbox 763 3837 857 3898; x_wconf 89' lang='lat' dir='ltr'>miles</span> <span class='ocrx_word' id='word_1_303' title='bbox 870 3835 992 3898; x_wconf 91' lang='lat' dir='ltr'>Christi</span> <span class='ocrx_word' id='word_1_304' title='bbox 1009 3835 1108 3898; x_wconf 87' lang='lat' dir='ltr'>cffici-</span> 
     </span>
     <span class='ocr_line' id='line_1_40' title="bbox 38 3938 1112 4026; baseline 0.011 -37"><span class='ocrx_word' id='word_1_305' title='bbox 38 3939 87 3996; x_wconf 90' lang='lat' dir='ltr'>tur.</span> <span class='ocrx_word' id='word_1_306' title='bbox 129 3939 341 4004; x_wconf 88' lang='lat' dir='ltr'>Abstinemus</span> <span class='ocrx_word' id='word_1_307' title='bbox 357 3943 389 4004; x_wconf 94' lang='lat' dir='ltr'>in</span> <span class='ocrx_word' id='word_1_308' title='bbox 407 3943 478 4023; x_wconf 73' lang='lat' dir='ltr'>ipsa</span> <span class='ocrx_word' id='word_1_309' title='bbox 494 3940 689 4004; x_wconf 83' lang='lat' dir='ltr'>definitione</span> <span class='ocrx_word' id='word_1_310' title='bbox 705 3963 724 4001; x_wconf 89' lang='lat' dir='ltr'>a</span> <span class='ocrx_word' id='word_1_311' title='bbox 741 3938 909 4001; x_wconf 86' lang='lat' dir='ltr'>vocabulis</span> <span class='ocrx_word' id='word_1_312' title='bbox 934 3939 1112 4026; x_wconf 36' lang='lat' dir='ltr'>materiam·</span> 
     </span>
     <span class='ocr_line' id='line_1_41' title="bbox 38 4037 1108 4126; baseline 0.003 -25"><span class='ocrx_word' id='word_1_313' title='bbox 38 4043 64 4094; x_wconf 89' lang='lat' dir='ltr'>et</span> <span class='ocrx_word' id='word_1_314' title='bbox 84 4037 215 4106; x_wconf 78' lang='lat' dir='ltr'>sormam</span> <span class='ocrx_word' id='word_1_315' title='bbox 232 4045 493 4126; x_wconf 83' lang='lat' dir='ltr'>designantibus,</span> <span class='ocrx_word' id='word_1_316' title='bbox 510 4054 645 4126; x_wconf 89' lang='lat' dir='ltr'>propter</span> <span class='ocrx_word' id='word_1_317' title='bbox 660 4042 901 4105; x_wconf 88' lang='lat' dir='ltr'>controversias</span> <span class='ocrx_word' id='word_1_318' title='bbox 924 4039 987 4103; x_wconf 76' lang='lat' dir='ltr'>hac</span> <span class='ocrx_word' id='word_1_319' title='bbox 1010 4043 1051 4103; x_wconf 91' lang='lat' dir='ltr'>de</span> <span class='ocrx_word' id='word_1_320' title='bbox 1076 4064 1108 4104; x_wconf 90' lang='lat' dir='ltr'>re</span> 
     </span>
     <span class='ocr_line' id='line_1_42' title="bbox 39 4141 1108 4228; baseline 0.007 -30"><span class='ocrx_word' id='word_1_321' title='bbox 39 4141 208 4208; x_wconf 83' lang='lat' dir='ltr'>existentes.</span> <span class='ocrx_word' id='word_1_322' title='bbox 255 4145 508 4210; x_wconf 88' lang='lat' dir='ltr'>Sacramentum</span> <span class='ocrx_word' id='word_1_323' title='bbox 527 4147 605 4209; x_wconf 92' lang='lat' dir='ltr'>illud</span> <span class='ocrx_word' id='word_1_324' title='bbox 620 4145 711 4208; x_wconf 89' lang='lat' dir='ltr'>varia</span> <span class='ocrx_word' id='word_1_325' title='bbox 722 4145 940 4228; x_wconf 26' lang='lat' dir='ltr'>sortitumlest</span> <span class='ocrx_word' id='word_1_326' title='bbox 953 4145 1108 4206; x_wconf 89' lang='lat' dir='ltr'>nomina:</span> 
     </span>
     <span class='ocr_line' id='line_1_43' title="bbox 40 4247 1109 4323; baseline 0.002 -17"><span class='ocrx_word' id='word_1_327' title='bbox 40 4251 191 4312; x_wconf 76' lang='lat' dir='ltr'>amarent</span> <span class='ocrx_word' id='word_1_328' title='bbox 211 4253 337 4314; x_wconf 78' lang='lat' dir='ltr'>remota</span> <span class='ocrx_word' id='word_1_329' title='bbox 353 4247 480 4312; x_wconf 74' lang='lat' dir='ltr'>dietum</span> <span class='ocrx_word' id='word_1_330' title='bbox 497 4259 547 4310; x_wconf 90' lang='lat' dir='ltr'>cst</span> <span class='ocrx_word' id='word_1_331' title='bbox 567 4248 726 4323; x_wconf 71' lang='lat' dir='ltr'>Christian,</span> <span class='ocrx_word' id='word_1_332' title='bbox 743 4248 793 4310; x_wconf 91' lang='lat' dir='ltr'>vel</span> <span class='ocrx_word' id='word_1_333' title='bbox 814 4247 957 4309; x_wconf 91' lang='lat' dir='ltr'>chrisma</span> <span class='ocrx_word' id='word_1_334' title='bbox 972 4247 1087 4308; x_wconf 89' lang='lat' dir='ltr'>salutis</span> <span class='ocrx_word' id='word_1_335' title='bbox 1102 4269 1109 4322; x_wconf 90' lang='grc'><strong>;</strong></span> 
     </span>
    </p>
   </div>
   <div class='ocr_carea' id='block_1_11' title="bbox 111 4381 366 4430">
    <p class='ocr_par' dir='ltr' id='par_1_12' title="bbox 111 4381 366 4430">
     <span class='ocr_line' id='line_1_44' title="bbox 111 4381 366 4430; baseline -0.008 -2"><span class='ocrx_word' id='word_1_336' title='bbox 111 4383 228 4430; x_wconf 80' lang='lat' dir='ltr'>Sxxorsrs</span> <span class='ocrx_word' id='word_1_337' title='bbox 241 4381 286 4429; x_wconf 91' lang='lat'>111.</span> <span class='ocrx_word' id='word_1_338' title='bbox 299 4407 325 4418; x_wconf 89' lang='lat'>-</span> <span class='ocrx_word' id='word_1_339' title='bbox 340 4384 366 4427; x_wconf 76' lang='grc' dir='ltr'>ιε</span> 
     </span>
    </p>
   </div>
   <div class='ocr_carea' id='block_1_12' title="bbox 0 0 1381 4646">
    <p class='ocr_par' dir='ltr' id='par_1_13' title="bbox 0 0 1381 4646">
     <span class='ocr_line' id='line_1_45' title="bbox 0 0 1381 4646; baseline 0 0"><span class='ocrx_word' id='word_1_340' title='bbox 0 0 1381 4646; x_wconf 95' lang='lat' dir='ltr'> </span> 
     </span>
    </p>
   </div>
  </div>
 </body>
</html>
