2780 4646
253 151 295 202 re
615 157 617 160 ·
702 157 846 209 canu-r
863 157 888 206 1.

254 329 305 390 Ps.
322 330 372 408 78,
388 327 458 393 haec
482 331 582 394 verba
605 333 786 415 explicans,
801 338 818 368 “
832 333 969 415 AdJuva
991 354 1062 412 nos,
1079 337 1172 399 Deus
1195 333 1334 397 salutaris
1375 317 1376 368 3

253 440 365 494 noster
377 434 401 508 ’',
415 434 480 496 ait:
508 439 525 466 “
539 435 623 498 Cum
640 436 790 516 adjuvari
804 457 865 500 nos
875 436 955 512 vult,
968 457 1028 500 nec
1042 439 1193 520 ingratus
1208 446 1258 500 est
1273 457 1334 518 gra·

252 532 316 610 tiae,
340 553 400 597 nec
436 536 522 600 tollit
556 537 695 601 liberum
728 539 910 602 arbitrium.
958 538 1024 621 Qui
1048 541 1137 604 enim
1162 539 1334 620 adjuvatur,

251 637 352 701 etiam
377 659 435 720 per
458 641 602 722 seipsum
628 641 753 722 aliquid
773 643 842 725 agit
854 644 878 707 ”.
925 644 970 707 Et
995 643 1073 706 alibi
1098 643 1219 724 (Epist.
1244 659 1279 705 21
1287 645 1334 722 sl:

252 743 267 770 “
279 738 451 821 Quantum
463 745 633 825 potuimus
643 746 773 826 egimus
786 764 862 808 cum
879 746 950 812 istis
960 745 1080 809 vestris
1095 753 1129 808 et
1146 745 1266 808 nostris
1283 744 1334 806 lra-

251 842 364 919 tribus,
380 854 415 908 ut
440 846 471 908 in
496 845 561 909 fide
584 850 665 910 sana
682 847 854 912 Catholica
871 857 1127 930 perseverarent,
1142 868 1218 930 quae
1239 866 1334 927 neque

252 943 389 1008 liberum
412 948 583 1012 arbitrium
604 959 714 1032 negat,
730 951 799 1012 sive
816 951 849 1013 in
870 952 974 1014 vitam
991 950 1124 1026 malam,
1141 952 1212 1013 sive
1231 951 1263 1012 in
1286 951 1333 1012 bo·

251 1067 328 1112 nam
342 1073 348 1114 :
372 1069 479 1132 neque
491 1062 622 1116 tantum
636 1055 665 1116 ei
679 1054 803 1128 tribuit,
813 1063 850 1115 ut
862 1053 933 1116 sine
943 1054 1050 1135 gratia
1061 1053 1171 1116 valeat
1183 1053 1303 1134 aliquid
1315 1053 1334 1114 ”.

252 1151 393 1215 Proinde
409 1156 435 1217 si
448 1175 523 1236 quae
539 1157 605 1219 sint
617 1156 719 1218 dubia
730 1155 803 1218 loca
816 1156 848 1217 in
861 1155 933 1235 ejus
944 1155 1084 1237 scriptis,
1096 1175 1140 1217 ex
1154 1155 1333 1218 clarioribus

250 1252 466 1337 intelligenda
481 1269 567 1322 sunt.

290 1370 340 1438 97.
379 1353 443 1444 (C)
458 1359 534 1422 Καί.
551 1361 640 1423 theol.
674 1361 725 1442 (a)
740 1360 794 1423 Ad
806 1360 1004 1442 sapientiam
1020 1359 1083 1422 Dei
1100 1361 1245 1441 pertinet
1256 1360 1334 1422 entia

249 1477 381 1522 movere
398 1461 429 1522 in
441 1463 557 1525 ordine
572 1464 641 1526 sive
656 1462 798 1526 naturali
815 1463 884 1524 siue
899 1461 1150 1544 supernaturali,
1163 1463 1332 1525 secundum

249 1561 509 1645 uniuscujusque
536 1575 706 1643 naturam3
741 1565 833 1647 atqui
859 1574 977 1628 natura
1000 1563 1145 1628 hominis
1169 1575 1221 1629 est
1244 1565 1333 1627 libere

248 1683 354 1744 agere,
378 1687 422 1728 ex
447 1665 544 1730 dietis
569 1668 601 1730 in
620 1668 850 1750 Philosophi&
883 1687 963 1749 ergo
988 1667 1089 1742 DeuS,
1110 1688 1169 1749 per
1193 1669 1333 1750 gratiam,

248 1764 400 1831 homines
417 1769 518 1832 libere
532 1790 664 1834 movere
676 1771 804 1834 debct1.
842 1765 896 1854 (b)
910 1771 1050 1851 Insuper
1062 1771 1170 1852 gratia
1183 1781 1333 1840 naturam,

249 1870 371 1932 nedum
388 1871 546 1949 destruat,
570 1895 588 1937 e
611 1883 727 1936 contra
750 1871 887 1955 perficit,
909 1872 1070 1953 nobisque
1091 1875 1286 1936 conceditur
1305 1883 1334 1934 ut
1376 1903 1377 1926 1

248 1977 498 2052 supernaturale
520 1979 694 2058 praemium
719 1977 836 2039 mereri
853 1975 1039 2052 valeamus;
1073 1977 1164 2057 atqui
1189 1977 1215 2039 si
1239 1977 1333 2058 gratia
1376 1977 1377 2028 ἓ

248 2072 434 2140 libertatem
452 2078 592 2152 tolleret,
610 2079 795 2142 naturalem
819 2077 964 2140 hominis
989 2076 1181 2140 facultatem
1198 2080 1333 2142 destrue·
1376 2063 1377 2106 ³

248 2186 305 2254 ret,
322 2182 535 2263 merendique
557 2191 756 2263 potestatem
774 2181 904 2245 tolleret
922 2202 929 2244 ε
961 2181 1017 2244 ubi
1034 2182 1121 2244 enim
1139 2184 1233 2246 deest
1250 2183 1332 2245 liber·

247 2290 307 2358 tas,
320 2283 363 2346 ibi
382 2286 535 2350 meritum
552 2286 603 2350 vel
620 2287 818 2350 demeritum
835 2304 906 2348 esse
919 2285 1050 2366 nequit;
1072 2287 1243 2365 quomodo
1256 2286 1332 2348 enim

247 2387 445 2450 remunerari
461 2389 511 2450 vel
530 2389 637 2470 puniri
654 2398 766 2470 potest
781 2389 838 2470 qui
855 2409 919 2450 non
938 2388 1047 2470 potuit
1060 2407 1125 2450 non
1138 2388 1245 2452 iacere
1256 2386 1332 2469 quod

246 2483 344 2549 fecit?

280 2627 321 2690 9⁸.
362 2643 391 2683 20
400 2629 563 2687 Solvuntur
569 2632 654 2704 diffie.
687 2635 735 2703 (A)
748 2633 791 2690 Ex
803 2632 953 2704 Scriptura
963 2631 1054 2689 homo
1068 2649 1121 2703 per
1131 2643 1287 2704 peccatum
1296 2641 1332 2689 est

246 2711 436 2782 spiritualiter
449 2728 599 2788 mortuus;
625 2721 707 2792 atqui
728 2730 861 2777 mortuus
876 2717 1053 2775 nullomodo
1071 2720 1224 2790 cooperari
1245 2727 1332 2792 potest
1377 2745 1378 2770 r

245 2799 373 2870 propriae
386 2803 450 2874 ejus
464 2805 686 2876 resurredtioni3
700 2823 797 2876 ergon.

283 2885 365 2958 Resp.
407 2889 563 2962 Dr'sn'nguo
582 2893 719 2964 nrajorem
730 2915 741 2948 .·
769 2892 860 2950 homo
874 2908 926 2964 per
943 2901 1099 2962 peccatum
1107 2891 1281 2964 partialiter
1296 2903 1332 2949 est

246 2983 388 3044 mortuus,
398 2979 534 3036 concedo
542 2999 549 3049 ;
569 2980 703 3049 totaliter,
718 2997 795 3051 nego
803 2999 812 3051 ;
831 2997 899 3036 nam
913 2978 1002 3036 etiam
1014 2981 1042 3034 in
1054 2977 1173 3036 homine
1187 2991 1331 3051 peccatore

245 3071 376 3118 remanet
390 3063 448 3120 vita
462 3082 521 3121 non
535 3065 632 3122 solum
647 3066 813 3136 materialis
830 3065 983 3123 sedetiam
997 3063 1162 3130 rationalis;
1182 3066 1279 3123 imoin
1290 3065 1331 3121 illo

244 3145 295 3214 qui
307 3145 397 3204 tidem
411 3167 471 3206 non
485 3151 592 3216 amisit,
604 3162 736 3210 remanet
752 3153 868 3209 initium
877 3152 944 3208 vitre
952 3150 1189 3222 supernaturalis,
1203 3151 1331 3215 solides

242 3229 374 3300 jamvero
388 3235 514 3293 latemur
526 3238 648 3309 quidem
663 3239 815 3297 hominem
837 3238 866 3294 in
880 3247 957 3295 statu
971 3235 1085 3308 peccati
1106 3237 1220 3294 nullum
1240 3239 1330 3296 atium

244 3323 495 3390 supernaturalem
516 3323 610 3382 lacere
623 3343 712 3396 posse
725 3326 798 3396 quin
812 3324 892 3398 prius
906 3341 922 3380 a
935 3323 1027 3394 gratia
1039 3322 1190 3391 excitetur,
1200 3327 1269 3395 quia
1282 3323 1330 3380 viti

243 3404 384 3474 spirituali
399 3408 504 3466 saltem
518 3411 648 3481 perseus
663 3413 807 3483 privatur;
827 3411 878 3468 sed
895 3409 1017 3481 quando
1026 3409 1087 3478 iam
1100 3425 1117 3466 a
1130 3410 1224 3480 gratia
1231 3408 1329 3468 actuali

244 3493 421 3560 praevenitur
449 3504 478 3553 et
506 3508 649 3564 movetur,
671 3497 861 3554 facultatibus
888 3495 1072 3553 naturalibus
1092 3495 1132 3551 uti
1159 3506 1266 3568 potest,
1287 3503 1329 3552 aut

243 3575 348 3638 virtute
367 3579 447 3648 fidei,
462 3584 485 3640 si
501 3583 529 3640 in
545 3583 609 3655 ipso
623 3595 751 3650 maneat,
765 3585 802 3642 ad
817 3584 964 3642 elicienda
977 3598 1068 3653 opera
1077 3585 1286 3654 praeparatoria
1297 3579 1329 3638 ad

291 3715 444 3724 -----.-.

279 3793 286 3824 ¹
299 3789 380 3856 Quod
393 3789 433 3844 sic
446 3791 559 3860 egregie
572 3791 685 3862 exponit
696 3793 851 3860 Angelum
865 3794 968 3846 Hortor
979 3793 1015 3860 (1.
1029 3811 1056 3863 q.
1075 3807 1115 3862 19,
1128 3810 1153 3846 a.
1169 3793 1197 3858 8)
1215 3812 1222 3848 :
1240 3793 1329 3846 “Cum

243 3871 326 3940 igitur
339 3877 466 3930 voluntas
482 3879 535 3932 Dei
550 3879 585 3932 sit
595 3879 801 3941 efficacissima,
817 3895 873 3932 non
886 3879 978 3933 solum
992 3879 1117 3949 sequitur
1128 3879 1205 3950 quod
1225 3881 1328 3936 tiantee

243 3975 306 4028 qua·
323 3961 398 4016 Deus
417 3964 474 4018 vult
497 3964 564 4028 sieri,
580 3965 629 4019 sed
649 3965 724 4035 quod
745 3982 779 4018 eo
798 3965 883 4020 modo
902 3966 970 4020 fiant
989 3982 1045 4034 quo
1059 3967 1137 4019 Deus
1149 3981 1184 4020 ea
1197 3965 1254 4020 fieri
1267 3963 1326 4018 vult

243 4045 309 4100 Vult
323 4059 415 4102 autern
429 4051 559 4118 quaedam
574 4051 630 4106 fieri
645 4050 811 4114 necessario,
821 4052 952 4121 quaedam
965 4053 1167 4120 contingenter,
1178 4063 1208 4106 ut
1222 4053 1255 4106 sit
1267 4049 1328 4104 ordo

244 4131 270 4184 ia
286 4133 375 4194 rebus,
389 4133 424 4186 acl
439 4136 676 4202 complementum
690 4139 810 4193 universi
821 4141 842 4194 '’.
882 4143 986 4194 Totum
999 4141 1061 4208 lege
1073 4139 1230 4198 articulum.

430 4237 457 4282 a,
469 4223 634 4288 Systenratic
647 4225 784 4294 tlreology,
801 4227 839 4292 ll,
852 4227 976 4294 691-692.
