2738 4646
247 155 316 206 26⁴
672 153 898 204 ‚CAPUTIY

287 333 336 415 (c)
353 333 507 396 Tandem
529 335 556 396 si
579 336 775 415 martyrium
793 344 949 415 operatur
963 334 1071 396 solum
1088 355 1132 397 ex
1151 355 1254 416 opere
1271 355 1348 415 ope-

245 438 358 512 rantis,
381 458 460 500 suos
483 435 621 502 effeetus
646 439 801 519 producit
824 438 1036 500 solummodo
1059 438 1092 498 vi
1115 439 1268 500 caritatis
1293 448 1347 499 aut

244 541 454 603 contritionis
471 537 636 621 persedtae,
653 550 686 602 et
703 541 729 602 si
748 561 798 603 res
815 541 862 604 ita
877 561 914 603 se
929 540 1059 612 habeat,
1076 539 1169 601 nulla
1193 541 1280 602 ratio
1303 539 1355 618 rel

246 653 359 705 manet
375 663 434 705 cur
446 644 638 725 Baptismus
655 644 827 725 sanguinis
843 665 863 706 a
880 643 1023 706 flaminis
1038 642 1213 724 Baptismo
1229 644 1355 734 distin-l

244 757 373 828 guatur.
1354 737 1355 826 l

438 881 523 957 Art.
546 879 599 956 ΙΙ.
622 879 684 956 De
706 880 904 980 baptismo
925 879 1154 957 infantium.

508 1033 536 1088 1.
556 1031 611 1090 De
628 1031 843 1091 infantibus
863 1034 902 1090 in
924 1045 1056 1104 genere
1066 1037 1086 1089 ¹.

287 1173 337 1240 45.
387 1173 419 1222 10
432 1159 571 1222 Errorcs
583 1181 595 1220 .·
618 1157 676 1238 (Α)
691 1158 814 1220 Errant
827 1159 990 1240 imprimis
1001 1158 1167 1238 Baptista,
1179 1161 1236 1239 qui
1259 1143 1340 1222 11ῐαῖ-

244 1265 390 1327 densium
414 1272 448 1325 et
471 1259 769 1340 Anabaptistarum
793 1261 940 1342 vestigiis
962 1261 1171 1335 inhaerentes,
1190 1263 1340 1326 absolute

245 1376 369 1448 negant
384 1365 592 1446 Baptismum
611 1382 787 1444 puerorum
803 1364 951 1428 validum
969 1384 1049 1440 esse,
1063 1364 1205 1446 ideoque
1223 1368 1338 1428 iterum

245 1468 416 1550 baptizant
433 1467 563 1546 eosqui
581 1465 613 1526 in
631 1465 771 1527 infantia
789 1467 948 1547 baptizati
970 1477 1056 1542 sunt,
1072 1467 1099 1528 si
1117 1476 1230 1531 tamen
1248 1457 1355 1549 signal

245 1569 321 1633 fidei
335 1569 523 1633 ostendant
560 1567 687 1630 Dicunt
701 1569 864 1648 siquidem
879 1569 1045 1631 neminem
1060 1568 1221 1649 baptizari
1237 1592 1337 1652 posse,

245 1673 307 1734 nisi
321 1672 412 1754 prius
425 1671 521 1751 signa
534 1668 609 1731 fidei
623 1671 761 1744 dederit,
769 1670 868 1750 juxta
882 1670 962 1732 illud
978 1694 985 1733 :
1008 1670 1102 1752 “Qui
1118 1673 1297 1735 crediderit
1309 1683 1337 1733 ct

246 1776 435 1858 baptizatus
451 1774 549 1837 suerit
560 1773 575 1798 ''
593 1783 669 1836 etc.2
1354 1819 1355 1852 ,

289 1879 349 1960 (B)
365 1878 536 1950 Erasmus,
551 1876 607 1956 qui
632 1896 705 1937 saec.
731 1876 816 1939 XVI
843 1876 961 1950 floruit,
984 1875 1184 1938 admittebat
1207 1869 1355 1959 quidem}

245 1981 453 2044 validitatem
468 1979 631 2060 Baptismi
645 1978 828 2041 infantibus
841 1979 962 2053 collati,
975 1979 1033 2040 sed
1051 1979 1148 2041 simul
1161 1982 1334 2042 contende·
1354 1987 1355 2064 l

245 2086 304 2148 bat
328 2102 446 2165 pueros
470 2081 658 2163 baptizatos
682 2081 936 2163 interrogandos
952 2101 1032 2152 esse,
1050 2101 1151 2162 quum
1169 2083 1211 2144 ad
1237 2093 1355 2162 annos}

245 2185 452 2251 discretionis
470 2183 689 2265 pervenerint,
706 2192 816 2244 utrum
834 2182 1057 2262 obligationes
1074 2180 1238 2262 Baptismi
1255 2194 1334 2244 ratas

245 2289 368 2352 habere
383 2287 508 2348 vellent
525 2305 638 2358 necne,
655 2293 692 2346 ut
716 2285 762 2345 sic
786 2304 900 2346 eorum
927 2283 1061 2345 libertas
1077 2285 1197 2346 servari
1222 2295 1332 2366 posset.
1354 2283 1355 2356 l

248 2390 411 2456 Hodierni
424 2388 654 2451 Rationalr'stoe
665 2388 787 2467 pariter
804 2388 926 2449 docent
943 2387 1081 2448 omnino
1098 2385 1258 2466 injustum
1271 2406 1332 2448 esse
1354 2383 1355 2458 l

246 2493 466 2575 obligationes
495 2492 527 2552 in
557 2491 731 2572 Baptismo
760 2490 940 2552 infantibus
968 2489 1104 2570 imponi,
1132 2489 1203 2550 sine
1228 2507 1330 2552 eorum

246 2614 417 2660 consensu.

286 2728 334 2808 46.
377 2743 409 2786 20
427 2727 525 2786 Thesis
540 2752 551 2787 .·
574 2724 736 2788 Infantes
755 2723 872 2788 valide
894 2728 930 2787 et
953 2723 1049 2786 licite
1068 2722 1243 2800 baptizari
1264 2739 1330 2801 pos·
1354 2773 1355 2784 ,

247 2831 342 2892 sunt.
394 2824 445 2886 De
457 2825 529 2905 fide
551 2833 599 2886 est
619 2843 657 2884 ex
684 2821 714 2883 T
713 2822 826 2884 rident.
845 2846 857 2884 .·
891 2819 957 2884 “Si
981 2821 1055 2901 quis
1079 2821 1203 2884 dixerit
1227 2839 1330 2902 parvu·
1354 2849 1355 2912 3

248 2928 305 3002 loS,
318 2947 357 2989 eo
370 2928 459 3008 quod
473 2925 584 2988 adium
598 2925 754 2987 credendi
772 2945 836 2986 non
856 2923 989 2998 habent,
999 2933 1156 3004 suscepto
1171 2924 1330 3003 Baptismo
1354 2915 1355 2972 3

249 3030 332 3091 inter
349 3028 462 3091 fideles
478 3028 724 3109 computandos
748 3046 814 3088 non
832 3046 913 3101 esse,
931 3026 971 3087 A.
990 3024 1041 3089 S.''
1057 3024 1160 3106 (Sess.
1177 3026 1255 3100 Vll,
1271 3043 1328 3086 can.
1354 3015 1355 3068 ἶ

252 3131 372 3210 12-14).
1354 3185 1355 3196 ,

294 3230 359 3320 (Α)
380 3233 559 3313 Scriptura.
606 3233 655 3313 (a)
681 3233 773 3294 Deus
802 3233 889 3294 enim
918 3231 989 3293 vult
1017 3227 1158 3292 salutem
1186 3231 1328 3292 omnium.
1354 3231 1355 3234 ’

249 3338 349 3400 etiam
363 3335 550 3409 infantium,
561 3345 598 3397 ut
610 3322 787 3426 probatum
802 3344 852 3396 est
866 3335 898 3395 in
917 3335 968 3396 Tr.
976 3334 1014 3395 de
1027 3331 1156 3408 Gradu,
1169 3344 1202 3396 et
1214 3337 1328 3394 constat

249 3440 382 3503 aliunde
395 3459 438 3501 ex
452 3439 560 3500 verbis
574 3437 695 3501 Christi
715 3460 722 3500 :
747 3437 882 3500 “Sinite
900 3434 1055 3517 parvulos
1069 3437 1178 3498 venire
1195 3437 1234 3497 ad
1253 3453 1298 3496 me
1354 3485 1355 3488 ,

249 3542 365 3605 talium
383 3551 433 3604 est
457 3541 545 3602 enim
563 3559 700 3620 regnum
719 3539 876 3601 coelorum
891 3540 904 3563 ”
917 3550 937 3599 3.
986 3537 1091 3618 Atqui
1117 3537 1256 3599 infantes
1276 3534 1326 3595 sal·

249 3647 317 3708 vari
335 3654 504 3727 nequeunt
521 3643 582 3705 nisi
601 3643 822 3722 baptizentur,
835 3642 935 3721 juxta
953 3641 1033 3702 illud
1054 3665 1060 3702 :
1088 3637 1189 3702 “Nisi
1207 3639 1273 3720 quis
1289 3655 1326 3696 re-

251 3759 348 3811 natus
366 3747 463 3809 suerit
480 3767 523 3808 ex
538 3745 655 3827 aqua”‚
672 3755 708 3807 ut
722 3746 791 3826 jam
810 3745 988 3825 probatum
1001 3753 1061 3804 est.
1098 3743 1188 3823 Ergo
1204 3742 1324 3804 infantes

251 3861 390 3932 possunt
406 3860 440 3911 et
456 3850 581 3911 debent
598 3848 767 3928 baptizari.

286 3993 338 4050 ¹5.
357 3999 382 4050 T
380 3997 450 4049 horti.
466 4011 481 4062 3
495 4016 521 4066 p.
536 4015 561 4064 q.
576 3997 619 4062 68,
632 4013 658 4048 a.
675 4012 710 4064 93
731 3999 847 4062 Saurea,
862 3997 932 4063 disp.
949 3993 1048 4058 XXV;
1072 3993 1263 4055 Bellarmr'nus,
1276 3993 1288 4042 l.
1305 3989 1320 4046 l·

253 4101 275 4136 c.
291 4084 348 4146 7-8;
369 4083 489 4147 Drouirr,
502 4100 528 4149 q.
541 4083 593 4144 Vl,
610 4099 632 4135 c.
648 4098 675 4150 23
698 4084 725 4134 T
722 4083 847 4149 omnent,
861 4100 887 4151 q.
905 4084 960 4148 lll,
974 4101 998 4136 a.
1013 4101 1041 4152 3;
1062 4085 1198 4148 Bt'llreurl,
1209 4085 1268 4137 diss.
1281 4077 1322 4134 lll,
1354 4101 1355 4110 ¹

252 4166 658 4233 aa;dAQmmmam

290 4257 299 4278 ²
311 4251 366 4303 Cir.
380 4251 486 4318 Hovey,
502 4251 669 4318 Systematic
683 4252 823 4319 theology,
835 4269 861 4320 p.
874 4267 931 4318 3²3-
944 4283 978 4290 —
988 4251 998 4281 ³
1007 4253 1093 4306 illati.
1106 4253 1184 4319 XlX,
1197 4269 1232 4316 14.
