2770 4646
247 190 303 240 DE
322 191 712 243 SACRAMENTORUM
733 188 948 241 sumsero.
1086 185 1146 237 219

1086 304 1144 312 .--

52 374 99 454 ib)
117 375 217 438 Ratio
232 396 289 437 cur
304 396 353 438 res
370 377 416 438 ita
431 397 467 439 se
482 376 603 438 habeat
618 385 669 439 est
684 375 819 456 quidem
836 372 989 436 voluntas
1006 367 1147 444 Christi;

52 480 104 540 sed
118 481 255 542 omnino
266 480 406 543 decebat
419 491 454 543 ut
467 479 617 543 Christus
629 479 728 542 talem
742 464 966 541 conditionem
979 475 1146 554 exigeret;

51 603 123 645 nam
142 603 184 644 ex
199 588 265 645 una
282 593 374 664 parte
389 593 597 646 sacramenta
613 583 833 664 obligationes
850 580 1037 661 imponunt,
1051 587 1085 640 et
1101 596 1145 638 ex

50 685 149 749 altera
171 687 313 766 gratiam
337 685 531 762 conserunt3
561 687 653 768 atqui
681 706 747 748 non
770 684 925 747 convenit
951 691 989 745 ut
1011 680 1145 744 adultus

49 789 265 870 obligationes
280 799 338 852 aut
353 790 494 870 gratiam
511 790 668 870 suscipiat
684 789 809 870 absque
821 787 954 870 proprio
965 803 1144 862 consensu;

48 912 130 972 erga.
177 892 307 954 Dicitur
326 897 341 923 “
357 891 480 972 exceptet
495 891 708 954 Eucharistitl
720 893 744 966 '',
759 891 837 972 quia
857 890 936 952 illud
957 906 1143 950 sacramen-

47 1004 113 1057 tum
133 995 285 1058 consistit
306 995 339 1055 in
360 1015 393 1056 re
413 995 684 1076 permanentiae
706 993 844 1074 proinde
864 1011 939 1054 vere
957 991 1142 1072 suscipitur,

48 1099 305 1178 independenter
320 1118 339 1159 a
355 1097 503 1178 qualibet
525 1098 729 1161 intentione:
752 1095 963 1166 solummodo
986 1093 1143 1176 quaeritur

47 1211 151 1263 utrum
168 1200 314 1280 receptio
331 1200 549 1264 Eucharistiae
571 1200 641 1262 sine
662 1219 835 1274 consensu,
850 1220 879 1261 v.
895 1217 925 1278 g.
941 1197 984 1259 ab
1000 1206 1142 1273 amente,

45 1305 84 1366 sit
99 1303 268 1368 fructuosa
290 1303 340 1366 vel
365 1323 453 1380 non;
476 1305 641 1366 sententia
665 1302 860 1365 affirmativa
882 1300 1061 1384 probabilis
1082 1308 1141 1384 est,

45 1409 173 1487 quando
188 1407 371 1488 suscipiens
387 1416 438 1469 est
455 1408 486 1468 in
503 1416 591 1469 statu
609 1407 734 1486 gratiae,
749 1406 827 1487 quia
843 1415 922 1467 tunc
938 1403 984 1466 nil
1001 1403 1140 1484 impedit

44 1509 118 1589 quin
134 1518 353 1589 augmentum
370 1509 488 1588 gratiae
503 1508 709 1589 suscipiatur.

85 1608 151 1696 (B)
172 1611 320 1673 Intentio
336 1611 494 1692 requisita
509 1620 560 1672 est
575 1612 705 1673 diversa
721 1631 781 1692 pro
796 1610 933 1673 diversis
954 1628 1137 1672 sacramen·

44 1715 88 1775 tis.
127 1715 177 1794 (a)
190 1712 247 1776 Ad
263 1713 469 1794 Baptismum
485 1715 659 1794 requiritur
674 1714 815 1777 intentio
829 1715 942 1776 saltem
954 1713 1139 1776 habitualis.

45 1817 173 1879 Certum
190 1825 242 1878 est
258 1815 407 1877 sufficere
419 1815 638 1878 intentionem
652 1816 853 1879 habitualem
868 1837 1071 1899 expressam,
1081 1817 1099 1879 i.
1112 1835 1137 1879 e.

43 1940 109 1981 eam
127 1939 203 2000 quae
220 1919 283 1981 suit
299 1919 440 1999 positive
456 1929 489 1981 et
504 1920 662 2001 explicite
679 1920 819 1982 formata
831 1931 863 1983 et
876 1940 941 1983 non
955 1918 1139 1996 retractata,

45 2032 77 2084 ut
99 2023 216 2086 existit
232 2043 259 2083 v.
277 2041 306 2102 g.
323 2023 355 2084 in
375 2022 619 2097 catechumeno
635 2023 691 2104 qui
711 2043 869 2105 expresse
888 2023 1017 2104 optavit
1037 2025 1137 2086 susci-

44 2145 113 2204 pere
132 2124 343 2205 Baptismum
368 2133 401 2194 et
424 2125 545 2187 deinde
558 2125 646 2206 jacet
661 2127 811 2189 sensibus
826 2126 1015 2189 destitutus.
1060 2127 1137 2189 Pro-

43 2227 190 2289 babiliter
205 2227 306 2288 etiam
324 2225 444 2290 sufficit
461 2228 601 2291 intentio
623 2228 801 2291 habitualis
817 2228 983 2309 implicita,
998 2249 1037 2291 ea
1053 2229 1137 2291 scili-

42 2340 97 2404 cet,
111 2350 188 2411 quae
207 2328 374 2393 invenitur
394 2331 426 2392 in
451 2329 585 2406 infideli,
606 2333 756 2395 sensibus
779 2331 948 2406 destituto,
963 2333 1019 2413 qui
1038 2343 1137 2396 antea
1207 2379 1209 2384 ,

41 2431 150 2497 habuit
166 2433 372 2496 voluntatem
390 2435 570 2514 peragendi
587 2435 699 2496 omnia
719 2435 761 2498 ad
782 2433 924 2497 salutem
944 2435 1137 2511 necessaria,

41 2553 74 2595 ac
89 2536 229 2616 proinde
246 2534 405 2615 implicite
421 2537 550 2617 optavit
567 2537 781 2618 Baptismum.

41 2637 91 2718 (b)
107 2638 163 2701 Ad
184 2637 477 2720 Confirmatiamm,
496 2639 667 2716 Viaticum,
682 2651 715 2704 et
731 2642 791 2705 Ex.
813 2641 1000 2706 Uirtiiomm
1016 2641 1135 2704 sufficit

42 2739 177 2805 intentio
191 2741 369 2804 habitualis
384 2742 549 2823 implicita,
566 2763 640 2824 quae
661 2765 681 2806 a
700 2745 866 2808 nonnullis
883 2754 1019 2808 vocatur
1033 2746 1134 2808 etiam

41 2844 306 2927 interpretativa;
337 2846 412 2908 talis
442 2847 584 2910 intentio
613 2849 729 2911 existit
755 2869 782 2910 v.
810 2867 839 2928 g.
867 2848 899 2911 in
928 2847 1135 2924 moribundo,

41 2948 185 3010 sensibus
201 2948 373 3023 destituto,
387 2949 444 3029 qui
460 2950 637 3014 christiane
653 2952 784 3015 vivebat
799 2976 806 3031 ;
828 2952 1029 3032 quicumque
1045 2953 1133 3015 enim

39 3047 210 3112 christiane
226 3049 315 3124 vivit,
327 3070 367 3112 eo
380 3051 452 3132 ipso
464 3053 535 3114 vult
551 3054 710 3135 implicite
724 3056 890 3136 suscipere
902 3054 1133 3119 Confirmatio-

41 3171 118 3229 nem,
129 3173 206 3234 quae
218 3163 269 3216 est
279 3155 559 3236 complementum
573 3159 744 3240 Baptismi,
754 3169 787 3221 et
797 3159 864 3222 duo
874 3160 938 3222 alia
948 3182 1133 3224 sacramen-

40 3263 78 3328 ta,
88 3275 162 3336 qua:
178 3258 211 3318 in
228 3257 367 3320 articulo
384 3261 499 3322 mortis
515 3271 592 3323 sunt
604 3264 646 3324 de
654 3273 833 3344 praecepto.
872 3263 992 3345 Quoad
1006 3265 1132 3328 Eucha-

40 3359 171 3434 ristiam,
193 3369 315 3441 praeter
334 3379 450 3424 casum
472 3364 594 3440 viatici,
618 3367 759 3429 intentio
784 3367 962 3431 habitualis
988 3381 1133 3448 expressa

40 3465 216 3544 requiritur,
231 3465 310 3544 quia
326 3465 436 3529 nullus
452 3469 585 3532 adultus
602 3491 729 3533 sacram
746 3473 1014 3536 communionem
1032 3475 1132 3536 susci-

39 3583 108 3642 pere
123 3566 209 3629 velle
224 3571 431 3649 supponitur,
447 3582 544 3635 extra
565 3573 652 3637 hunc
675 3595 798 3653 casum,
815 3577 876 3639 nisi
898 3576 982 3639 hanc
1003 3577 1131 3641 volitio-

40 3685 107 3730 nem
124 3670 395 3736 manifestaverit.

39 3767 81 3850 (c)
104 3773 160 3836 Ad
182 3772 414 3838 Paenitentiam
440 3788 474 3841 et
497 3779 752 3844 Matrimonium
780 3783 954 3864 requiritur
979 3785 1133 3850 virtualis

39 3873 147 3936 saltem
165 3877 308 3938 intentio
323 3897 382 3940 nec
399 3877 519 3941 sufficit
535 3879 713 3942 habitualis
727 3904 733 3958 ;
757 3903 816 3964 pro
834 3883 1049 3948 Matrimonia
1064 3907 1131 3950 cer-

39 3983 102 4037 tum
119 3987 176 4053 est,
192 3979 271 4059 quia
290 3999 468 4042 consensus
491 3984 758 4049 contrahentium
782 3997 832 4050 est
855 3989 927 4072 ipsa
944 3992 1082 4055 materia
1097 4004 1130 4056 ct

40 4073 135 4142 forma
161 4082 382 4158 sacramenti;
412 4085 616 4165 probabilius
647 4099 696 4150 est
724 4109 784 4170 pro
812 4093 1021 4171 Poenitentia,
1047 4118 1132 4173 cum,

38 4175 127 4256 juxta
142 4184 398 4265 probabiliorem
421 4189 624 4268 opinionem,
640 4201 706 4255 tres
730 4191 824 4258 attus
847 4199 1040 4278 poenitentis
1066 4200 1132 4262 sint

43 4286 166 4348 materia
183 4290 392 4352 sacramenti.
