<?xml version="1.0" encoding="UTF-8"?>
<!DOCTYPE html PUBLIC "-//W3C//DTD XHTML 1.0 Transitional//EN"
    "http://www.w3.org/TR/xhtml1/DTD/xhtml1-transitional.dtd">
<html xmlns="http://www.w3.org/1999/xhtml" xml:lang="en" lang="en">
 <head>
  <title>
</title>
<meta http-equiv="Content-Type" content="text/html;charset=utf-8" />
  <meta name='ocr-system' content='tesseract 3.04.00' />
  <meta name='ocr-capabilities' content='ocr_page ocr_carea ocr_par ocr_line ocrx_word'/>
</head>
<body>
  <div class='ocr_page' id='page_1' title='image "./synopsistheolog01tanqgoog_0500.png"; bbox 0 0 2770 4652; ppageno 0'>
   <div class='ocr_carea' id='block_1_1' title="bbox 271 187 1161 242">
    <p class='ocr_par' dir='ltr' id='par_1_1' title="bbox 271 187 1161 242">
     <span class='ocr_line' id='line_1_1' title="bbox 271 187 1161 242; baseline 0.001 -3"><span class='ocrx_word' id='word_1_1' title='bbox 271 189 328 240; x_wconf 80' lang='lat' dir='ltr'>DE</span> <span class='ocrx_word' id='word_1_2' title='bbox 347 187 636 242; x_wconf 60' lang='lat' dir='ltr'>»murreum</span> <span class='ocrx_word' id='word_1_3' title='bbox 654 188 953 240; x_wconf 66' lang='lat' dir='ltr'>Sacamum.</span> <span class='ocrx_word' id='word_1_4' title='bbox 1093 189 1161 240; x_wconf 74' lang='lat'>⁴85</span> 
     </span>
    </p>
   </div>
   <div class='ocr_carea' id='block_1_2' title="bbox 43 372 1160 2415">
    <p class='ocr_par' dir='ltr' id='par_1_2' title="bbox 43 372 1160 2415">
     <span class='ocr_line' id='line_1_2' title="bbox 57 372 1160 456; baseline -0.001 -22"><span class='ocrx_word' id='word_1_5' title='bbox 57 383 272 451; x_wconf 86' lang='lat' dir='ltr'>agnoverunt</span> <span class='ocrx_word' id='word_1_6' title='bbox 294 374 325 435; x_wconf 92' lang='lat' dir='ltr'>in</span> <span class='ocrx_word' id='word_1_7' title='bbox 345 373 493 436; x_wconf 74' lang='lat' dir='ltr'>Ecclesia</span> <span class='ocrx_word' id='word_1_8' title='bbox 508 382 710 456; x_wconf 89' lang='lat' dir='ltr'>potestatem</span> <span class='ocrx_word' id='word_1_9' title='bbox 727 373 916 436; x_wconf 89' lang='lat' dir='ltr'>remittendi</span> <span class='ocrx_word' id='word_1_10' title='bbox 942 372 1063 434; x_wconf 90' lang='lat' dir='ltr'>leviora</span> <span class='ocrx_word' id='word_1_11' title='bbox 1085 389 1160 455; x_wconf 92' lang='lat' dir='ltr'>pec·</span> 
     </span>
     <span class='ocr_line' id='line_1_3' title="bbox 56 475 1160 560; baseline 0 -23"><span class='ocrx_word' id='word_1_12' title='bbox 56 485 146 539; x_wconf 82' lang='lat' dir='ltr'>cata</span> <span class='ocrx_word' id='word_1_13' title='bbox 195 477 225 539; x_wconf 95' lang='lat' dir='ltr'>N</span> <span class='ocrx_word' id='word_1_14' title='bbox 228 497 271 539; x_wconf 94' lang='lat' dir='ltr'>on</span> <span class='ocrx_word' id='word_1_15' title='bbox 288 478 389 559; x_wconf 87' lang='lat' dir='ltr'>igitur</span> <span class='ocrx_word' id='word_1_16' title='bbox 405 478 573 560; x_wconf 85' lang='lat' dir='ltr'>negabant</span> <span class='ocrx_word' id='word_1_17' title='bbox 590 485 790 559; x_wconf 89' lang='lat' dir='ltr'>potestatem</span> <span class='ocrx_word' id='word_1_18' title='bbox 808 475 997 539; x_wconf 90' lang='lat' dir='ltr'>remittendi</span> <span class='ocrx_word' id='word_1_19' title='bbox 1015 485 1160 556; x_wconf 86' lang='lat' dir='ltr'>peccata,</span> 
     </span>
     <span class='ocr_line' id='line_1_4' title="bbox 54 577 1098 665; baseline -0.001 -24"><span class='ocrx_word' id='word_1_20' title='bbox 54 582 117 642; x_wconf 93' lang='lat' dir='ltr'>sed</span> <span class='ocrx_word' id='word_1_21' title='bbox 137 581 246 644; x_wconf 91' lang='lat' dir='ltr'>solum</span> <span class='ocrx_word' id='word_1_22' title='bbox 263 581 361 663; x_wconf 84' lang='lat' dir='ltr'>hujus</span> <span class='ocrx_word' id='word_1_23' title='bbox 377 583 554 665; x_wconf 91' lang='lat' dir='ltr'>potestatis</span> <span class='ocrx_word' id='word_1_24' title='bbox 570 581 825 663; x_wconf 90' lang='lat' dir='ltr'>amplitudinem</span> <span class='ocrx_word' id='word_1_25' title='bbox 842 577 1098 642; x_wconf 84' lang='lat' dir='ltr'>infitiabantur1.</span> 
     </span>
     <span class='ocr_line' id='line_1_5' title="bbox 103 680 1160 768; baseline -0.002 -23"><span class='ocrx_word' id='word_1_26' title='bbox 103 680 175 768; x_wconf 80' lang='lat' dir='ltr'>(B)</span> <span class='ocrx_word' id='word_1_27' title='bbox 191 684 411 748; x_wconf 80' lang='lat' dir='ltr'>Protestantes</span> <span class='ocrx_word' id='word_1_28' title='bbox 422 695 534 748; x_wconf 92' lang='lat' dir='ltr'>autem</span> <span class='ocrx_word' id='word_1_29' title='bbox 548 685 645 767; x_wconf 91' lang='lat' dir='ltr'>primi</span> <span class='ocrx_word' id='word_1_30' title='bbox 662 685 751 747; x_wconf 78' lang='lat' dir='ltr'>luere</span> <span class='ocrx_word' id='word_1_31' title='bbox 768 683 823 766; x_wconf 93' lang='lat' dir='ltr'>qui</span> <span class='ocrx_word' id='word_1_32' title='bbox 840 683 1037 746; x_wconf 81' lang='lat' dir='ltr'>sacramenti</span> <span class='ocrx_word' id='word_1_33' title='bbox 1053 682 1160 745; x_wconf 88' lang='lat' dir='ltr'>Poeni·</span> 
     </span>
     <span class='ocr_line' id='line_1_6' title="bbox 54 784 1157 870; baseline -0.001 -23"><span class='ocrx_word' id='word_1_34' title='bbox 54 787 176 849; x_wconf 86' lang='lat' dir='ltr'>tentiae</span> <span class='ocrx_word' id='word_1_35' title='bbox 199 788 412 852; x_wconf 82' lang='lat' dir='ltr'>existentiam</span> <span class='ocrx_word' id='word_1_36' title='bbox 435 809 555 870; x_wconf 87' lang='lat' dir='ltr'>negare</span> <span class='ocrx_word' id='word_1_37' title='bbox 577 788 647 851; x_wconf 91' lang='lat' dir='ltr'>ausi</span> <span class='ocrx_word' id='word_1_38' title='bbox 670 788 798 851; x_wconf 81' lang='lat' dir='ltr'>luerint.</span> <span class='ocrx_word' id='word_1_39' title='bbox 843 786 1007 850; x_wconf 79' lang='lat' dir='ltr'>Lnthems</span> <span class='ocrx_word' id='word_1_40' title='bbox 1022 784 1157 866; x_wconf 92' lang='lat' dir='ltr'>quidem</span> 
     </span>
     <span class='ocr_line' id='line_1_7' title="bbox 51 887 1157 972; baseline 0 -23"><span class='ocrx_word' id='word_1_41' title='bbox 51 889 113 951; x_wconf 93' lang='lat' dir='ltr'>diu</span> <span class='ocrx_word' id='word_1_42' title='bbox 129 911 255 972; x_wconf 88' lang='lat' dir='ltr'>anceps</span> <span class='ocrx_word' id='word_1_43' title='bbox 268 892 398 967; x_wconf 89' lang='lat' dir='ltr'>mansit,</span> <span class='ocrx_word' id='word_1_44' title='bbox 409 912 496 954; x_wconf 87' lang='lat' dir='ltr'>nunc</span> <span class='ocrx_word' id='word_1_45' title='bbox 508 911 701 972; x_wconf 86' lang='lat' dir='ltr'>agnoscens,</span> <span class='ocrx_word' id='word_1_46' title='bbox 711 901 790 953; x_wconf 91' lang='lat' dir='ltr'>tuuc</span> <span class='ocrx_word' id='word_1_47' title='bbox 803 889 952 971; x_wconf 87' lang='lat' dir='ltr'>rejiciens</span> <span class='ocrx_word' id='word_1_48' title='bbox 965 887 1157 968; x_wconf 89' lang='lat' dir='ltr'>hujusmodi</span> 
     </span>
     <span class='ocr_line' id='line_1_8' title="bbox 50 992 1156 1076; baseline 0.001 -23"><span class='ocrx_word' id='word_1_49' title='bbox 50 1001 319 1071; x_wconf 82' lang='lat' dir='ltr'>sacramentum3</span> <span class='ocrx_word' id='word_1_50' title='bbox 338 1015 437 1076; x_wconf 88' lang='lat' dir='ltr'>quam</span> <span class='ocrx_word' id='word_1_51' title='bbox 451 993 660 1058; x_wconf 81' lang='lat' dir='ltr'>oscitantiam</span> <span class='ocrx_word' id='word_1_52' title='bbox 675 995 790 1057; x_wconf 93' lang='lat' dir='ltr'>imitati</span> <span class='ocrx_word' id='word_1_53' title='bbox 803 1006 881 1056; x_wconf 93' lang='lat' dir='ltr'>sunt</span> <span class='ocrx_word' id='word_1_54' title='bbox 893 992 965 1073; x_wconf 91' lang='lat' dir='ltr'>ejus</span> <span class='ocrx_word' id='word_1_55' title='bbox 977 992 1156 1074; x_wconf 82' lang='lat' dir='ltr'>discipuli2.</span> 
     </span>
     <span class='ocr_line' id='line_1_9' title="bbox 53 1092 1157 1178; baseline -0.002 -20"><span class='ocrx_word' id='word_1_56' title='bbox 53 1092 221 1158; x_wconf 84' lang='lat' dir='ltr'>Calvinus</span> <span class='ocrx_word' id='word_1_57' title='bbox 247 1105 359 1158; x_wconf 88' lang='lat' dir='ltr'>autem</span> <span class='ocrx_word' id='word_1_58' title='bbox 387 1107 501 1178; x_wconf 88' lang='lat' dir='ltr'>aperte</span> <span class='ocrx_word' id='word_1_59' title='bbox 527 1097 598 1178; x_wconf 88' lang='lat' dir='ltr'>ejus</span> <span class='ocrx_word' id='word_1_60' title='bbox 626 1097 840 1160; x_wconf 87' lang='lat' dir='ltr'>existentiam</span> <span class='ocrx_word' id='word_1_61' title='bbox 869 1095 1011 1176; x_wconf 81' lang='lat' dir='ltr'>negavit,</span> <span class='ocrx_word' id='word_1_62' title='bbox 1034 1095 1157 1157; x_wconf 91' lang='lat' dir='ltr'>docens</span> 
     </span>
     <span class='ocr_line' id='line_1_10' title="bbox 51 1193 1157 1282; baseline -0.001 -23"><span class='ocrx_word' id='word_1_63' title='bbox 51 1198 297 1261; x_wconf 89' lang='lat' dir='ltr'>Poenitentiam</span> <span class='ocrx_word' id='word_1_64' title='bbox 322 1219 388 1262; x_wconf 89' lang='lat' dir='ltr'>non</span> <span class='ocrx_word' id='word_1_65' title='bbox 412 1220 487 1262; x_wconf 90' lang='lat' dir='ltr'>vere</span> <span class='ocrx_word' id='word_1_66' title='bbox 510 1221 530 1262; x_wconf 88' lang='lat' dir='ltr'>a</span> <span class='ocrx_word' id='word_1_67' title='bbox 555 1201 729 1282; x_wconf 91' lang='lat' dir='ltr'>Baptismo</span> <span class='ocrx_word' id='word_1_68' title='bbox 749 1199 801 1262; x_wconf 88' lang='lat' dir='ltr'>vel</span> <span class='ocrx_word' id='word_1_69' title='bbox 818 1193 983 1280; x_wconf 71' lang='lat' dir='ltr'>Baptismi</span> <span class='ocrx_word' id='word_1_70' title='bbox 1004 1197 1157 1260; x_wconf 76' lang='lat' dir='ltr'>memon&#39;cl</span> 
     </span>
     <span class='ocr_line' id='line_1_11' title="bbox 48 1299 1155 1384; baseline 0 -23"><span class='ocrx_word' id='word_1_71' title='bbox 48 1299 219 1381; x_wconf 83' lang='lat' dir='ltr'>distingui</span> <span class='ocrx_word' id='word_1_72' title='bbox 235 1325 242 1364; x_wconf 72' lang='grc' dir='ltr'><strong><em>ε</em></strong></span> <span class='ocrx_word' id='word_1_73' title='bbox 262 1300 362 1383; x_wconf 88' lang='lat' dir='ltr'>juxta</span> <span class='ocrx_word' id='word_1_74' title='bbox 379 1303 486 1384; x_wconf 91' lang='lat' dir='ltr'>ipsum</span> <span class='ocrx_word' id='word_1_75' title='bbox 504 1303 678 1383; x_wconf 92' lang='lat' dir='ltr'>siquidem,</span> <span class='ocrx_word' id='word_1_76' title='bbox 692 1321 750 1382; x_wconf 96' lang='lat' dir='ltr'>per</span> <span class='ocrx_word' id='word_1_77' title='bbox 764 1301 973 1384; x_wconf 91' lang='lat' dir='ltr'>Baptismum</span> <span class='ocrx_word' id='word_1_78' title='bbox 989 1320 1054 1361; x_wconf 91' lang='lat' dir='ltr'>nou</span> <span class='ocrx_word' id='word_1_79' title='bbox 1068 1299 1155 1362; x_wconf 90' lang='lat' dir='ltr'>dele-</span> 
     </span>
     <span class='ocr_line' id='line_1_12' title="bbox 48 1400 1156 1484; baseline 0 -20"><span class='ocrx_word' id='word_1_80' title='bbox 48 1411 107 1464; x_wconf 90' lang='lat' dir='ltr'>tur</span> <span class='ocrx_word' id='word_1_81' title='bbox 120 1414 307 1484; x_wconf 90' lang='lat' dir='ltr'>peccatum,</span> <span class='ocrx_word' id='word_1_82' title='bbox 319 1407 376 1468; x_wconf 92' lang='lat' dir='ltr'>sed</span> <span class='ocrx_word' id='word_1_83' title='bbox 393 1405 499 1467; x_wconf 93' lang='lat' dir='ltr'>solum</span> <span class='ocrx_word' id='word_1_84' title='bbox 514 1404 745 1468; x_wconf 90' lang='lat' dir='ltr'>testimonium</span> <span class='ocrx_word' id='word_1_85' title='bbox 763 1403 929 1484; x_wconf 71' lang='lat' dir='ltr'>praebetur</span> <span class='ocrx_word' id='word_1_86' title='bbox 941 1411 1078 1484; x_wconf 90' lang='lat' dir='ltr'>peccata</span> <span class='ocrx_word' id='word_1_87' title='bbox 1091 1400 1156 1465; x_wconf 87' lang='lat' dir='ltr'>fide</span> 
     </span>
     <span class='ocr_line' id='line_1_13' title="bbox 47 1505 1154 1590; baseline -0.001 -23"><span class='ocrx_word' id='word_1_88' title='bbox 47 1508 195 1570; x_wconf 90' lang='lat' dir='ltr'>remissa</span> <span class='ocrx_word' id='word_1_89' title='bbox 218 1508 332 1580; x_wconf 84' lang='lat' dir='ltr'>luisse,</span> <span class='ocrx_word' id='word_1_90' title='bbox 356 1528 413 1571; x_wconf 93' lang='lat' dir='ltr'>seu</span> <span class='ocrx_word' id='word_1_91' title='bbox 438 1511 549 1590; x_wconf 93' lang='lat' dir='ltr'>potius</span> <span class='ocrx_word' id='word_1_92' title='bbox 573 1528 639 1570; x_wconf 90' lang='lat' dir='ltr'>non</span> <span class='ocrx_word' id='word_1_93' title='bbox 665 1507 828 1589; x_wconf 91' lang='lat' dir='ltr'>imputari.</span> <span class='ocrx_word' id='word_1_94' title='bbox 885 1505 1019 1568; x_wconf 88' lang='lat' dir='ltr'>Accidit</span> <span class='ocrx_word' id='word_1_95' title='bbox 1043 1515 1154 1567; x_wconf 90' lang='lat' dir='ltr'>autem</span> 
     </span>
     <span class='ocr_line' id='line_1_14' title="bbox 47 1609 1155 1692; baseline -0.001 -21"><span class='ocrx_word' id='word_1_96' title='bbox 47 1619 173 1689; x_wconf 89' lang='lat' dir='ltr'>postea</span> <span class='ocrx_word' id='word_1_97' title='bbox 196 1610 402 1692; x_wconf 89' lang='lat' dir='ltr'>baptizatum</span> <span class='ocrx_word' id='word_1_98' title='bbox 419 1612 531 1674; x_wconf 89' lang='lat' dir='ltr'>terreri</span> <span class='ocrx_word' id='word_1_99' title='bbox 549 1610 828 1692; x_wconf 89' lang='lat' dir='ltr'>subsequentibus</span> <span class='ocrx_word' id='word_1_100' title='bbox 850 1609 1003 1690; x_wconf 88' lang='lat' dir='ltr'>peccatis,</span> <span class='ocrx_word' id='word_1_101' title='bbox 1020 1617 1053 1672; x_wconf 92' lang='lat' dir='ltr'>et</span> <span class='ocrx_word' id='word_1_102' title='bbox 1076 1616 1155 1670; x_wconf 91' lang='lat' dir='ltr'>tuuc</span> 
     </span>
     <span class='ocr_line' id='line_1_15' title="bbox 43 1710 1154 1794; baseline -0.002 -20"><span class='ocrx_word' id='word_1_103' title='bbox 43 1710 146 1791; x_wconf 89' lang='lat' dir='ltr'>juvat</span> <span class='ocrx_word' id='word_1_104' title='bbox 160 1713 195 1774; x_wconf 90' lang='lat' dir='ltr'>in</span> <span class='ocrx_word' id='word_1_105' title='bbox 205 1713 277 1793; x_wconf 89' lang='lat' dir='ltr'>ejus</span> <span class='ocrx_word' id='word_1_106' title='bbox 288 1715 482 1777; x_wconf 85' lang='lat' dir='ltr'>memoriam</span> <span class='ocrx_word' id='word_1_107' title='bbox 496 1734 649 1777; x_wconf 88' lang='lat' dir='ltr'>revocare</span> <span class='ocrx_word' id='word_1_108' title='bbox 661 1713 869 1794; x_wconf 83' lang='lat' dir='ltr'>Baptismum</span> <span class='ocrx_word' id='word_1_109' title='bbox 882 1721 980 1774; x_wconf 92' lang='lat' dir='ltr'>antea</span> <span class='ocrx_word' id='word_1_110' title='bbox 989 1711 1154 1784; x_wconf 90' lang='lat' dir='ltr'>collatum,</span> 
     </span>
     <span class='ocr_line' id='line_1_16' title="bbox 46 1816 1153 1899; baseline -0.002 -21"><span class='ocrx_word' id='word_1_111' title='bbox 46 1827 83 1878; x_wconf 91' lang='lat' dir='ltr'>ut</span> <span class='ocrx_word' id='word_1_112' title='bbox 101 1816 229 1896; x_wconf 86' lang='lat' dir='ltr'>pignus</span> <span class='ocrx_word' id='word_1_113' title='bbox 243 1817 488 1897; x_wconf 87' lang='lat' dir='ltr'>justificationis</span> <span class='ocrx_word' id='word_1_114' title='bbox 506 1838 566 1899; x_wconf 94' lang='lat' dir='ltr'>pro</span> <span class='ocrx_word' id='word_1_115' title='bbox 582 1818 685 1880; x_wconf 91' lang='lat' dir='ltr'>totius</span> <span class='ocrx_word' id='word_1_116' title='bbox 697 1817 774 1878; x_wconf 85' lang='lat' dir='ltr'>vitae</span> <span class='ocrx_word' id='word_1_117' title='bbox 788 1837 882 1878; x_wconf 92' lang='lat' dir='ltr'>cursu</span> <span class='ocrx_word' id='word_1_118' title='bbox 897 1825 1056 1896; x_wconf 85' lang='lat' dir='ltr'>acceptae;</span> <span class='ocrx_word' id='word_1_119' title='bbox 1078 1835 1153 1895; x_wconf 86' lang='lat' dir='ltr'>quae</span> 
     </span>
     <span class='ocr_line' id='line_1_17' title="bbox 45 1917 1153 1999; baseline -0.005 -17"><span class='ocrx_word' id='word_1_120' title='bbox 45 1917 209 1999; x_wconf 80' lang='lat' dir='ltr'>baptismi</span> <span class='ocrx_word' id='word_1_121' title='bbox 223 1922 379 1983; x_wconf 81' lang='lat' dir='ltr'>memoria</span> <span class='ocrx_word' id='word_1_122' title='bbox 395 1921 475 1983; x_wconf 90' lang='lat' dir='ltr'>nihil</span> <span class='ocrx_word' id='word_1_123' title='bbox 498 1922 586 1984; x_wconf 89' lang='lat' dir='ltr'>aliud</span> <span class='ocrx_word' id='word_1_124' title='bbox 604 1929 654 1983; x_wconf 91' lang='lat' dir='ltr'>est</span> <span class='ocrx_word' id='word_1_125' title='bbox 677 1920 738 1982; x_wconf 91' lang='lat' dir='ltr'>uisi</span> <span class='ocrx_word' id='word_1_126' title='bbox 755 1917 961 1990; x_wconf 78' lang='lat' dir='ltr'>Poem&#39;tenria,</span> <span class='ocrx_word' id='word_1_127' title='bbox 977 1920 1042 1997; x_wconf 74' lang='lat' dir='ltr'>qua</span> <span class='ocrx_word' id='word_1_128' title='bbox 1060 1936 1153 1978; x_wconf 91' lang='lat' dir='ltr'>reno·</span> 
     </span>
     <span class='ocr_line' id='line_1_18' title="bbox 45 2019 1152 2107; baseline 0.001 -25"><span class='ocrx_word' id='word_1_129' title='bbox 45 2032 148 2084; x_wconf 83' lang='lat' dir='ltr'>vatur</span> <span class='ocrx_word' id='word_1_130' title='bbox 185 2025 311 2104; x_wconf 88' lang='lat' dir='ltr'>peccati</span> <span class='ocrx_word' id='word_1_131' title='bbox 347 2025 558 2107; x_wconf 88' lang='lat' dir='ltr'>displicentia</span> <span class='ocrx_word' id='word_1_132' title='bbox 597 2043 758 2104; x_wconf 81' lang='lat' dir='ltr'>novaeque</span> <span class='ocrx_word' id='word_1_133' title='bbox 796 2022 874 2083; x_wconf 79' lang='lat' dir='ltr'>vitae</span> <span class='ocrx_word' id='word_1_134' title='bbox 913 2019 1120 2102; x_wconf 91' lang='lat' dir='ltr'>propositum</span> <span class='ocrx_word' id='word_1_135' title='bbox 1131 2030 1152 2082; x_wconf 84' lang='lat'>³.</span> 
     </span>
     <span class='ocr_line' id='line_1_19' title="bbox 44 2121 1152 2209; baseline -0.003 -24"><span class='ocrx_word' id='word_1_136' title='bbox 44 2124 235 2206; x_wconf 80' lang='lat' dir='ltr'>Anglicani</span> <span class='ocrx_word' id='word_1_137' title='bbox 249 2137 435 2207; x_wconf 81' lang='lat' dir='ltr'>agnoscunt</span> <span class='ocrx_word' id='word_1_138' title='bbox 453 2147 472 2189; x_wconf 89' lang='lat' dir='ltr'>a</span> <span class='ocrx_word' id='word_1_139' title='bbox 489 2127 690 2209; x_wconf 90' lang='lat' dir='ltr'>presbyteris</span> <span class='ocrx_word' id='word_1_140' title='bbox 706 2125 833 2188; x_wconf 91' lang='lat' dir='ltr'>absolvi</span> <span class='ocrx_word' id='word_1_141' title='bbox 851 2143 949 2204; x_wconf 90' lang='lat' dir='ltr'>posse</span> <span class='ocrx_word' id='word_1_142' title='bbox 964 2132 1035 2184; x_wconf 91' lang='lat' dir='ltr'>tum</span> <span class='ocrx_word' id='word_1_143' title='bbox 1054 2121 1152 2183; x_wconf 93' lang='lat' dir='ltr'>mori·</span> 
     </span>
     <span class='ocr_line' id='line_1_20' title="bbox 44 2223 1152 2310; baseline -0.003 -22"><span class='ocrx_word' id='word_1_144' title='bbox 44 2224 184 2289; x_wconf 91' lang='lat' dir='ltr'>bundos</span> <span class='ocrx_word' id='word_1_145' title='bbox 202 2237 272 2290; x_wconf 91' lang='lat' dir='ltr'>tum</span> <span class='ocrx_word' id='word_1_146' title='bbox 288 2230 419 2310; x_wconf 92' lang='lat' dir='ltr'>publice</span> <span class='ocrx_word' id='word_1_147' title='bbox 431 2229 743 2300; x_wconf 70' lang='lat' dir='ltr'>communicaturos</span> <span class='ocrx_word' id='word_1_148' title='bbox 754 2227 821 2288; x_wconf 93' lang='lat' dir='ltr'>imo</span> <span class='ocrx_word' id='word_1_149' title='bbox 834 2226 1011 2288; x_wconf 90' lang='lat' dir='ltr'>utilitatem</span> <span class='ocrx_word' id='word_1_150' title='bbox 1025 2223 1152 2286; x_wconf 88' lang='lat' dir='ltr'>coufes-</span> 
     </span>
     <span class='ocr_line' id='line_1_21' title="bbox 44 2328 1153 2415; baseline -0.002 -24"><span class='ocrx_word' id='word_1_151' title='bbox 44 2331 152 2392; x_wconf 90' lang='lat' dir='ltr'>sionis</span> <span class='ocrx_word' id='word_1_152' title='bbox 166 2330 359 2406; x_wconf 88' lang='lat' dir='ltr'>admittuut,</span> <span class='ocrx_word' id='word_1_153' title='bbox 373 2353 438 2396; x_wconf 90' lang='lat' dir='ltr'>non</span> <span class='ocrx_word' id='word_1_154' title='bbox 452 2343 563 2397; x_wconf 91' lang='lat' dir='ltr'>autem</span> <span class='ocrx_word' id='word_1_155' title='bbox 578 2333 649 2415; x_wconf 88' lang='lat' dir='ltr'>ejus</span> <span class='ocrx_word' id='word_1_156' title='bbox 663 2332 896 2394; x_wconf 88' lang='lat' dir='ltr'>necessitatem</span> <span class='ocrx_word' id='word_1_157' title='bbox 907 2343 928 2392; x_wconf 87' lang='lat'>4.</span> <span class='ocrx_word' id='word_1_158' title='bbox 963 2328 1153 2392; x_wconf 69' lang='lat' dir='ltr'>Ritualtstoe</span> 
     </span>
    </p>
   </div>
   <div class='ocr_carea' id='block_1_3' title="bbox 38 2567 1150 3508">
    <p class='ocr_par' dir='ltr' id='par_1_3' title="bbox 79 2567 421 2639">
     <span class='ocr_line' id='line_1_22' title="bbox 79 2567 421 2639; baseline 0.003 -17"><span class='ocrx_word' id='word_1_159' title='bbox 79 2573 87 2594; x_wconf 87' lang='lat'>¹</span> <span class='ocrx_word' id='word_1_160' title='bbox 104 2567 166 2622; x_wconf 81' lang='lat' dir='ltr'>Cir.</span> <span class='ocrx_word' id='word_1_161' title='bbox 177 2569 280 2638; x_wconf 67' lang='lat' dir='ltr'>dmg,</span> <span class='ocrx_word' id='word_1_162' title='bbox 292 2575 305 2630; x_wconf 64' lang='grc' dir='ltr'>ἕ</span> <span class='ocrx_word' id='word_1_163' title='bbox 319 2583 362 2639; x_wconf 80' lang='lat'>74,</span> <span class='ocrx_word' id='word_1_164' title='bbox 378 2585 421 2636; x_wconf 82' lang='lat'>91.</span> 
     </span>
    </p>

    <p class='ocr_par' dir='ltr' id='par_1_4' title="bbox 38 2649 1150 3246">
     <span class='ocr_line' id='line_1_23' title="bbox 78 2649 1148 2726; baseline 0.001 -18"><span class='ocrx_word' id='word_1_165' title='bbox 78 2649 89 2677; x_wconf 72' lang='lat' dir='ltr'>s</span> <span class='ocrx_word' id='word_1_166' title='bbox 105 2654 187 2708; x_wconf 86' lang='lat' dir='ltr'>Hinc</span> <span class='ocrx_word' id='word_1_167' title='bbox 200 2655 229 2708; x_wconf 91' lang='lat' dir='ltr'>in</span> <span class='ocrx_word' id='word_1_168' title='bbox 240 2657 320 2710; x_wconf 77' lang='lat' dir='ltr'>Cous.</span> <span class='ocrx_word' id='word_1_169' title='bbox 333 2655 506 2726; x_wconf 76' lang='lat' dir='ltr'>Augustuntt</span> <span class='ocrx_word' id='word_1_170' title='bbox 520 2655 557 2724; x_wconf 90' lang='lat' dir='ltr'>(a.</span> <span class='ocrx_word' id='word_1_171' title='bbox 573 2655 615 2723; x_wconf 87' lang='lat'>12)</span> <span class='ocrx_word' id='word_1_172' title='bbox 629 2655 750 2725; x_wconf 86' lang='lat' dir='ltr'>legitur:</span> <span class='ocrx_word' id='word_1_173' title='bbox 770 2655 842 2708; x_wconf 90' lang='lat' dir='ltr'>“De</span> <span class='ocrx_word' id='word_1_174' title='bbox 854 2653 1022 2708; x_wconf 72' lang='lat' dir='ltr'>Poeuitentia</span> <span class='ocrx_word' id='word_1_175' title='bbox 1036 2653 1148 2722; x_wconf 88' lang='lat' dir='ltr'>docent,</span> 
     </span>
     <span class='ocr_line' id='line_1_24' title="bbox 42 2740 1147 2812; baseline 0 -18"><span class='ocrx_word' id='word_1_176' title='bbox 42 2740 124 2810; x_wconf 88' lang='lat' dir='ltr'>quod</span> <span class='ocrx_word' id='word_1_177' title='bbox 144 2741 233 2810; x_wconf 84' lang='lat' dir='ltr'>lapsis</span> <span class='ocrx_word' id='word_1_178' title='bbox 252 2753 316 2810; x_wconf 92' lang='lat' dir='ltr'>post</span> <span class='ocrx_word' id='word_1_179' title='bbox 331 2743 508 2812; x_wconf 86' lang='lat' dir='ltr'>Baptismum</span> <span class='ocrx_word' id='word_1_180' title='bbox 521 2743 684 2811; x_wconf 84' lang='lat' dir='ltr'>contingere</span> <span class='ocrx_word' id='word_1_181' title='bbox 702 2742 791 2812; x_wconf 89' lang='lat' dir='ltr'>possit</span> <span class='ocrx_word' id='word_1_182' title='bbox 811 2743 940 2797; x_wconf 89' lang='lat' dir='ltr'>remissio</span> <span class='ocrx_word' id='word_1_183' title='bbox 960 2753 1147 2811; x_wconf 88' lang='lat' dir='ltr'>peccatorum,</span> 
     </span>
     <span class='ocr_line' id='line_1_25' title="bbox 42 2828 1150 2900; baseline 0 -18"><span class='ocrx_word' id='word_1_184' title='bbox 42 2845 229 2898; x_wconf 89' lang='lat' dir='ltr'>quocumque</span> <span class='ocrx_word' id='word_1_185' title='bbox 254 2840 381 2900; x_wconf 89' lang='lat' dir='ltr'>tempore</span> <span class='ocrx_word' id='word_1_186' title='bbox 406 2848 470 2884; x_wconf 90' lang='lat' dir='ltr'>cum</span> <span class='ocrx_word' id='word_1_187' title='bbox 494 2841 715 2894; x_wconf 87' lang='lat' dir='ltr'>convertuntur;</span> <span class='ocrx_word' id='word_1_188' title='bbox 743 2841 770 2884; x_wconf 89' lang='lat' dir='ltr'>et</span> <span class='ocrx_word' id='word_1_189' title='bbox 792 2829 868 2898; x_wconf 92' lang='lat' dir='ltr'>quod</span> <span class='ocrx_word' id='word_1_190' title='bbox 892 2829 1022 2884; x_wconf 86' lang='lat' dir='ltr'>Ecclesia</span> <span class='ocrx_word' id='word_1_191' title='bbox 1047 2828 1150 2882; x_wconf 87' lang='lat' dir='ltr'>talibus</span> 
     </span>
     <span class='ocr_line' id='line_1_26' title="bbox 40 2913 1150 2987; baseline 0 -21"><span class='ocrx_word' id='word_1_192' title='bbox 40 2913 231 2969; x_wconf 87' lang='lat' dir='ltr'>redeuntibus</span> <span class='ocrx_word' id='word_1_193' title='bbox 245 2916 282 2969; x_wconf 88' lang='lat' dir='ltr'>ad</span> <span class='ocrx_word' id='word_1_194' title='bbox 295 2915 492 2987; x_wconf 81' lang='lat' dir='ltr'>poenitentiam</span> <span class='ocrx_word' id='word_1_195' title='bbox 505 2916 712 2970; x_wconf 88' lang='lat' dir='ltr'>absolutionem</span> <span class='ocrx_word' id='word_1_196' title='bbox 731 2915 865 2984; x_wconf 88' lang='lat' dir='ltr'>impartiri</span> <span class='ocrx_word' id='word_1_197' title='bbox 881 2915 983 2968; x_wconf 87' lang='lat' dir='ltr'>debeat</span> <span class='ocrx_word' id='word_1_198' title='bbox 992 2916 1013 2967; x_wconf 84' lang='lat'>¹⁷.</span> <span class='ocrx_word' id='word_1_199' title='bbox 1054 2914 1150 2982; x_wconf 87' lang='lat' dir='ltr'>(Apud</span> 
     </span>
     <span class='ocr_line' id='line_1_27' title="bbox 38 3001 1148 3072; baseline 0 -18"><span class='ocrx_word' id='word_1_200' title='bbox 38 3001 151 3069; x_wconf 71' lang='lat' dir='ltr'>Scleaffi</span> <span class='ocrx_word' id='word_1_201' title='bbox 166 3001 281 3068; x_wconf 86' lang='lat' dir='ltr'>Creeds,</span> <span class='ocrx_word' id='word_1_202' title='bbox 295 3003 349 3056; x_wconf 91' lang='lat' dir='ltr'>vol.</span> <span class='ocrx_word' id='word_1_203' title='bbox 370 3003 425 3067; x_wconf 86' lang='lat'>111,</span> <span class='ocrx_word' id='word_1_204' title='bbox 439 3020 463 3071; x_wconf 94' lang='lat' dir='ltr'>p.</span> <span class='ocrx_word' id='word_1_205' title='bbox 481 3001 533 3068; x_wconf 83' lang='lat'>14).</span> <span class='ocrx_word' id='word_1_206' title='bbox 550 3033 584 3041; x_wconf 90' lang='lat'>--</span> <span class='ocrx_word' id='word_1_207' title='bbox 598 3003 613 3029; x_wconf 90' lang='lat'><strong>“</strong></span> <span class='ocrx_word' id='word_1_208' title='bbox 625 3002 774 3055; x_wconf 83' lang='lat' dir='ltr'>Absolutio</span> <span class='ocrx_word' id='word_1_209' title='bbox 788 3002 899 3072; x_wconf 89' lang='lat' dir='ltr'>proprie</span> <span class='ocrx_word' id='word_1_210' title='bbox 918 3002 974 3055; x_wconf 91' lang='lat' dir='ltr'>dici</span> <span class='ocrx_word' id='word_1_211' title='bbox 994 3012 1086 3070; x_wconf 87' lang='lat' dir='ltr'>potest</span> <span class='ocrx_word' id='word_1_212' title='bbox 1106 3019 1148 3054; x_wconf 88' lang='lat' dir='ltr'>sa·</span> 
     </span>
     <span class='ocr_line' id='line_1_28' title="bbox 39 3088 1148 3160; baseline -0.001 -16"><span class='ocrx_word' id='word_1_213' title='bbox 39 3099 223 3144; x_wconf 72' lang='lat' dir='ltr'>crementum</span> <span class='ocrx_word' id='word_1_214' title='bbox 242 3091 431 3154; x_wconf 86' lang='lat' dir='ltr'>Poenitentiae,</span> <span class='ocrx_word' id='word_1_215' title='bbox 447 3101 477 3144; x_wconf 90' lang='lat' dir='ltr'>ut</span> <span class='ocrx_word' id='word_1_216' title='bbox 495 3092 581 3144; x_wconf 89' lang='lat' dir='ltr'>etiam</span> <span class='ocrx_word' id='word_1_217' title='bbox 602 3090 762 3144; x_wconf 85' lang='lat' dir='ltr'>scholastici</span> <span class='ocrx_word' id='word_1_218' title='bbox 782 3090 904 3160; x_wconf 86' lang='lat' dir='ltr'>theologi</span> <span class='ocrx_word' id='word_1_219' title='bbox 925 3088 1091 3145; x_wconf 88' lang='lat' dir='ltr'>eruditiores</span> <span class='ocrx_word' id='word_1_220' title='bbox 1111 3089 1148 3143; x_wconf 91' lang='lat' dir='ltr'>lo-</span> 
     </span>
     <span class='ocr_line' id='line_1_29' title="bbox 39 3175 655 3246; baseline -0.002 -17"><span class='ocrx_word' id='word_1_221' title='bbox 39 3176 192 3246; x_wconf 85' lang='lat' dir='ltr'>quuntur’&#39;</span> <span class='ocrx_word' id='word_1_222' title='bbox 206 3175 407 3242; x_wconf 76' lang='lat' dir='ltr'>(Melanckton,</span> <span class='ocrx_word' id='word_1_223' title='bbox 419 3177 535 3245; x_wconf 86' lang='lat' dir='ltr'>Apolog.</span> <span class='ocrx_word' id='word_1_224' title='bbox 549 3185 601 3230; x_wconf 91' lang='lat' dir='ltr'>art.</span> <span class='ocrx_word' id='word_1_225' title='bbox 620 3177 655 3244; x_wconf 81' lang='lat'>5).</span> 
     </span>
    </p>

    <p class='ocr_par' dir='ltr' id='par_1_5' title="bbox 38 3262 1147 3508">
     <span class='ocr_line' id='line_1_30' title="bbox 75 3262 1147 3334; baseline -0.001 -17"><span class='ocrx_word' id='word_1_226' title='bbox 75 3263 86 3292; x_wconf 76' lang='lat'><strong>³</strong></span> <span class='ocrx_word' id='word_1_227' title='bbox 101 3262 179 3317; x_wconf 89' lang='lat' dir='ltr'>“Sic</span> <span class='ocrx_word' id='word_1_228' title='bbox 192 3273 287 3317; x_wconf 88' lang='lat' dir='ltr'>autem</span> <span class='ocrx_word' id='word_1_229' title='bbox 300 3264 483 3334; x_wconf 86' lang='lat' dir='ltr'>cogitandum</span> <span class='ocrx_word' id='word_1_230' title='bbox 497 3275 549 3331; x_wconf 89' lang='lat' dir='ltr'>est,</span> <span class='ocrx_word' id='word_1_231' title='bbox 565 3280 743 3334; x_wconf 87' lang='lat' dir='ltr'>quocumque</span> <span class='ocrx_word' id='word_1_232' title='bbox 762 3264 934 3332; x_wconf 86' lang='lat' dir='ltr'>baptizemur</span> <span class='ocrx_word' id='word_1_233' title='bbox 947 3274 1082 3333; x_wconf 87' lang='lat' dir='ltr'>tempore,</span> <span class='ocrx_word' id='word_1_234' title='bbox 1096 3279 1147 3316; x_wconf 88' lang='lat' dir='ltr'>nos</span> 
     </span>
     <span class='ocr_line' id='line_1_31' title="bbox 39 3350 1147 3422; baseline -0.002 -18"><span class='ocrx_word' id='word_1_235' title='bbox 39 3353 134 3405; x_wconf 89' lang='lat' dir='ltr'>semel</span> <span class='ocrx_word' id='word_1_236' title='bbox 149 3351 178 3404; x_wconf 91' lang='lat' dir='ltr'>in</span> <span class='ocrx_word' id='word_1_237' title='bbox 191 3368 305 3406; x_wconf 90' lang='lat' dir='ltr'>omnem</span> <span class='ocrx_word' id='word_1_238' title='bbox 315 3353 401 3405; x_wconf 87' lang='lat' dir='ltr'>vitam</span> <span class='ocrx_word' id='word_1_239' title='bbox 411 3354 486 3406; x_wconf 85' lang='lat' dir='ltr'>ablui</span> <span class='ocrx_word' id='word_1_240' title='bbox 500 3363 527 3406; x_wconf 89' lang='lat' dir='ltr'>et</span> <span class='ocrx_word' id='word_1_241' title='bbox 541 3352 651 3422; x_wconf 87' lang='lat' dir='ltr'>purgari</span> <span class='ocrx_word' id='word_1_242' title='bbox 666 3371 671 3406; x_wconf 91' lang='lat'>:</span> <span class='ocrx_word' id='word_1_243' title='bbox 692 3351 786 3421; x_wconf 89' lang='lat' dir='ltr'>itaque</span> <span class='ocrx_word' id='word_1_244' title='bbox 799 3352 908 3422; x_wconf 90' lang='lat' dir='ltr'>quoties</span> <span class='ocrx_word' id='word_1_245' title='bbox 922 3352 992 3420; x_wconf 91' lang='lat' dir='ltr'>lapsi</span> <span class='ocrx_word' id='word_1_246' title='bbox 1006 3350 1147 3416; x_wconf 60' lang='lat' dir='ltr'>fuerimus</span> 
     </span>
     <span class='ocr_line' id='line_1_32' title="bbox 38 3437 1147 3508; baseline -0.003 -17"><span class='ocrx_word' id='word_1_247' title='bbox 38 3439 202 3508; x_wconf 87' lang='lat' dir='ltr'>repetenda</span> <span class='ocrx_word' id='word_1_248' title='bbox 215 3439 266 3493; x_wconf 88' lang='lat' dir='ltr'>erit</span> <span class='ocrx_word' id='word_1_249' title='bbox 281 3438 417 3508; x_wconf 88' lang='lat' dir='ltr'>Baptismi</span> <span class='ocrx_word' id='word_1_250' title='bbox 431 3439 575 3506; x_wconf 86' lang='lat' dir='ltr'>memoria,</span> <span class='ocrx_word' id='word_1_251' title='bbox 588 3451 615 3492; x_wconf 91' lang='lat' dir='ltr'>et</span> <span class='ocrx_word' id='word_1_252' title='bbox 629 3439 682 3491; x_wconf 68' lang='lat' dir='ltr'>hac</span> <span class='ocrx_word' id='word_1_253' title='bbox 696 3439 848 3492; x_wconf 86' lang='lat' dir='ltr'>armandus</span> <span class='ocrx_word' id='word_1_254' title='bbox 862 3439 982 3503; x_wconf 89' lang='lat' dir='ltr'>animus,</span> <span class='ocrx_word' id='word_1_255' title='bbox 990 3446 1021 3491; x_wconf 91' lang='lat' dir='ltr'>ut</span> <span class='ocrx_word' id='word_1_256' title='bbox 1033 3437 1069 3489; x_wconf 90' lang='lat' dir='ltr'>de</span> <span class='ocrx_word' id='word_1_257' title='bbox 1084 3453 1147 3504; x_wconf 92' lang='lat' dir='ltr'>pec-</span> 
     </span>
    </p>
   </div>
   <div class='ocr_carea' id='block_1_4' title="bbox 37 3523 1147 4366">
    <p class='ocr_par' dir='ltr' id='par_1_6' title="bbox 38 3523 1147 3763">
     <span class='ocr_line' id='line_1_33' title="bbox 38 3523 1147 3595; baseline -0.005 -16"><span class='ocrx_word' id='word_1_258' title='bbox 38 3537 174 3579; x_wconf 88' lang='lat' dir='ltr'>catomm</span> <span class='ocrx_word' id='word_1_259' title='bbox 185 3523 350 3578; x_wconf 89' lang='lat' dir='ltr'>remissione</span> <span class='ocrx_word' id='word_1_260' title='bbox 361 3541 472 3595; x_wconf 87' lang='lat' dir='ltr'>semper</span> <span class='ocrx_word' id='word_1_261' title='bbox 480 3536 572 3579; x_wconf 89' lang='lat' dir='ltr'>certus</span> <span class='ocrx_word' id='word_1_262' title='bbox 583 3541 754 3595; x_wconf 89' lang='lat' dir='ltr'>secumsque</span> <span class='ocrx_word' id='word_1_263' title='bbox 764 3526 799 3579; x_wconf 90' lang='lat' dir='ltr'>sit</span> <span class='ocrx_word' id='word_1_264' title='bbox 804 3545 811 3589; x_wconf 91' lang='lat'>;</span> <span class='ocrx_word' id='word_1_265' title='bbox 831 3541 897 3578; x_wconf 86' lang='lat' dir='ltr'>nam</span> <span class='ocrx_word' id='word_1_266' title='bbox 906 3525 959 3577; x_wconf 90' lang='lat' dir='ltr'>etsi</span> <span class='ocrx_word' id='word_1_267' title='bbox 969 3523 1147 3577; x_wconf 85' lang='lat' dir='ltr'>administra·</span> 
     </span>
     <span class='ocr_line' id='line_1_34' title="bbox 38 3606 1146 3677; baseline -0.004 -15"><span class='ocrx_word' id='word_1_268' title='bbox 38 3619 86 3662; x_wconf 90' lang='lat' dir='ltr'>tus</span> <span class='ocrx_word' id='word_1_269' title='bbox 103 3608 277 3676; x_wconf 79' lang='lat' dir='ltr'>praeteriisse</span> <span class='ocrx_word' id='word_1_270' title='bbox 290 3609 367 3662; x_wconf 91' lang='lat' dir='ltr'>visus</span> <span class='ocrx_word' id='word_1_271' title='bbox 387 3609 431 3674; x_wconf 90' lang='lat' dir='ltr'>sit,</span> <span class='ocrx_word' id='word_1_272' title='bbox 445 3609 645 3677; x_wconf 89' lang='lat' dir='ltr'>posterioribus</span> <span class='ocrx_word' id='word_1_273' title='bbox 665 3619 759 3662; x_wconf 92' lang='lat' dir='ltr'>tamen</span> <span class='ocrx_word' id='word_1_274' title='bbox 780 3609 902 3677; x_wconf 87' lang='lat' dir='ltr'>peccatis</span> <span class='ocrx_word' id='word_1_275' title='bbox 922 3616 1039 3660; x_wconf 87' lang='lat' dir='ltr'>nonest</span> <span class='ocrx_word' id='word_1_276' title='bbox 1060 3606 1146 3659; x_wconf 91' lang='lat' dir='ltr'>aboli-</span> 
     </span>
     <span class='ocr_line' id='line_1_35' title="bbox 39 3693 639 3763; baseline 0 -15"><span class='ocrx_word' id='word_1_277' title='bbox 39 3695 118 3749; x_wconf 86' lang='lat' dir='ltr'>tus&#39;&#39;.</span> <span class='ocrx_word' id='word_1_278' title='bbox 163 3693 322 3761; x_wconf 85' lang='lat' dir='ltr'>(Calvinus,</span> <span class='ocrx_word' id='word_1_279' title='bbox 339 3696 428 3750; x_wconf 89' lang='lat' dir='ltr'>lnstit.</span> <span class='ocrx_word' id='word_1_280' title='bbox 443 3697 459 3749; x_wconf 90' lang='lat' dir='ltr'>l.</span> <span class='ocrx_word' id='word_1_281' title='bbox 477 3697 526 3760; x_wconf 93' lang='lat' dir='ltr'>lV,</span> <span class='ocrx_word' id='word_1_282' title='bbox 542 3713 565 3749; x_wconf 90' lang='lat' dir='ltr'>c.</span> <span class='ocrx_word' id='word_1_283' title='bbox 586 3697 639 3763; x_wconf 82' lang='lat'>15.)</span> 
     </span>
    </p>

    <p class='ocr_par' dir='ltr' id='par_1_7' title="bbox 37 3779 1146 4366">
     <span class='ocr_line' id='line_1_36' title="bbox 74 3779 1145 3852; baseline -0.002 -18"><span class='ocrx_word' id='word_1_284' title='bbox 74 3797 87 3827; x_wconf 82' lang='lat'><strong>⁴</strong></span> <span class='ocrx_word' id='word_1_285' title='bbox 100 3783 178 3834; x_wconf 79' lang='lat' dir='ltr'>Ante</span> <span class='ocrx_word' id='word_1_286' title='bbox 192 3783 431 3845; x_wconf 85' lang='lat' dir='ltr'>communionem,</span> <span class='ocrx_word' id='word_1_287' title='bbox 447 3783 509 3836; x_wconf 88' lang='lat' dir='ltr'>haec</span> <span class='ocrx_word' id='word_1_288' title='bbox 527 3784 562 3836; x_wconf 88' lang='lat' dir='ltr'>ab</span> <span class='ocrx_word' id='word_1_289' title='bbox 577 3782 741 3852; x_wconf 85' lang='lat' dir='ltr'>Anglicanis</span> <span class='ocrx_word' id='word_1_290' title='bbox 761 3782 896 3836; x_wconf 90' lang='lat' dir='ltr'>ministris</span> <span class='ocrx_word' id='word_1_291' title='bbox 910 3781 1039 3835; x_wconf 89' lang='lat' dir='ltr'>dicuntur</span> <span class='ocrx_word' id='word_1_292' title='bbox 1058 3799 1063 3834; x_wconf 93' lang='lat'>:</span> <span class='ocrx_word' id='word_1_293' title='bbox 1086 3779 1145 3834; x_wconf 92' lang='lat' dir='ltr'>“Si</span> 
     </span>
     <span class='ocr_line' id='line_1_37' title="bbox 38 3863 1146 3936; baseline -0.002 -18"><span class='ocrx_word' id='word_1_294' title='bbox 38 3865 68 3918; x_wconf 92' lang='lat' dir='ltr'>in</span> <span class='ocrx_word' id='word_1_295' title='bbox 83 3863 183 3917; x_wconf 87' lang='lat' dir='ltr'>medio</span> <span class='ocrx_word' id='word_1_296' title='bbox 196 3874 320 3918; x_wconf 87' lang='lat' dir='ltr'>vestrum</span> <span class='ocrx_word' id='word_1_297' title='bbox 334 3865 396 3936; x_wconf 91' lang='lat' dir='ltr'>quis</span> <span class='ocrx_word' id='word_1_298' title='bbox 410 3867 565 3935; x_wconf 88' lang='lat' dir='ltr'>reperiatur</span> <span class='ocrx_word' id='word_1_299' title='bbox 578 3867 656 3935; x_wconf 91' lang='lat' dir='ltr'>cujus</span> <span class='ocrx_word' id='word_1_300' title='bbox 671 3865 845 3921; x_wconf 88' lang='lat' dir='ltr'>conscientia</span> <span class='ocrx_word' id='word_1_301' title='bbox 862 3865 890 3918; x_wconf 93' lang='lat' dir='ltr'>in</span> <span class='ocrx_word' id='word_1_302' title='bbox 905 3863 1057 3933; x_wconf 84' lang='lat' dir='ltr'>angoribus</span> <span class='ocrx_word' id='word_1_303' title='bbox 1071 3874 1099 3916; x_wconf 89' lang='lat' dir='ltr'>et</span> <span class='ocrx_word' id='word_1_304' title='bbox 1117 3863 1146 3916; x_wconf 88' lang='lat' dir='ltr'>in</span> 
     </span>
     <span class='ocr_line' id='line_1_38' title="bbox 38 3950 1145 4021; baseline -0.002 -15"><span class='ocrx_word' id='word_1_305' title='bbox 38 3950 185 4021; x_wconf 82' lang='lat' dir='ltr'>angustiis</span> <span class='ocrx_word' id='word_1_306' title='bbox 199 3963 334 4014; x_wconf 88' lang='lat' dir='ltr'>versetur,</span> <span class='ocrx_word' id='word_1_307' title='bbox 351 3963 435 4020; x_wconf 87' lang='lat' dir='ltr'>atque</span> <span class='ocrx_word' id='word_1_308' title='bbox 448 3953 641 4007; x_wconf 89' lang='lat' dir='ltr'>consolatione</span> <span class='ocrx_word' id='word_1_309' title='bbox 655 3955 698 4008; x_wconf 86' lang='lat' dir='ltr'>vel</span> <span class='ocrx_word' id='word_1_310' title='bbox 713 3953 830 4007; x_wconf 90' lang='lat' dir='ltr'>consilio</span> <span class='ocrx_word' id='word_1_311' title='bbox 844 3952 977 4020; x_wconf 83' lang='lat' dir='ltr'>indigeat,</span> <span class='ocrx_word' id='word_1_312' title='bbox 993 3951 1030 4005; x_wconf 89' lang='lat' dir='ltr'>ad</span> <span class='ocrx_word' id='word_1_313' title='bbox 1043 3967 1089 4004; x_wconf 92' lang='lat' dir='ltr'>me</span> <span class='ocrx_word' id='word_1_314' title='bbox 1102 3951 1145 4004; x_wconf 91' lang='lat' dir='ltr'>vel</span> 
     </span>
     <span class='ocr_line' id='line_1_39' title="bbox 37 4037 1145 4112; baseline -0.003 -19"><span class='ocrx_word' id='word_1_315' title='bbox 37 4041 78 4093; x_wconf 90' lang='lat' dir='ltr'>ad</span> <span class='ocrx_word' id='word_1_316' title='bbox 93 4038 182 4091; x_wconf 88' lang='lat' dir='ltr'>alium</span> <span class='ocrx_word' id='word_1_317' title='bbox 196 4038 374 4106; x_wconf 87' lang='lat' dir='ltr'>prudentem,</span> <span class='ocrx_word' id='word_1_318' title='bbox 390 4037 506 4094; x_wconf 72' lang='lat' dir='ltr'>doctum</span> <span class='ocrx_word' id='word_1_319' title='bbox 520 4056 552 4094; x_wconf 86' lang='lat' dir='ltr'>ac</span> <span class='ocrx_word' id='word_1_320' title='bbox 567 4039 594 4092; x_wconf 92' lang='lat' dir='ltr'>in</span> <span class='ocrx_word' id='word_1_321' title='bbox 609 4041 672 4108; x_wconf 85' lang='lat' dir='ltr'>lege</span> <span class='ocrx_word' id='word_1_322' title='bbox 687 4041 740 4094; x_wconf 90' lang='lat' dir='ltr'>Dei</span> <span class='ocrx_word' id='word_1_323' title='bbox 755 4041 874 4112; x_wconf 90' lang='lat' dir='ltr'>peritum</span> <span class='ocrx_word' id='word_1_324' title='bbox 889 4039 1065 4093; x_wconf 88' lang='lat' dir='ltr'>sacerdotem</span> <span class='ocrx_word' id='word_1_325' title='bbox 1080 4055 1145 4091; x_wconf 89' lang='lat' dir='ltr'>con·</span> 
     </span>
     <span class='ocr_line' id='line_1_40' title="bbox 37 4125 1146 4197; baseline -0.003 -15"><span class='ocrx_word' id='word_1_326' title='bbox 37 4127 133 4195; x_wconf 84' lang='lat' dir='ltr'>fugiat</span> <span class='ocrx_word' id='word_1_327' title='bbox 145 4145 152 4190; x_wconf 89' lang='lat'>;</span> <span class='ocrx_word' id='word_1_328' title='bbox 171 4125 337 4182; x_wconf 85' lang='lat' dir='ltr'>confiteatur</span> <span class='ocrx_word' id='word_1_329' title='bbox 350 4137 378 4182; x_wconf 89' lang='lat' dir='ltr'>et</span> <span class='ocrx_word' id='word_1_330' title='bbox 391 4127 504 4193; x_wconf 86' lang='lat' dir='ltr'>detegat</span> <span class='ocrx_word' id='word_1_331' title='bbox 519 4138 629 4182; x_wconf 90' lang='lat' dir='ltr'>secreto</span> <span class='ocrx_word' id='word_1_332' title='bbox 643 4138 760 4196; x_wconf 88' lang='lat' dir='ltr'>peccata</span> <span class='ocrx_word' id='word_1_333' title='bbox 773 4144 824 4180; x_wconf 85' lang='lat' dir='ltr'>sua</span> <span class='ocrx_word' id='word_1_334' title='bbox 837 4144 959 4197; x_wconf 90' lang='lat' dir='ltr'>suosque</span> <span class='ocrx_word' id='word_1_335' title='bbox 972 4143 1102 4194; x_wconf 86' lang='lat' dir='ltr'>angores,</span> <span class='ocrx_word' id='word_1_336' title='bbox 1116 4136 1146 4179; x_wconf 94' lang='lat' dir='ltr'>ut</span> 
     </span>
     <span class='ocr_line' id='line_1_41' title="bbox 39 4210 1145 4284; baseline -0.002 -16"><span class='ocrx_word' id='word_1_337' title='bbox 39 4210 307 4279; x_wconf 83' lang='lat' dir='ltr'>monitasalutaria,</span> <span class='ocrx_word' id='word_1_338' title='bbox 322 4214 440 4266; x_wconf 88' lang='lat' dir='ltr'>consilia</span> <span class='ocrx_word' id='word_1_339' title='bbox 453 4230 505 4267; x_wconf 90' lang='lat' dir='ltr'>nec</span> <span class='ocrx_word' id='word_1_340' title='bbox 525 4230 581 4266; x_wconf 92' lang='lat' dir='ltr'>non</span> <span class='ocrx_word' id='word_1_341' title='bbox 601 4214 701 4268; x_wconf 89' lang='lat' dir='ltr'>solatia</span> <span class='ocrx_word' id='word_1_342' title='bbox 721 4215 846 4284; x_wconf 89' lang='lat' dir='ltr'>recipere</span> <span class='ocrx_word' id='word_1_343' title='bbox 865 4215 962 4284; x_wconf 85' lang='lat' dir='ltr'>possit,</span> <span class='ocrx_word' id='word_1_344' title='bbox 977 4223 1005 4268; x_wconf 92' lang='lat' dir='ltr'>et</span> <span class='ocrx_word' id='word_1_345' title='bbox 1026 4230 1074 4281; x_wconf 92' lang='lat' dir='ltr'>per</span> <span class='ocrx_word' id='word_1_346' title='bbox 1094 4229 1145 4266; x_wconf 87' lang='lat' dir='ltr'>nos</span> 
     </span>
     <span class='ocr_line' id='line_1_42' title="bbox 40 4299 1143 4366; baseline -0.002 -13"><span class='ocrx_word' id='word_1_347' title='bbox 40 4301 100 4356; x_wconf 90' lang='lat' dir='ltr'>Dei</span> <span class='ocrx_word' id='word_1_348' title='bbox 115 4310 144 4354; x_wconf 89' lang='lat' dir='ltr'>et</span> <span class='ocrx_word' id='word_1_349' title='bbox 159 4299 463 4366; x_wconf 18' lang='lat' dir='ltr'>Ecclesiaefflministros</span> <span class='ocrx_word' id='word_1_350' title='bbox 476 4299 621 4355; x_wconf 87' lang='lat' dir='ltr'>fidentiam</span> <span class='ocrx_word' id='word_1_351' title='bbox 634 4313 661 4355; x_wconf 88' lang='lat' dir='ltr'>et</span> <span class='ocrx_word' id='word_1_352' title='bbox 676 4301 881 4356; x_wconf 90' lang='lat' dir='ltr'>absolutionem</span> <span class='ocrx_word' id='word_1_353' title='bbox 895 4302 1021 4356; x_wconf 87' lang='lat' dir='ltr'>obtineat</span> <span class='ocrx_word' id='word_1_354' title='bbox 1028 4303 1049 4355; x_wconf 90' lang='grc'>”.</span> <span class='ocrx_word' id='word_1_355' title='bbox 1088 4300 1143 4354; x_wconf 90' lang='lat' dir='ltr'>Csr.</span> 
     </span>
    </p>
   </div>
   <div class='ocr_carea' id='block_1_5' title="bbox 0 0 1390 4652">
    <p class='ocr_par' dir='ltr' id='par_1_8' title="bbox 0 0 1390 4652">
     <span class='ocr_line' id='line_1_43' title="bbox 0 0 1390 4652; baseline 0 4"><span class='ocrx_word' id='word_1_356' title='bbox 0 0 1390 4652; x_wconf 95' lang='lat' dir='ltr'> </span> 
     </span>
    </p>
   </div>
  </div>
 </body>
</html>
