2758 4652
246 176 313 228 sso
676 137 916 228 xnruusrrnrx.

242 361 333 415 tanae
349 353 382 415 in
400 354 569 417 interitum
586 357 694 418 carnis
705 356 765 434 '’1;
791 367 908 439 postea
924 368 1046 432 autem,
1064 376 1141 419 cum
1160 355 1257 419 illum
1277 377 1337 437 poe-

243 463 378 526 nituerit
399 464 630 546 Corinthiique
652 463 841 546 rogaverint
862 471 899 524 ut
919 461 949 523 ei
972 460 1209 542 ignosceretur,
1227 460 1339 523 Paulus

242 567 400 647 praecepit
421 577 458 630 ut
479 568 611 630 residua
633 584 708 649 pars
724 581 834 646 poenae
850 562 879 623 ei
897 561 1151 636 condonaretur,
1166 567 1184 590 “
1196 581 1239 623 ne
1255 560 1341 634 sorte,

242 667 357 749 inquit,
373 650 607 732 abundantiori
625 666 758 731 tristitia
774 663 1026 741 absorbeatur'',
1041 674 1075 727 et
1092 665 1125 727 in
1141 665 1342 746 desperatio

242 789 317 831 nem
336 770 492 834 incidat2.
538 771 624 854 Quae
640 769 776 852 quidem
799 767 1029 847 interpretatio
1047 768 1184 830 Petrum
1204 765 1343 830 auetori-

241 881 310 934 tate
325 872 496 949 firmatur;
519 875 566 936 ait
582 874 670 936 enim
690 869 725 934 S.
741 869 992 949 chrysostomus,
1004 869 1035 930 in
1053 869 1126 932 haec
1138 870 1233 933 Pauli
1247 871 1343 932 verba

241 985 493 1038 commentans:
518 981 533 1008 “
547 976 703 1056 Hincque
719 974 877 1036 docemur
891 972 981 1052 quod
998 991 1066 1034 non
1084 971 1193 1034 solum
1210 974 1255 1036 ad
1272 993 1342 1055 pec·

240 1087 389 1139 catorum
419 1088 581 1152 naturam,
607 1096 721 1140 verum
749 1075 849 1137 etiam
877 1073 920 1135 ad
949 1084 1095 1137 mentem
1125 1073 1344 1157 habitumque

240 1180 450 1258 peccantium
467 1189 620 1260 oporteat
637 1177 801 1242 moderari
817 1175 1050 1257 poenitentiam
1061 1175 1099 1252 ”3
1124 1177 1206 1239 item
1225 1175 1263 1240 S.
1280 1177 1344 1238 Pa·

239 1279 399 1344 cianuss:
435 1281 568 1343 “Vides
597 1278 753 1362 Apostoli
782 1276 1037 1358 indulgentiam,
1063 1279 1216 1360 proprias
1245 1281 1344 1342 etiam

240 1385 421 1446 sententias
452 1383 721 1464 temperantem?
772 1379 878 1444 Vides
915 1380 1124 1443 mitissimam
1160 1381 1346 1456 lenitatem,

240 1485 339 1568 longe
368 1508 388 1548 a
417 1498 529 1551 vestro
558 1487 734 1568 supercilio
762 1492 961 1565 separatam,
988 1483 1088 1565 longe
1115 1505 1135 1546 a
1162 1485 1346 1550 Novatiani

240 1586 347 1651 fronte
373 1589 578 1663 dissimilem,
603 1589 771 1651 communi
798 1607 876 1650 vero
900 1587 978 1650 vitae
1003 1607 1041 1649 ac
1066 1587 1165 1650 saluti
1191 1591 1347 1652 omnium

239 1691 469 1754 consulentem
481 1691 520 1753 ”i

283 1805 351 1875 119.
402 1793 528 1857 Tradit.
574 1795 692 1858 Primis
706 1794 865 1857 Ecclesiae
881 1791 1087 1873 temporibus
1101 1812 1166 1854 non
1181 1797 1349 1858 concede-

239 1894 359 1958 bantur
382 1898 517 1976 quidem
542 1898 759 1979 indulgentiae
782 1917 822 1958 eo
846 1895 982 1976 praecise
1006 1894 1108 1956 modo
1130 1915 1199 1976 quo
1222 1899 1351 1961 nostris

238 1997 355 2060 diebus
371 1999 501 2074 dantur,
517 1999 580 2061 sed¹
597 2009 710 2062 tamen
733 2017 834 2080 poena
855 1996 1049 2077 temporalis
1070 1997 1218 2078 peccatis
1235 2000 1351 2062 adhuc

238 2101 360 2177 debita,
374 2101 523 2165 totaliter
537 2103 588 2164 vel
606 2103 790 2184 partialiter
805 2099 1067 2174 condonabatur,
1083 2109 1119 2162 ut
1135 2119 1180 2161 ex
1197 2101 1352 2164 indubiis

238 2200 334 2266 factis
353 2203 545 2284 colligitur:
577 2205 627 2286 (a)
643 2225 686 2267 ex
707 2204 804 2285 praxi
826 2202 1001 2265 relaxandi
1017 2202 1213 2264 canonicam
1238 2208 1352 2285 poeni-

238 2307 376 2368 tentiam
402 2306 524 2368 intuitis
550 2306 784 2369 intercessionis
808 2314 1016 2385 irrartyrnw
1051 2305 1146 2383 cujus
1174 2307 1220 2366 rei
1252 2311 1353 2370 testis

237 2419 288 2470 est
303 2407 334 2470 Τ
331 2409 541 2479 ertullianus,·
564 2410 644 2471 dum
659 2409 767 2470 adhuc
779 2406 963 2469 catholicus
976 2415 1071 2480 esser,
1081 2405 1154 2468 haec
1167 2409 1352 2490 scripsit⁴z

238 2511 385 2572 “Pacem
403 2511 538 2591 quidam
557 2512 588 2572 in
608 2511 758 2573 Ecclesia
781 2531 845 2572 non
868 2511 1029 2573 habentes
1046 2531 1065 2571 a
1082 2512 1294 2591 martyribus
1319 2519 1351 2575 in

238 2633 367 2675 carcere
383 2633 521 2675 exorare
537 2624 779 2677 consueverunt
792 2635 800 2691 ;
823 2624 855 2675 et
873 2612 947 2675 ideo
960 2632 1034 2674 eam
1047 2613 1148 2675 etiam
1163 2628 1352 2696 propterea

238 2716 270 2777 in
294 2717 388 2778 vobis
411 2716 533 2779 habere
555 2727 589 2780 et
612 2717 731 2792 lovere,
746 2727 780 2778 et
803 2716 970 2778 custodire
993 2715 1131 2790 debetis,
1150 2725 1187 2778 ut
1209 2729 1250 2780 et
1274 2722 1351 2780 aliis

237 2820 585 2901 praestare‚possitis''.
631 2819 742 2902 Quam
766 2820 898 2900 praxim
921 2826 1048 2899 postea,
1063 2818 1096 2879 in
1115 2817 1350 2884 Montanista·

237 2942 308 2984 rum
322 2942 464 2986 errorem
482 2923 603 3004 lapsus
615 2923 803 3002 reprobavit
814 2931 848 2996 5;
871 2921 928 2982 sed
946 2929 979 2982 et
995 2920 1059 2981 hoc
1074 2920 1183 3002 ipsum
1200 2923 1351 2986 demon-

236 3035 319 3088 strat
349 3026 434 3087 hanc
462 3026 594 3106 praxim
621 3025 790 3086 exstitisse
818 3033 851 3086 et
878 3042 898 3084 a
927 3023 965 3084 R.
995 3020 1211 3086 Pontificibus
1243 3025 1350 3088 fuisse

236 3127 465 3207 approbatam.
511 3128 667 3208 Jamvero
684 3126 847 3188 relaxatio
864 3125 1071 3206 poenitentiae
1084 3127 1263 3190 canonicae
1277 3145 1351 3190 erar

237 3227 400 3292 relaxatio
416 3249 525 3310 poenae
542 3239 679 3311 peccato
693 3229 824 3303 debitae,
835 3249 938 3310 quum
955 3227 1153 3308 poenitentia
1165 3229 1208 3290 ad
1228 3235 1351 3293 remis-

238 3333 364 3394 sionem
381 3331 479 3412 hujus
495 3352 605 3412 poenae
621 3333 836 3394 ordinaretur.

237 3436 288 3516 (b)
299 3435 353 3497 Ex
364 3435 606 3514 antiquissimis
615 3435 755 3509 decretis,
765 3434 886 3515 quibus
897 3432 1073 3514 Episcopis
1085 3433 1186 3495 datur
1198 3431 1355 3499 facultas

237 3559 281 3600 ex
305 3538 472 3599 canonicis
498 3537 702 3617 poenitentiis
726 3535 852 3618 aliquid
878 3534 1079 3611 remittendi,
1100 3541 1296 3618 praesertim
1327 3543 1355 3601 si

237 3641 470 3722 poenitentium
487 3640 556 3701 vita
572 3638 746 3700 laudabilis
763 3639 879 3714 suerit;
906 3639 953 3699 ita
972 3635 1233 3718 aAncyranum
1253 3643 1357 3726 (314r

238 3743 383 3806 decrevit
399 3744 483 3822 (can.
499 3743 531 3823 5)
550 3763 557 3804 :
583 3749 598 3772 “
612 3743 796 3806 Statuimus
812 3752 850 3803 ut
867 3741 1036 3822 Episcopi,
1047 3743 1149 3805 modo
1164 3729 1355 3808 eonversa-

238 3846 337 3906 tionis
353 3844 557 3919 examinato,
573 3854 774 3925 potestatem
798 3843 944 3907 habeant
963 3844 1015 3906 vel
1037 3845 1152 3907 utendi
1163 3846 1356 3916 clementii,

238 3945 289 4006 vel
307 3946 380 4026 plus
396 3947 555 4027 temporis
573 3946 759 4027 adjiciendi.
807 3945 898 4008 Ante
913 3948 1027 4009 omnia
1039 3958 1150 4011 autem
1167 3959 1201 4012 et
1218 3971 1355 4032 praece·

1246 4116 1322 4124 ---

275 4182 282 4204 ¹
296 4179 312 4229 I
326 4177 386 4231 Cor.
401 4180 435 4244 V,
448 4193 502 4245 4-5.
516 4211 549 4218 —-
562 4179 572 4208 ²
584 4183 620 4234 II
632 4182 692 4236 Cor.
712 4184 749 4248 11,
762 4186 832 4238 6-10.
847 4216 882 4224 -
894 4193 905 4225 ³
918 4187 969 4255 Ep.
985 4203 1001 4255 3
1013 4187 1051 4241 ad
1065 4188 1213 4259 Sempron.

276 4258 413 4316 ‘Exhort
427 4265 463 4316 ad
479 4267 563 4319 Mart.
580 4285 604 4322 c.
623 4283 644 4322 r.
658 4297 690 4308 —-
705 4287 715 4320 s
729 4273 774 4325 De
789 4272 906 4328 Pudicic
921 4290 945 4327 c.
962 4289 1003 4328 22.
