2780 4646
238 170 300 220 104
688 166 824 218 CAPUT
840 167 885 214 11.

236 267 1321 294 ,Μ

234 348 314 406 enim
320 347 486 420 Jirstificari
494 345 589 404 adhuc
600 363 692 404 unum
706 344 873 416 significare
886 353 993 416 potest,
1002 343 1142 400 videlicet
1147 343 1259 414 justior
1268 339 1324 408 ficri

235 447 409 493 nonautem
425 435 681 506 declarari,quum
702 451 779 490 nova
797 431 959 490 declaratio
978 429 1068 502 priori
1082 429 1123 486 nil
1137 429 1238 488 addat.
1275 428 1321 485 Sed

235 524 350 582 etiamsi
363 524 482 582 daretur
495 524 618 580 verbum
632 521 804 592 hujusmodi
818 519 891 577 nihil
904 517 987 575 aliud
1001 517 1169 588 significare
1183 517 1237 574 nisi
1248 517 1322 572 decla-

235 611 434 682 rarejustum,
447 627 519 667 sane
531 609 683 666 attendere
702 609 848 666 debemus
867 607 906 664 de
925 623 986 676 quo
1006 605 1054 662 hic
1073 615 1191 676 agatur;
1207 606 1321 676 jamvero

236 697 358 768 quando
380 697 470 766 Deus,
490 696 541 769 qui
560 708 605 753 est
622 697 780 766 oneru'scius,
802 693 977 767 omm'mens
995 703 1025 750 et
1044 691 1160 750 infinite
1179 711 1268 750 torax
1284 693 1322 748 ali-

236 801 326 854 quem
344 785 457 854 justum
475 801 540 841 esse
559 781 697 854 declarat,
713 801 750 840 eo
769 783 834 855 ipso
853 780 993 838 eumdem
1012 779 1126 851 justum
1146 780 1235 846 sacit;
1252 797 1322 837 secus

235 871 314 929 enim
329 870 477 928 falleretur
490 869 534 927 vel
548 869 670 940 falleret,
685 888 721 926 ex
732 870 792 940 jam
807 867 903 926 dictis.

273 961 328 1026 136.
366 959 415 1026 (Β)
431 955 585 1014 Multoties
599 957 628 1012 in
642 956 671 1014 S.
687 955 792 1028 Script.
801 952 973 1025 justificatio
985 964 1176 1026 comparatur
1190 954 1323 1025 t·esti,qui

236 1045 404 1115 induimur;
423 1064 449 1101 v.
465 1061 492 1116 g.
510 1044 529 1074 “
539 1043 661 1101 Induite
674 1061 784 1101 novum
798 1041 951 1099 hominem
962 1040 995 1071 ”¹
1010 1061 1017 1111 ;
1036 1043 1057 1071 “
1067 1041 1272 1113 Exspoliantes
1282 1060 1324 1098 tos

236 1141 365 1189 veterem
379 1131 532 1188 hominem
546 1141 576 1188 et
590 1129 747 1187 induentes
761 1146 870 1185 novum
883 1128 924 1183 '’².
965 1129 1057 1201 Atqui
1071 1128 1278 1188 indumentum
1289 1141 1324 1186 est

235 1219 348 1290 aliquid
361 1219 568 1277 extrinsecum.
610 1219 699 1288 Ergo

271 1306 357 1378 Resp.
397 1305 575 1380 Justilicatio
600 1311 789 1375 comparatur
813 1299 886 1357 vesti
911 1301 1012 1372 quoad
1042 1301 1166 1372 nlr'qm'al,
1192 1301 1325 1359 concedo:

236 1392 337 1464 quoad
347 1392 455 1459 omma,
466 1409 552 1462 nego.
594 1389 747 1463 Siquidem
763 1387 812 1444 illa
825 1388 1009 1459 comparatio
1022 1387 1184 1446 adhibetur
1194 1389 1232 1446 ad
1242 1399 1324 1446 osten·

236 1480 370 1537 dendum
384 1479 572 1536 sanctitatem
586 1488 715 1534 nostram
731 1491 792 1531 non
811 1492 847 1531 ex
866 1474 963 1545 nobis,
979 1492 1032 1532 seu
1045 1492 1081 1533 ex
1095 1475 1159 1546 ipsa
1173 1475 1272 1533 naturai
1282 1492 1325 1529 no-

236 1566 296 1623 stra
308 1566 386 1635 oriri,
397 1565 449 1622 sed
464 1583 499 1622 ex
512 1564 625 1622 meritis
638 1563 757 1631 Christi,
769 1579 837 1632 quae
851 1560 938 1618 nobis
951 1561 1148 1634 applicantur,
1166 1580 1225 1620 non
1238 1573 1325 1618 autem
1384 1607 1385 1610 ,

237 1653 276 1712 ad
290 1651 477 1724 probandum
491 1651 733 1724 justificationem
748 1659 876 1704 nostram
891 1665 956 1706 esse
970 1647 1066 1705 solum
1086 1649 1287 1712 extrinsecam.
1299 1661 1326 1704 ut

238 1739 315 1796 clare
327 1757 363 1795 ex
376 1748 516 1796 contextu
530 1747 654 1808 apparet
669 1758 675 1792 :
696 1753 764 1792 nam
784 1737 852 1792 loco
871 1735 919 1793 cit.
934 1735 1052 1806 (Ephcs.
1070 1735 1123 1806 IV,
1138 1741 1230 1808 ²3·³²)
1243 1737 1328 1795 decla·
1384 1729 1385 1802 l

238 1837 316 1885 ratur
329 1843 383 1882 nos
397 1825 528 1882 renovari
542 1824 652 1882 debere
665 1823 697 1878 in
709 1824 825 1893 spr'ritu,
841 1841 893 1880 seu
915 1823 1079 1894 intrinsece,
1096 1835 1126 1881 et
1138 1842 1244 1882 omnes
1254 1825 1327 1881 nctus

238 1912 332 1969 malos
342 1921 371 1968 et
382 1911 450 1968 vitia
460 1911 614 1983 deponere
624 1910 744 1980 debere,
759 1919 788 1966 ut
800 1910 920 1966 virtutes
931 1909 1104 1967 christianas
1113 1911 1326 1982 amplectamur.

239 1997 331 2070 Atqui
345 1998 402 2055 hoc
416 1997 558 2069 supponit
578 1997 722 2054 internam
739 2007 767 2053 et
785 2013 883 2053 veram
904 1997 1135 2054 renovationem.
1177 1997 1329 2056 Conlimu-

238 2095 285 2142 tur
303 2085 361 2142 alio
382 2084 448 2142 loco
468 2085 496 2141 S.
521 2083 603 2140 Pauli
624 2082 675 2140 ubi
695 2082 824 2154 loquitur
842 2082 880 2139 de
899 2099 1025 2154 corpore
1044 2093 1165 2141 nostro:
1189 2083 1329 2156 “Oportet

238 2170 429 2244 corruptibile
448 2171 505 2227 hoc
525 2170 646 2228 induere
667 2170 929 2240 incorruptionem,
948 2179 977 2226 et
997 2170 1121 2227 mortale
1140 2170 1199 2228 hoc
1219 2171 1330 2228 induere

238 2258 489 2316 immortalitatem
499 2257 515 2282 ”
525 2256 543 2314 ³.
583 2256 674 2328 Atqui
696 2273 752 2313 vox
775 2257 790 2284 ⁴*
802 2255 951 2313 induere'’
972 2255 1029 2313 hoc
1048 2256 1116 2314 loco
1135 2268 1216 2315 certe
1235 2257 1330 2314 intelli-

238 2345 336 2418 genda
354 2355 398 2402 est
417 2344 455 2402 de
475 2343 635 2400 intrinseco
656 2341 883 2399 immortalitatis
902 2341 983 2399 dono
1003 2341 1090 2400 nobis
1103 2342 1221 2401 collato,
1260 2348 1330 2416 Ergo

239 2432 346 2504 pariter
365 2441 460 2487 textus
480 2431 613 2501 superior
630 2429 774 2486 “induite
794 2446 904 2486 novum
925 2428 1078 2486 hominem
1090 2429 1104 2452 ”
1124 2429 1163 2486 de
1183 2429 1330 2488 intrinseci

238 2519 329 2588 gratia
343 2515 429 2574 nobis
443 2516 550 2572 collata
564 2516 658 2587 accipi
673 2526 772 2587 potest
786 2537 792 2582 ;
811 2515 932 2572 aliunde
946 2525 1102 2573 contextus
1117 2515 1147 2573 id
1161 2517 1257 2587 exigit.

276 2617 330 2672 ¹37·
368 2603 417 2672 (C)
432 2602 542 2658 lterum
564 2601 671 2659 dicitur
690 2601 728 2658 de
749 2601 887 2659 Christo:
907 2601 993 2673 “Qui
1013 2601 1109 2659 ladius
1127 2613 1172 2659 est
1193 2603 1277 2660 nobis
1294 2620 1330 2659 sa·

240 2687 352 2763 pientia
370 2707 387 2745 a
409 2689 485 2752 Deo,
500 2697 530 2745 et
548 2688 669 2758 justitia,
683 2698 712 2746 et
729 2687 925 2745 sanctificatio
943 2699 972 2745 et
990 2689 1157 2760 redemptio
1168 2688 1184 2712 ’'
1192 2691 1210 2746 ⁴.
1248 2689 1330 2760 Atqui

238 2777 303 2834 haec
312 2774 400 2832 verba
410 2773 728 2846 significantJustitiam
740 2773 926 2831 Christiesse
935 2773 1021 2832 nobis
1031 2775 1218 2845 imputatam.
1250 2777 1329 2846 Ergo.
1383 2803 1384 2812 κ

274 2862 360 2933 Resp.
402 2861 489 2932 Nego
509 2859 675 2917 minorem:
696 2879 774 2932 nam,
791 2871 823 2918 ut
842 2879 877 2918 ex
896 2873 1036 2919 contextu
1056 2872 1085 2919 et
1104 2862 1177 2919 locis
1197 2864 1331 2934 parallelis

240 2949 393 3018 colligitur,
405 2965 509 3004 sensus
523 2957 566 3003 est
580 2946 732 3005 Christum
745 2966 809 3005 esse
823 2967 937 3005 cumam
952 2950 1129 3005 nieritoriam
1143 2960 1171 3007 et
1184 2951 1331 3022 efficientem
1383 2949 1384 3016 1

240 3045 269 3093 et
283 3033 371 3090 veluti
379 3033 491 3103 sontem
505 3032 724 3102 justificationis
745 3047 862 3105 nostrae,
876 3055 936 3093 non
955 3047 1055 3094 autem
1074 3039 1238 3096 extrinsece
1257 3037 1332 3095 nobis
1383 3027 1384 3108 l

240 3139 323 3178 suam
338 3119 524 3176 sanctitatem
540 3119 693 3190 imputare.
732 3123 780 3179 Sic
798 3141 868 3180 cum
888 3123 1012 3182 dicitur:
1035 3125 1116 3182 Deus
1135 3125 1278 3185 fortitudo
1290 3143 1333 3181 no·

241 3219 307 3277 stra,
324 3205 500 3263 illuminatio
521 3216 619 3262 nostra
639 3218 716 3274 etc.³,
731 3227 834 3266 sensus
853 3221 897 3267 est
919 3211 1015 3268 Deum
1037 3221 1144 3268 nostrae
1164 3211 1332 3269 fortitudinis
1383 3219 1384 3288 Ι

241 3305 269 3352 et
284 3293 507 3350 illuminationis
521 3311 585 3350 esse
599 3294 721 3359 iontem.
738 3297 850 3368 quippe
865 3297 916 3368 qui
933 3298 1021 3355 sortes
1040 3308 1069 3356 et
1089 3297 1270 3356 illuminatos
1288 3314 1332 3354 nos
1383 3296 1384 3323 l

241 3381 337 3439 efficit.

277 3475 331 3538 138.
366 3471 415 3536 (D)
430 3467 608 3540 Justiiicatio
621 3469 865 3527 condemnationi
880 3471 1054 3543 opponitur3
1067 3472 1149 3544 atqui
1164 3472 1333 3531 condemna·

240 3556 283 3614 tio
293 3573 352 3611 non
364 3555 432 3611 facit
443 3555 572 3626 aliquem
582 3573 645 3612 esse
655 3557 804 3625 reum‚sed
815 3558 910 3615 solum
922 3560 1052 3617 declarat
1063 3557 1145 3615 illum
1156 3576 1239 3615 reum
1251 3577 1310 3616 esse
1316 3560 1329 3609 ‘2

276 3637 361 3708 Resp.
399 3636 621 3695 Condemnatio
635 3656 695 3694 non
711 3639 778 3696 iacit
792 3641 914 3712 quidem
928 3641 1081 3697 hominem
1095 3657 1160 3698 esse
1173 3659 1267 3706 reum,
1278 3639 1332 3702 sed,

241 3734 273 3783 ut
291 3725 371 3794 justa
389 3723 436 3788 sit,
458 3723 614 3781 manifeste
633 3727 776 3797 supponit
796 3745 864 3785 eum
884 3746 967 3786 reum
985 3745 1056 3785 esse.
1103 3727 1236 3800 Quando
1259 3729 1334 3799 igitur
1382 3773 1383 3812 ,

243 3812 326 3868 Deus
346 3809 475 3867 declarat
494 3810 625 3882 aliquem
645 3830 709 3870 esse
727 3813 848 3884 justum,
871 3815 916 3872 vel
940 3813 1083 3886 supponit
1105 3831 1175 3871 eum
1197 3815 1259 3886 jam
1280 3829 1333 3872 esse

240 3899 363 3970 justum,
378 3898 422 3954 vel
437 3915 504 3955 eum
518 3899 630 3968 justum
645 3899 722 3957 iacit.

246 4008 308 4018 u—

275 4065 402 4133 ¹Eplaea
420 4063 468 4132 lV,
486 4081 526 4130 24·
541 4065 597 4104 -Ι
612 4064 712 4119 Coloss.
728 4064 782 4132 lll,
796 4081 866 4134 9-10.
882 4098 915 4105 -
928 4075 937 4106 ³
951 4067 970 4118 Ι
981 4067 1043 4120 Cor.
1060 4067 1123 4130 XV,
1141 4080 1181 4136 53.

274 4150 389 4205 ‘leon
407 4153 429 4218 1,
443 4167 525 4220 30.-
541 4148 551 4177 ⁵
566 4155 611 4205 as.
630 4155 726 4218 xvir,
740 4170 767 4216 2;
788 4155 895 4219 XXVI,
913 4169 936 4217 1;
957 4155 1044 4219 cxx,
1062 4169 1085 4221 ς,

276 4235 344 4292 ⁶lta
358 4239 464 4308 Hodge,
480 4239 598 4307 Systent.
614 4241 697 4294 theol.
714 4241 768 4294 vol.
784 4241 839 4306 ΙΙΙ,
852 4257 879 4309 p.
896 4255 953 4296 121.
