2752 4648
196 193 250 243 DE
269 195 780 250 MYSTER10·PRAESENT1AE
800 201 964 253 ΚΕΗ-18.
1066 206 1133 256 ³4⁷

44 375 73 428 ut
92 369 158 432 ulla
178 373 320 454 amplius
341 376 446 440 subsit
467 378 562 459 panis
578 389 611 442 et
627 381 694 442 vini
711 371 906 456 substantia,
922 384 1081 463 quoniam
1098 405 1136 445 ea

43 472 208 535 incidentia
224 475 345 540 Christi
361 481 489 560 corpori
506 491 539 544 et
555 483 707 564 sanguini
725 483 883 566 inhaerere
902 505 969 547 non
987 494 1137 566 possunt,

44 573 228 656 relinquitur
245 590 282 643 ut
301 601 400 662 supra
421 602 554 646 omnem
579 595 705 649 naturae
727 587 887 662 ordinem,
903 589 975 670 ipsa
995 608 1031 649 se
1047 587 1137 650 nulla

43 677 98 738 alia
115 699 148 741 re
165 681 245 756 nisa,
261 694 467 749 sustentent:
490 687 555 750 hoec
561 699 717 770 perpetua
736 700 767 753 ct
787 701 935 754 constans
941 691 1016 770 suit
1029 691 1136 754 catho-

43 779 101 842 lt'ccc
114 785 246 848 ecclesiae
259 787 407 850 doctrina
417 789 440 850 ’'.

43 879 256 962 lleattbni;
273 909 349 952 nam
367 891 399 952 in
418 891 626 955 Eucharistia
643 895 781 957 Inveniri
797 895 897 958 debet
913 896 1046 978 signum
1063 915 1137 957 sen·

44 984 138 1064 sibile,
148 1010 267 1072 corpus
280 992 402 1057 Christi
418 995 530 1076 aliquo
546 998 647 1059 modo
662 997 836 1059 continens
852 1007 885 1061 et
902 997 1136 1086 manifestansj

44 1091 127 1170 atqui
151 1093 177 1154 si
200 1097 326 1176 species
350 1097 474 1168 nullam
499 1097 699 1180 objediivam
724 1100 907 1163 realitatem
927 1099 1062 1174 habent,
1078 1099 1136 1162 sed

44 1203 112 1256 sunt
133 1211 222 1258 mere
243 1197 506 1264 modificationes
521 1203 553 1263 in
570 1201 721 1264 sensibus
737 1203 857 1267 nostris
874 1201 1053 1284 produdiae‚
1065 1203 1135 1284 jam

44 1309 166 1360 cessant
189 1320 261 1362 esse
283 1303 416 1380 signum
438 1304 602 1378 sensibile,
619 1324 738 1385 corpus
759 1304 881 1370 Christi
905 1307 1079 1368 continens
1103 1313 1137 1366 et

45 1401 176 1478 gratiam
199 1405 473 1467 sacramentalem
495 1405 693 1486 significans.
740 1406 776 1470 Si
792 1417 903 1470 autem
920 1408 1049 1470 dicatur
1064 1407 1136 1470 illas

47 1503 300 1568 modificationes
315 1527 335 1568 a
353 1507 426 1569 Deo
447 1508 584 1588 produci
603 1509 704 1570 etiam
729 1509 761 1570 in
784 1509 976 1590 corporibus
999 1510 1136 1571 circum·

46 1607 211 1684 stantibus,
227 1608 418 1689 hujusmodi
438 1611 660 1692 phaenomena
682 1631 747 1672 non
771 1621 912 1692 possunt
932 1612 1041 1674 vocari
1064 1632 1136 1693 spe·

47 1706 103 1770 cies
118 1711 213 1789 panis
235 1721 269 1774 et
291 1712 367 1788 vini,
382 1733 484 1794 quum
506 1713 550 1776 ab
573 1713 620 1774 eis
640 1733 772 1794 prorsus
795 1712 960 1791 differant,
976 1735 1036 1776 nec
1057 1713 1137 1777 ullo·

48 1810 140 1872 modo
154 1815 326 1877 continent
341 1835 461 1897 corpus
477 1815 611 1892 Christi,
626 1835 728 1896 quum
749 1836 814 1880 non
838 1817 987 1880 existant
1003 1817 1064 1880 nisi
1082 1817 1136 1880 ubi

47 1916 272 1992 producuntur,
287 1919 440 1982 videlicet
457 1920 488 1981 in
506 1919 699 2001 corporibus
715 1919 945 2000 adjacentibus
961 1930 994 1984 et
1010 1921 1043 1983 in
1060 1940 1137 1982 ocu·

48 2013 79 2076 lis
92 2020 218 2082 nostris.
266 2021 357 2102 Ergo
372 2041 439 2084 non
456 2023 586 2086 videtur
601 2025 771 2103 quomodo
785 2022 1014 2086 Cartesianum
1033 2033 1137 2103 syste-

48 2137 94 2179 ma
108 2141 182 2183 cum
198 2121 349 2185 doetrina
365 2125 527 2187 catholica
543 2125 709 2188 conciliari
726 2126 839 2206 possit.

84 2223 237 2305 Systema
259 2229 440 2290 recentium
463 2230 691 2291 atonn'staram
714 2229 820 2291 salvat
844 2227 978 2309 quidem
1000 2225 1136 2308 objecti·

47 2342 113 2388 iam
129 2331 312 2410 specierum
329 2329 523 2406 realitatem‚
535 2342 569 2394 et
585 2352 629 2393 ex
645 2332 708 2392 hoc
724 2331 833 2412 capite
849 2350 931 2393 cum·
941 2329 1006 2393 lide
1022 2351 1137 2394 conso-

49 2439 97 2490 nat
112 2452 119 2506 ;
141 2451 181 2493 eo
201 2442 314 2496 tamen
338 2433 494 2509 admisso,
510 2454 575 2496 non
593 2445 742 2497 remanet
758 2434 882 2516 aliquid
900 2435 996 2516 panis
1013 2443 1046 2497 et
1061 2434 1138 2510 vini,

48 2534 96 2593 sed
119 2535 225 2598 solum
248 2536 298 2598 vis
321 2537 503 2612 resistendi,
519 2556 593 2617 quae
610 2556 685 2598 vere
708 2536 820 2600 diflert
842 2535 885 2600 ab
911 2538 1138 2601 accidentibus

49 2637 132 2710 panis
148 2645 181 2700 et
195 2639 281 2714 vini;
296 2640 385 2719 quod
402 2659 468 2702 non
482 2639 577 2701 facile
593 2639 787 2703 conciliatur
801 2659 876 2702 cum
893 2637 991 2704 dietis
1003 2641 1137 2706 Patrum

49 2753 80 2795 ac
94 2737 322 2821 theologorum
339 2741 529 2803 docentium
548 2741 672 2823 aliquid
690 2743 785 2822 panis
807 2762 846 2803 ac
868 2742 934 2803 vini
955 2761 1139 2820 remanere;

49 2841 127 2902 unde
143 2843 252 2906 minus
268 2843 438 2925 probabile
454 2854 511 2907 est
834 2843 837 2849 ’

77 2967 112 3019 44
139 2955 186 3024 (C)
195 2953 388 3025 Dynanu'stoe,
401 2955 461 3027 qui,
474 2965 542 3027 post
555 2954 747 3012 Ler'bnitzium
761 2972 795 3011 ac
809 2955 964 3022 Korniata,
978 2953 1138 3012 admittunt

50 3051 161 3110 corpora
173 3056 309 3099 constare
328 3042 481 3100 elementis
501 3059 561 3098 non
581 3043 707 3100 extensis
726 3039 778 3098 sed
798 3040 992 3112 simplicibus
1004 3059 1056 3098 seu
1074 3041 1138 3099 viri·

50 3121 96 3182 bus
109 3128 276 3196 melitensis,
289 3147 349 3188 rem
363 3129 405 3186 sic
418 3130 563 3201 explicare
576 3139 740 3186 conantur:
760 3127 790 3184 in
808 3127 943 3199 quolibet
955 3145 1080 3200 corpore
1093 3129 1139 3186 vel

50 3221 138 3272 atomo
150 3216 212 3273 duo
225 3215 366 3286 distingui
380 3225 504 3287 possunt
518 3239 524 3272 :
544 3215 658 3270 nucleus
670 3213 791 3285 quidam
807 3213 921 3286 virium,
937 3215 988 3290 qui
1004 3214 1138 3272 substan-

52 3297 83 3353 tia
94 3303 186 3359 vocari
200 3313 307 3374 potest,
322 3313 353 3360 et
366 3303 441 3360 vires
458 3319 509 3360 seu
527 3301 671 3373 principia
690 3300 832 3372 proxima,
844 3301 955 3372 quibus
971 3302 1139 3372 producun-

52 3395 88 3440 tur
95 3389 280 3458 phanonecna
293 3387 483 3456 extensionis
495 3387 610 3456 coloris,
627 3387 740 3458 saporis
752 3397 816 3457 etc,
834 3404 962 3458 quaeque
976 3387 1055 3443 velut
1072 3387 1138 3442 acci-

51 3470 134 3531 dentia
147 3476 273 3548 speclari
289 3486 422 3547 possunt.
458 3475 595 3547 Jamvero
609 3471 937 3532 transsubstantiatione
950 3473 1071 3542 nucleus,
1087 3489 1139 3530 seu

52 3559 201 3620 substantia
216 3562 301 3634 panis
314 3571 343 3618 et
356 3561 414 3618 vini
430 3559 538 3618 desinit
552 3577 616 3616 esse
629 3569 658 3617 et
672 3559 700 3614 in
715 3560 778 3630 ejus
791 3558 890 3616 locum
909 3559 988 3616 cedit
1006 3557 1139 3614 substan·

52 3645 83 3700 tia
94 3650 222 3721 corporis
236 3659 265 3706 et
277 3647 429 3719 sangninis
443 3647 552 3706 Christi
566 3667 574 3718 ;
594 3647 738 3718 principia
751 3656 860 3716 autem,
874 3663 926 3702 seu
938 3645 1021 3714 vires,
1031 3644 1139 3715 quibus

53 3734 391 3806 causanturphoenomena
405 3734 593 3802 extensionis,
606 3733 713 3790 coloris
726 3742 795 3798 eto,
810 3731 928 3788 actione
941 3731 1042 3789 divina
1055 3732 1139 3790 mira·

53 3819 138 3879 tulose
150 3831 347 3894 permanent:
366 3820 432 3892 quis
446 3821 525 3878 enim
540 3819 659 3891 negabit
675 3820 772 3875 Deum
787 3816 959 3896 hujusmodi
973 3815 1139 3888 phaenome-

54 3921 90 3976 na,
99 3909 210 3981 absque
224 3908 309 3981 panis
322 3907 423 3966 etvini
437 3908 601 3966 substantia
616 3907 781 3979 producere
794 3904 918 3976 ροεεεί1
956 3905 1034 3962 Rern
1049 3906 1140 3963 modo

53 3995 180 4068 tantisper
192 3995 310 4054 diverso
323 3995 446 4066 exponit
458 3993 621 4052 Palmieril
630 4017 640 4050 :
655 3995 674 4022 ·‘
686 3992 891 4066 Supponimus
910 3992 986 4049 enlm
1004 3990 1140 4050 substan-

53 4077 111 4138 tiam
124 4083 271 4166 propriam
286 4081 417 4153 corporis
430 4081 515 4162 panis
529 4092 558 4138 et
572 4081 629 4138 vini
646 4098 705 4137 non
719 4097 784 4138 esse
795 4079 850 4164 nisi
861 4079 1012 4140 materiam
1027 4081 1141 4151 ponde·

81 4227 87 4250 ¹
101 4221 151 4274 Cir.
165 4221 333 4290 Dalgairns,
350 4237 393 4288 op.
408 4220 454 4273 cit.
471 4237 498 4288 p.
514 4219 558 4274 ob.
834 4245 838 4254 .

80 4313 88 4334 ²
102 4306 219 4361 Institut.
237 4305 406 4376 philosoph,
418 4307 472 4360 vol.
489 4306 527 4370 ll,
544 4303 655 4371 Roma,
671 4306 746 4373 1875,
762 4305 886 4360 Cosmol.
902 4305 942 4359 th.
959 4303 1002 4370 26,
1014 4321 1042 4372 p.
1062 4304 1118 4372 183.
