<?xml version="1.0" encoding="UTF-8"?>
<!DOCTYPE html PUBLIC "-//W3C//DTD XHTML 1.0 Transitional//EN"
    "http://www.w3.org/TR/xhtml1/DTD/xhtml1-transitional.dtd">
<html xmlns="http://www.w3.org/1999/xhtml" xml:lang="en" lang="en">
 <head>
  <title>
</title>
<meta http-equiv="Content-Type" content="text/html;charset=utf-8" />
  <meta name='ocr-system' content='tesseract 3.04.00' />
  <meta name='ocr-capabilities' content='ocr_page ocr_carea ocr_par ocr_line ocrx_word'/>
</head>
<body>
  <div class='ocr_page' id='page_1' title='image "./synopsistheolog01tanqgoog_0718.png"; bbox 0 0 2794 4662; ppageno 0'>
   <div class='ocr_carea' id='block_1_1' title="bbox 211 169 1034 258">
    <p class='ocr_par' dir='ltr' id='par_1_1' title="bbox 211 169 1034 258">
     <span class='ocr_line' id='line_1_1' title="bbox 211 169 1034 258; baseline -0.009 -32"><span class='ocrx_word' id='word_1_1' title='bbox 211 176 276 228; x_wconf 87' lang='grc'>702</span> <span class='ocrx_word' id='word_1_2' title='bbox 440 247 443 258; x_wconf 41' lang='grc' dir='ltr'>Ι</span> <span class='ocrx_word' id='word_1_3' title='bbox 474 174 542 223; x_wconf 79' lang='lat' dir='ltr'>-DE</span> <span class='ocrx_word' id='word_1_4' title='bbox 561 173 643 223; x_wconf 78' lang='grc' dir='ltr'>ΠΕΟ</span> <span class='ocrx_word' id='word_1_5' title='bbox 661 169 1034 222; x_wconf 72' lang='lat' dir='ltr'>Rumuuurtn&#39;ronu.</span> 
     </span>
    </p>
   </div>
   <div class='ocr_carea' id='block_1_2' title="bbox 215 291 517 300">
    <p class='ocr_par' dir='ltr' id='par_1_2' title="bbox 215 291 517 300">
     <span class='ocr_line' id='line_1_2' title="bbox 215 291 517 300; baseline -0.01 -1"><span class='ocrx_word' id='word_1_6' title='bbox 215 292 295 300; x_wconf 75' lang='lat'>.—....</span> <span class='ocrx_word' id='word_1_7' title='bbox 305 291 517 298; x_wconf 67' lang='lat'><strong>———.-————</strong></span> 
     </span>
    </p>
   </div>
   <div class='ocr_carea' id='block_1_3' title="bbox 212 345 1316 508">
    <p class='ocr_par' dir='ltr' id='par_1_3' title="bbox 212 345 1316 508">
     <span class='ocr_line' id='line_1_3' title="bbox 212 345 1316 423; baseline -0.003 -17"><span class='ocrx_word' id='word_1_8' title='bbox 212 367 282 408; x_wconf 91' lang='lat' dir='ltr'>vero</span> <span class='ocrx_word' id='word_1_9' title='bbox 294 351 456 409; x_wconf 85' lang='lat' dir='ltr'>innumeris</span> <span class='ocrx_word' id='word_1_10' title='bbox 469 350 536 423; x_wconf 90' lang='lat' dir='ltr'>plus</span> <span class='ocrx_word' id='word_1_11' title='bbox 549 350 684 408; x_wconf 91' lang='lat' dir='ltr'>minusve</span> <span class='ocrx_word' id='word_1_12' title='bbox 696 348 842 422; x_wconf 86' lang='lat' dir='ltr'>implicite</span> <span class='ocrx_word' id='word_1_13' title='bbox 855 348 1033 420; x_wconf 88' lang='lat' dir='ltr'>supponitur</span> <span class='ocrx_word' id='word_1_14' title='bbox 1050 367 1055 405; x_wconf 96' lang='lat'><strong>:</strong></span> <span class='ocrx_word' id='word_1_15' title='bbox 1072 347 1114 405; x_wconf 53' lang='lat' dir='ltr'>‘de</span> <span class='ocrx_word' id='word_1_16' title='bbox 1133 347 1170 404; x_wconf 81' lang='lat' dir='ltr'>eri</span> <span class='ocrx_word' id='word_1_17' title='bbox 1189 345 1316 418; x_wconf 87' lang='lat' dir='ltr'>proinde</span> 
     </span>
     <span class='ocr_line' id='line_1_4' title="bbox 212 437 465 508; baseline -0.008 -13"><span class='ocrx_word' id='word_1_18' title='bbox 212 437 339 495; x_wconf 89' lang='lat' dir='ltr'>dubitari</span> <span class='ocrx_word' id='word_1_19' title='bbox 354 437 465 508; x_wconf 86' lang='lat' dir='ltr'>nequit.</span> 
     </span>
    </p>
   </div>
   <div class='ocr_carea' id='block_1_4' title="bbox 208 534 1317 1825">
    <p class='ocr_par' dir='ltr' id='par_1_4' title="bbox 208 534 1317 1825">
     <span class='ocr_line' id='line_1_5' title="bbox 246 534 1317 610; baseline -0.007 -14"><span class='ocrx_word' id='word_1_20' title='bbox 246 537 396 608; x_wconf 86' lang='lat' dir='ltr'>objicitur</span> <span class='ocrx_word' id='word_1_21' title='bbox 407 536 530 610; x_wconf 91' lang='lat' dir='ltr'>quidem</span> <span class='ocrx_word' id='word_1_22' title='bbox 544 537 574 593; x_wconf 92' lang='lat' dir='ltr'>in</span> <span class='ocrx_word' id='word_1_23' title='bbox 588 537 739 608; x_wconf 53' lang='lat' dir='ltr'>Scriptura</span> <span class='ocrx_word' id='word_1_24' title='bbox 757 535 857 594; x_wconf 91' lang='lat' dir='ltr'>doceri</span> <span class='ocrx_word' id='word_1_25' title='bbox 870 535 994 606; x_wconf 78' lang='lat' dir='ltr'>finalem</span> <span class='ocrx_word' id='word_1_26' title='bbox 1012 534 1142 590; x_wconf 80' lang='lat' dir='ltr'>omnium</span> <span class='ocrx_word' id='word_1_27' title='bbox 1163 534 1317 590; x_wconf 75' lang='lat' dir='ltr'>restitutio-</span> 
     </span>
     <span class='ocr_line' id='line_1_6' title="bbox 211 619 1314 694; baseline -0.004 -14"><span class='ocrx_word' id='word_1_28' title='bbox 211 642 282 691; x_wconf 82' lang='lat' dir='ltr'>nem,</span> <span class='ocrx_word' id='word_1_29' title='bbox 295 624 323 680; x_wconf 88' lang='lat' dir='ltr'>vi</span> <span class='ocrx_word' id='word_1_30' title='bbox 336 625 421 694; x_wconf 75' lang='lat' dir='ltr'>cuius</span> <span class='ocrx_word' id='word_1_31' title='bbox 435 641 548 693; x_wconf 88' lang='lat' dir='ltr'>omnes,</span> <span class='ocrx_word' id='word_1_32' title='bbox 562 624 651 681; x_wconf 89' lang='lat' dir='ltr'>etiam</span> <span class='ocrx_word' id='word_1_33' title='bbox 665 622 807 692; x_wconf 85' lang='lat' dir='ltr'>damnati,</span> <span class='ocrx_word' id='word_1_34' title='bbox 821 621 944 680; x_wconf 88' lang='lat' dir='ltr'>tandem</span> <span class='ocrx_word' id='word_1_35' title='bbox 956 620 1120 693; x_wconf 87' lang='lat' dir='ltr'>aliquando</span> <span class='ocrx_word' id='word_1_36' title='bbox 1134 620 1207 677; x_wconf 80' lang='lat' dir='ltr'>salvi</span> <span class='ocrx_word' id='word_1_37' title='bbox 1223 619 1314 677; x_wconf 84' lang='lat' dir='ltr'>fient:</span> 
     </span>
     <span class='ocr_line' id='line_1_7' title="bbox 211 707 1316 779; baseline -0.002 -13"><span class='ocrx_word' id='word_1_38' title='bbox 211 709 426 768; x_wconf 88' lang='lat' dir='ltr'>“Poenitemini</span> <span class='ocrx_word' id='word_1_39' title='bbox 447 710 544 778; x_wconf 88' lang='lat' dir='ltr'>igitur,</span> <span class='ocrx_word' id='word_1_40' title='bbox 556 721 585 767; x_wconf 88' lang='lat' dir='ltr'>et</span> <span class='ocrx_word' id='word_1_41' title='bbox 604 707 821 775; x_wconf 86' lang='lat' dir='ltr'>convertimini,</span> <span class='ocrx_word' id='word_1_42' title='bbox 834 718 866 765; x_wconf 91' lang='lat' dir='ltr'>ut</span> <span class='ocrx_word' id='word_1_43' title='bbox 885 707 1040 765; x_wconf 85' lang='lat' dir='ltr'>deleantur</span> <span class='ocrx_word' id='word_1_44' title='bbox 1059 716 1184 779; x_wconf 82' lang='lat' dir='ltr'>peccata</span> <span class='ocrx_word' id='word_1_45' title='bbox 1201 717 1316 769; x_wconf 81' lang='lat' dir='ltr'>vestm:</span> 
     </span>
     <span class='ocr_line' id='line_1_8' title="bbox 210 793 1315 868; baseline -0.001 -16"><span class='ocrx_word' id='word_1_46' title='bbox 210 807 243 854; x_wconf 92' lang='lat' dir='ltr'>ut</span> <span class='ocrx_word' id='word_1_47' title='bbox 255 815 324 854; x_wconf 91' lang='lat' dir='ltr'>cum</span> <span class='ocrx_word' id='word_1_48' title='bbox 338 797 472 854; x_wconf 88' lang='lat' dir='ltr'>venerint</span> <span class='ocrx_word' id='word_1_49' title='bbox 487 807 621 868; x_wconf 86' lang='lat' dir='ltr'>tempora</span> <span class='ocrx_word' id='word_1_50' title='bbox 640 796 780 868; x_wconf 80' lang='lat' dir='ltr'>refrigerii</span> <span class='ocrx_word' id='word_1_51' title='bbox 794 815 811 853; x_wconf 92' lang='lat' dir='ltr'>a</span> <span class='ocrx_word' id='word_1_52' title='bbox 823 794 988 866; x_wconf 71' lang='lat' dir='ltr'>conspectu</span> <span class='ocrx_word' id='word_1_53' title='bbox 1004 793 1136 863; x_wconf 87' lang='lat' dir='ltr'>Domini,</span> <span class='ocrx_word' id='word_1_54' title='bbox 1154 804 1184 850; x_wconf 91' lang='lat' dir='ltr'>et</span> <span class='ocrx_word' id='word_1_55' title='bbox 1204 794 1315 851; x_wconf 82' lang='lat' dir='ltr'>miserit</span> 
     </span>
     <span class='ocr_line' id='line_1_9' title="bbox 209 881 1315 957; baseline -0.005 -15"><span class='ocrx_word' id='word_1_56' title='bbox 209 902 279 942; x_wconf 90' lang='lat' dir='ltr'>eum</span> <span class='ocrx_word' id='word_1_57' title='bbox 293 886 343 956; x_wconf 87' lang='lat' dir='ltr'>qui</span> <span class='ocrx_word' id='word_1_58' title='bbox 363 885 541 956; x_wconf 72' lang='lat' dir='ltr'>praedicatus</span> <span class='ocrx_word' id='word_1_59' title='bbox 555 894 599 941; x_wconf 90' lang='lat' dir='ltr'>est</span> <span class='ocrx_word' id='word_1_60' title='bbox 612 883 706 952; x_wconf 90' lang='lat' dir='ltr'>vobis,</span> <span class='ocrx_word' id='word_1_61' title='bbox 719 883 822 957; x_wconf 90' lang='lat' dir='ltr'>Jesum</span> <span class='ocrx_word' id='word_1_62' title='bbox 836 881 999 946; x_wconf 88' lang='lat' dir='ltr'>Christum,</span> <span class='ocrx_word' id='word_1_63' title='bbox 1013 897 1102 950; x_wconf 82' lang='lat' dir='ltr'>quern</span> <span class='ocrx_word' id='word_1_64' title='bbox 1117 891 1239 951; x_wconf 85' lang='lat' dir='ltr'>oportet</span> <span class='ocrx_word' id='word_1_65' title='bbox 1252 883 1315 952; x_wconf 84' lang='lat' dir='ltr'>qui-</span> 
     </span>
     <span class='ocr_line' id='line_1_10' title="bbox 209 965 1311 1042; baseline -0.005 -14"><span class='ocrx_word' id='word_1_66' title='bbox 209 970 279 1028; x_wconf 90' lang='lat' dir='ltr'>dem</span> <span class='ocrx_word' id='word_1_67' title='bbox 300 971 411 1028; x_wconf 89' lang='lat' dir='ltr'>coelum</span> <span class='ocrx_word' id='word_1_68' title='bbox 429 969 581 1042; x_wconf 88' lang='lat' dir='ltr'>suscipere</span> <span class='ocrx_word' id='word_1_69' title='bbox 600 987 695 1040; x_wconf 92' lang='lat' dir='ltr'>usque</span> <span class='ocrx_word' id='word_1_70' title='bbox 715 970 743 1025; x_wconf 91' lang='lat' dir='ltr'>in</span> <span class='ocrx_word' id='word_1_71' title='bbox 764 979 898 1040; x_wconf 83' lang='lat' dir='ltr'>tempora</span> <span class='ocrx_word' id='word_1_72' title='bbox 918 965 1106 1022; x_wconf 66' lang='lat' dir='ltr'>restitutionis</span> <span class='ocrx_word' id='word_1_73' title='bbox 1123 968 1311 1022; x_wconf 53' lang='lat' dir='ltr'>omniumh..</span> 
     </span>
     <span class='ocr_line' id='line_1_11' title="bbox 210 1046 1315 1128; baseline -0.001 -14"><span class='ocrx_word' id='word_1_74' title='bbox 210 1055 288 1115; x_wconf 91' lang='lat' dir='ltr'>Cum</span> <span class='ocrx_word' id='word_1_75' title='bbox 301 1067 401 1114; x_wconf 84' lang='lat' dir='ltr'>autem</span> <span class='ocrx_word' id='word_1_76' title='bbox 415 1054 551 1128; x_wconf 71' lang='lat' dir='ltr'>subjecta</span> <span class='ocrx_word' id='word_1_77' title='bbox 565 1054 674 1113; x_wconf 84' lang='lat' dir='ltr'>suerint</span> <span class='ocrx_word' id='word_1_78' title='bbox 687 1055 727 1111; x_wconf 88' lang='lat' dir='ltr'>illi</span> <span class='ocrx_word' id='word_1_79' title='bbox 741 1046 932 1123; x_wconf 82' lang='lat' dir='ltr'>omnia‚&#39;tunc</span> <span class='ocrx_word' id='word_1_80' title='bbox 942 1061 972 1110; x_wconf 88' lang='lat' dir='ltr'>et</span> <span class='ocrx_word' id='word_1_81' title='bbox 983 1052 1046 1123; x_wconf 89' lang='lat' dir='ltr'>ipse</span> <span class='ocrx_word' id='word_1_82' title='bbox 1057 1051 1151 1108; x_wconf 89' lang='lat' dir='ltr'>Filius</span> <span class='ocrx_word' id='word_1_83' title='bbox 1161 1053 1315 1125; x_wconf 70' lang='lat' dir='ltr'>subjectus</span> 
     </span>
     <span class='ocr_line' id='line_1_12' title="bbox 208 1138 1315 1220; baseline -0.001 -19"><span class='ocrx_word' id='word_1_84' title='bbox 208 1144 264 1220; x_wconf 70' lang='lat' dir='ltr'>¹erit</span> <span class='ocrx_word' id='word_1_85' title='bbox 276 1144 303 1202; x_wconf 90' lang='lat' dir='ltr'>ei</span> <span class='ocrx_word' id='word_1_86' title='bbox 316 1144 368 1215; x_wconf 81' lang='lat' dir='ltr'>qui</span> <span class='ocrx_word' id='word_1_87' title='bbox 382 1143 509 1213; x_wconf 84' lang='lat' dir='ltr'>subjecit</span> <span class='ocrx_word' id='word_1_88' title='bbox 523 1143 578 1200; x_wconf 92' lang='lat' dir='ltr'>sibi</span> <span class='ocrx_word' id='word_1_89' title='bbox 590 1143 700 1210; x_wconf 85' lang='lat' dir='ltr'>omnia,</span> <span class='ocrx_word' id='word_1_90' title='bbox 711 1152 742 1199; x_wconf 93' lang='lat' dir='ltr'>ut</span> <span class='ocrx_word' id='word_1_91' title='bbox 752 1142 789 1198; x_wconf 91' lang='lat' dir='ltr'>sit</span> <span class='ocrx_word' id='word_1_92' title='bbox 797 1141 882 1198; x_wconf 83' lang='lat' dir='ltr'>Deus</span> <span class='ocrx_word' id='word_1_93' title='bbox 890 1138 989 1197; x_wconf 84' lang='lat' dir='ltr'>omnia</span> <span class='ocrx_word' id='word_1_94' title='bbox 999 1139 1030 1195; x_wconf 87' lang='lat' dir='ltr'>in</span> <span class='ocrx_word' id='word_1_95' title='bbox 1039 1139 1173 1197; x_wconf 84' lang='lat' dir='ltr'>omm&#39;bus</span> <span class='ocrx_word' id='word_1_96' title='bbox 1181 1141 1195 1170; x_wconf 85' lang='lat'>&#39;¹</span> <span class='ocrx_word' id='word_1_97' title='bbox 1202 1150 1221 1199; x_wconf 86' lang='lat'>⁸.</span> <span class='ocrx_word' id='word_1_98' title='bbox 1263 1143 1315 1200; x_wconf 80' lang='lat' dir='ltr'>Fa·</span> 
     </span>
     <span class='ocr_line' id='line_1_13' title="bbox 210 1227 1315 1306; baseline 0.004 -20"><span class='ocrx_word' id='word_1_99' title='bbox 210 1240 307 1286; x_wconf 92' lang='lat' dir='ltr'>temur</span> <span class='ocrx_word' id='word_1_100' title='bbox 319 1230 461 1301; x_wconf 85' lang='lat' dir='ltr'>equidem</span> <span class='ocrx_word' id='word_1_101' title='bbox 480 1229 545 1287; x_wconf 87' lang='lat' dir='ltr'>haec</span> <span class='ocrx_word' id='word_1_102' title='bbox 564 1230 629 1287; x_wconf 86' lang='lat' dir='ltr'>loca</span> <span class='ocrx_word' id='word_1_103' title='bbox 648 1229 779 1300; x_wconf 84' lang='lat' dir='ltr'>aliquam</span> <span class='ocrx_word' id='word_1_104' title='bbox 798 1227 1009 1286; x_wconf 86' lang='lat' dir='ltr'>obscuritatem</span> <span class='ocrx_word' id='word_1_105' title='bbox 1031 1243 1093 1298; x_wconf 76' lang='lat' dir='ltr'>prae</span> <span class='ocrx_word' id='word_1_106' title='bbox 1111 1245 1148 1306; x_wconf 17' lang='lat' dir='ltr'>se!</span> <span class='ocrx_word' id='word_1_107' title='bbox 1163 1229 1247 1294; x_wconf 79' lang='lat' dir='ltr'>serre,</span> <span class='ocrx_word' id='word_1_108' title='bbox 1262 1232 1315 1290; x_wconf 87' lang='lat' dir='ltr'>sed</span> 
     </span>
     <span class='ocr_line' id='line_1_14' title="bbox 210 1315 1310 1388; baseline 0.004 -16"><span class='ocrx_word' id='word_1_109' title='bbox 210 1317 491 1374; x_wconf 85' lang='lat' dir='ltr'>Universalistarum</span> <span class='ocrx_word' id='word_1_110' title='bbox 505 1315 673 1374; x_wconf 71' lang='lat' dir='ltr'>dodtrinam</span> <span class='ocrx_word' id='word_1_111' title='bbox 691 1316 815 1374; x_wconf 90' lang='lat' dir='ltr'>minime</span> <span class='ocrx_word' id='word_1_112' title='bbox 832 1315 961 1388; x_wconf 83' lang='lat' dir='ltr'>probant</span> <span class='ocrx_word' id='word_1_113' title='bbox 977 1335 984 1371; x_wconf 76' lang='grc' dir='ltr'><strong>ε</strong></span> <span class='ocrx_word' id='word_1_114' title='bbox 1003 1331 1073 1370; x_wconf 90' lang='lat' dir='ltr'>nam</span> <span class='ocrx_word' id='word_1_115' title='bbox 1087 1315 1117 1370; x_wconf 92' lang='lat' dir='ltr'>in</span> <span class='ocrx_word' id='word_1_116' title='bbox 1131 1317 1221 1386; x_wconf 91' lang='lat' dir='ltr'>priori</span> <span class='ocrx_word' id='word_1_117' title='bbox 1235 1317 1310 1386; x_wconf 89' lang='lat' dir='ltr'>loco,</span> 
     </span>
     <span class='ocr_line' id='line_1_15' title="bbox 210 1397 1313 1476; baseline 0 -16"><span class='ocrx_word' id='word_1_118' title='bbox 210 1403 239 1460; x_wconf 82' lang='lat' dir='ltr'>S.</span> <span class='ocrx_word' id='word_1_119' title='bbox 252 1403 356 1462; x_wconf 90' lang='lat' dir='ltr'>Petrus</span> <span class='ocrx_word' id='word_1_120' title='bbox 370 1403 518 1461; x_wconf 82' lang='lat' dir='ltr'>israelitas</span> <span class='ocrx_word' id='word_1_121' title='bbox 532 1403 665 1462; x_wconf 85' lang='lat' dir='ltr'>hortatur</span> <span class='ocrx_word' id='word_1_122' title='bbox 676 1403 715 1462; x_wconf 84' lang='lat' dir='ltr'>ad</span> <span class='ocrx_word' id='word_1_123' title='bbox 728 1397 940 1476; x_wconf 89' lang='lat' dir='ltr'>poenitentiam.</span> <span class='ocrx_word' id='word_1_124' title='bbox 949 1400 1151 1471; x_wconf 54' lang='lat' dir='ltr'>attendantur</span> <span class='ocrx_word' id='word_1_125' title='bbox 1164 1404 1313 1476; x_wconf 85' lang='lat' dir='ltr'>refrigerio</span> 
     </span>
     <span class='ocr_line' id='line_1_16' title="bbox 210 1489 1316 1562; baseline 0.005 -17"><span class='ocrx_word' id='word_1_126' title='bbox 210 1489 265 1547; x_wconf 79' lang='lat' dir='ltr'>frui</span> <span class='ocrx_word' id='word_1_127' title='bbox 280 1491 403 1562; x_wconf 90' lang='lat' dir='ltr'>possint,</span> <span class='ocrx_word' id='word_1_128' title='bbox 414 1501 550 1562; x_wconf 91' lang='lat' dir='ltr'>tempore</span> <span class='ocrx_word' id='word_1_129' title='bbox 560 1490 674 1561; x_wconf 86' lang='lat' dir='ltr'>judicii,</span> <span class='ocrx_word' id='word_1_130' title='bbox 685 1509 778 1562; x_wconf 88' lang='lat' dir='ltr'>quum</span> <span class='ocrx_word' id='word_1_131' title='bbox 792 1491 895 1548; x_wconf 86' lang='lat' dir='ltr'>omnia</span> <span class='ocrx_word' id='word_1_132' title='bbox 907 1489 936 1546; x_wconf 92' lang='lat' dir='ltr'>in</span> <span class='ocrx_word' id='word_1_133' title='bbox 949 1499 1027 1547; x_wconf 83' lang='lat' dir='ltr'>statu</span> <span class='ocrx_word' id='word_1_134' title='bbox 1042 1491 1169 1560; x_wconf 90' lang='lat' dir='ltr'>pristino</span> <span class='ocrx_word' id='word_1_135' title='bbox 1181 1494 1316 1552; x_wconf 83' lang='lat' dir='ltr'>restituta</span> 
     </span>
     <span class='ocr_line' id='line_1_17' title="bbox 210 1576 1314 1651; baseline 0.005 -18"><span class='ocrx_word' id='word_1_136' title='bbox 210 1577 326 1646; x_wconf 86' lang='lat' dir='ltr'>inerint,</span> <span class='ocrx_word' id='word_1_137' title='bbox 336 1579 398 1635; x_wconf 91' lang='lat' dir='ltr'>scil.</span> <span class='ocrx_word' id='word_1_138' title='bbox 409 1597 503 1650; x_wconf 89' lang='lat' dir='ltr'>quum</span> <span class='ocrx_word' id='word_1_139' title='bbox 514 1578 593 1649; x_wconf 89' lang='lat' dir='ltr'>justi,</span> <span class='ocrx_word' id='word_1_140' title='bbox 607 1596 624 1635; x_wconf 82' lang='lat' dir='ltr'>a</span> <span class='ocrx_word' id='word_1_141' title='bbox 637 1578 845 1651; x_wconf 83' lang='lat' dir='ltr'>peccatoribus</span> <span class='ocrx_word' id='word_1_142' title='bbox 859 1595 911 1649; x_wconf 90' lang='lat' dir='ltr'>per</span> <span class='ocrx_word' id='word_1_143' title='bbox 922 1576 1069 1648; x_wconf 85' lang='lat' dir='ltr'>judicium</span> <span class='ocrx_word' id='word_1_144' title='bbox 1081 1581 1220 1650; x_wconf 83' lang='lat' dir='ltr'>separati,</span> <span class='ocrx_word' id='word_1_145' title='bbox 1232 1591 1314 1638; x_wconf 83' lang='lat' dir='ltr'>aeter·</span> 
     </span>
     <span class='ocr_line' id='line_1_18' title="bbox 210 1663 1311 1739; baseline 0.005 -19"><span class='ocrx_word' id='word_1_146' title='bbox 210 1681 280 1720; x_wconf 87' lang='lat' dir='ltr'>nam</span> <span class='ocrx_word' id='word_1_147' title='bbox 293 1665 426 1737; x_wconf 89' lang='lat' dir='ltr'>requiem</span> <span class='ocrx_word' id='word_1_148' title='bbox 447 1665 567 1737; x_wconf 90' lang='lat' dir='ltr'>ingressi</span> <span class='ocrx_word' id='word_1_149' title='bbox 589 1665 704 1735; x_wconf 85' lang='lat' dir='ltr'>fuerint,</span> <span class='ocrx_word' id='word_1_150' title='bbox 721 1676 754 1722; x_wconf 94' lang='lat' dir='ltr'>ut</span> <span class='ocrx_word' id='word_1_151' title='bbox 773 1665 872 1736; x_wconf 83' lang='lat' dir='ltr'>colligi</span> <span class='ocrx_word' id='word_1_152' title='bbox 891 1672 989 1736; x_wconf 88' lang='lat' dir='ltr'>potest</span> <span class='ocrx_word' id='word_1_153' title='bbox 1008 1681 1044 1720; x_wconf 93' lang='lat' dir='ltr'>ex</span> <span class='ocrx_word' id='word_1_154' title='bbox 1061 1663 1135 1722; x_wconf 91' lang='lat' dir='ltr'>locis</span> <span class='ocrx_word' id='word_1_155' title='bbox 1155 1666 1311 1739; x_wconf 76' lang='lat' dir='ltr'>parallelis,</span> 
     </span>
     <span class='ocr_line' id='line_1_19' title="bbox 210 1750 1314 1825; baseline 0.008 -21"><span class='ocrx_word' id='word_1_156' title='bbox 210 1769 236 1805; x_wconf 88' lang='lat' dir='ltr'>v.</span> <span class='ocrx_word' id='word_1_157' title='bbox 253 1768 280 1820; x_wconf 85' lang='lat' dir='ltr'>g.</span> <span class='ocrx_word' id='word_1_158' title='bbox 291 1750 379 1822; x_wconf 75' lang='lat' dir='ltr'>Apoc.</span> <span class='ocrx_word' id='word_1_159' title='bbox 395 1751 480 1818; x_wconf 86' lang='lat' dir='ltr'>XXI,</span> <span class='ocrx_word' id='word_1_160' title='bbox 500 1766 554 1825; x_wconf 87' lang='lat'>1-5;</span> <span class='ocrx_word' id='word_1_161' title='bbox 573 1752 601 1808; x_wconf 91' lang='lat' dir='ltr'>in</span> <span class='ocrx_word' id='word_1_162' title='bbox 618 1753 772 1824; x_wconf 88' lang='lat' dir='ltr'>posteriori</span> <span class='ocrx_word' id='word_1_163' title='bbox 787 1753 854 1810; x_wconf 95' lang='lat' dir='ltr'>loco</span> <span class='ocrx_word' id='word_1_164' title='bbox 868 1752 896 1809; x_wconf 90' lang='lat' dir='ltr'>S.</span> <span class='ocrx_word' id='word_1_165' title='bbox 913 1750 1023 1810; x_wconf 82' lang='lat' dir='ltr'>Paulus</span> <span class='ocrx_word' id='word_1_166' title='bbox 1036 1750 1133 1808; x_wconf 90' lang='lat' dir='ltr'>solum</span> <span class='ocrx_word' id='word_1_167' title='bbox 1148 1752 1239 1811; x_wconf 91' lang='lat' dir='ltr'>docet</span> <span class='ocrx_word' id='word_1_168' title='bbox 1252 1773 1314 1812; x_wconf 92' lang='lat' dir='ltr'>om-</span> 
     </span>
    </p>
   </div>
   <div class='ocr_carea' id='block_1_5' title="bbox 102 1837 1314 1912">
    <p class='ocr_par' dir='ltr' id='par_1_5' title="bbox 102 1837 1314 1912">
     <span class='ocr_line' id='line_1_20' title="bbox 102 1837 1314 1912; baseline 0.007 -21"><span class='ocrx_word' id='word_1_169' title='bbox 102 1909 104 1912; x_wconf 16' lang='lat'>·</span> <span class='ocrx_word' id='word_1_170' title='bbox 210 1837 260 1896; x_wconf 86' lang='lat' dir='ltr'>nia</span> <span class='ocrx_word' id='word_1_171' title='bbox 279 1837 466 1908; x_wconf 85' lang='lat' dir='ltr'>subjicienda</span> <span class='ocrx_word' id='word_1_172' title='bbox 485 1854 549 1896; x_wconf 90' lang='lat' dir='ltr'>esse</span> <span class='ocrx_word' id='word_1_173' title='bbox 564 1839 650 1904; x_wconf 89' lang='lat' dir='ltr'>Filio,</span> <span class='ocrx_word' id='word_1_174' title='bbox 667 1840 773 1896; x_wconf 91' lang='lat' dir='ltr'>Filium</span> <span class='ocrx_word' id='word_1_175' title='bbox 793 1851 892 1896; x_wconf 88' lang='lat' dir='ltr'>autem</span> <span class='ocrx_word' id='word_1_176' title='bbox 908 1838 1009 1895; x_wconf 88' lang='lat' dir='ltr'>Patri:</span> <span class='ocrx_word' id='word_1_177' title='bbox 1029 1837 1087 1895; x_wconf 88' lang='lat' dir='ltr'>hoc</span> <span class='ocrx_word' id='word_1_178' title='bbox 1100 1838 1229 1897; x_wconf 88' lang='lat' dir='ltr'>incisum</span> <span class='ocrx_word' id='word_1_179' title='bbox 1253 1843 1314 1899; x_wconf 87' lang='lat' dir='ltr'>“ut</span> 
     </span>
    </p>
   </div>
   <div class='ocr_carea' id='block_1_6' title="bbox 210 1923 1314 2257">
    <p class='ocr_par' dir='ltr' id='par_1_6' title="bbox 210 1923 1314 2257">
     <span class='ocr_line' id='line_1_21' title="bbox 210 1923 1314 1998; baseline 0.005 -19"><span class='ocrx_word' id='word_1_180' title='bbox 210 1924 248 1981; x_wconf 87' lang='lat' dir='ltr'>sit</span> <span class='ocrx_word' id='word_1_181' title='bbox 259 1925 341 1982; x_wconf 91' lang='lat' dir='ltr'>Deus</span> <span class='ocrx_word' id='word_1_182' title='bbox 351 1925 452 1982; x_wconf 88' lang='lat' dir='ltr'>omnia</span> <span class='ocrx_word' id='word_1_183' title='bbox 467 1925 495 1981; x_wconf 92' lang='lat' dir='ltr'>in</span> <span class='ocrx_word' id='word_1_184' title='bbox 510 1925 682 1994; x_wconf 66' lang='lat' dir='ltr'>omnibusf&#39;,</span> <span class='ocrx_word' id='word_1_185' title='bbox 695 1926 832 1998; x_wconf 71' lang='lat' dir='ltr'>inspetlo</span> <span class='ocrx_word' id='word_1_186' title='bbox 843 1923 1148 1995; x_wconf 85' lang='lat' dir='ltr'>contextu,significat</span> <span class='ocrx_word' id='word_1_187' title='bbox 1161 1947 1167 1984; x_wconf 95' lang='lat'><strong>:</strong></span> <span class='ocrx_word' id='word_1_188' title='bbox 1187 1937 1221 1984; x_wconf 94' lang='lat' dir='ltr'>ut</span> <span class='ocrx_word' id='word_1_189' title='bbox 1231 1927 1314 1986; x_wconf 90' lang='lat' dir='ltr'>Deus</span> 
     </span>
     <span class='ocr_line' id='line_1_22' title="bbox 211 2011 1314 2086; baseline 0.002 -18"><span class='ocrx_word' id='word_1_190' title='bbox 211 2022 353 2083; x_wconf 86' lang='lat' dir='ltr'>tanquam</span> <span class='ocrx_word' id='word_1_191' title='bbox 367 2011 447 2067; x_wconf 90' lang='lat' dir='ltr'>solus</span> <span class='ocrx_word' id='word_1_192' title='bbox 460 2011 608 2069; x_wconf 88' lang='lat' dir='ltr'>Dominus</span> <span class='ocrx_word' id='word_1_193' title='bbox 619 2023 648 2070; x_wconf 91' lang='lat' dir='ltr'>et</span> <span class='ocrx_word' id='word_1_194' title='bbox 660 2013 725 2070; x_wconf 90' lang='lat' dir='ltr'>Rex</span> <span class='ocrx_word' id='word_1_195' title='bbox 737 2012 776 2072; x_wconf 86' lang='lat' dir='ltr'>ab</span> <span class='ocrx_word' id='word_1_196' title='bbox 789 2011 930 2070; x_wconf 90' lang='lat' dir='ltr'>omnibus</span> <span class='ocrx_word' id='word_1_197' title='bbox 943 2021 1133 2082; x_wconf 87' lang='lat' dir='ltr'>agnoscatur;</span> <span class='ocrx_word' id='word_1_198' title='bbox 1153 2013 1237 2084; x_wconf 90' lang='lat' dir='ltr'>quod</span> <span class='ocrx_word' id='word_1_199' title='bbox 1250 2016 1314 2086; x_wconf 89' lang='lat' dir='ltr'>qui-</span> 
     </span>
     <span class='ocr_line' id='line_1_23' title="bbox 210 2098 1314 2170; baseline 0.004 -14"><span class='ocrx_word' id='word_1_200' title='bbox 210 2098 280 2156; x_wconf 92' lang='lat' dir='ltr'>dem</span> <span class='ocrx_word' id='word_1_201' title='bbox 294 2098 417 2156; x_wconf 91' lang='lat' dir='ltr'>minime</span> <span class='ocrx_word' id='word_1_202' title='bbox 431 2102 571 2168; x_wconf 85' lang='lat' dir='ltr'>importat</span> <span class='ocrx_word' id='word_1_203' title='bbox 585 2099 720 2158; x_wconf 91' lang='lat' dir='ltr'>omnium</span> <span class='ocrx_word' id='word_1_204' title='bbox 734 2100 870 2170; x_wconf 87' lang='lat' dir='ltr'>salutem,</span> <span class='ocrx_word' id='word_1_205' title='bbox 886 2115 955 2156; x_wconf 90' lang='lat' dir='ltr'>nam</span> <span class='ocrx_word' id='word_1_206' title='bbox 974 2110 1004 2156; x_wconf 92' lang='lat' dir='ltr'>et</span> <span class='ocrx_word' id='word_1_207' title='bbox 1022 2099 1078 2170; x_wconf 91' lang='lat' dir='ltr'>ipsi</span> <span class='ocrx_word' id='word_1_208' title='bbox 1097 2099 1231 2158; x_wconf 87' lang='lat' dir='ltr'>damnati</span> <span class='ocrx_word' id='word_1_209' title='bbox 1247 2102 1314 2160; x_wconf 87' lang='lat' dir='ltr'>Deo</span> 
     </span>
     <span class='ocr_line' id='line_1_24' title="bbox 210 2183 1028 2257; baseline 0 -17"><span class='ocrx_word' id='word_1_210' title='bbox 210 2183 415 2255; x_wconf 88' lang='lat' dir='ltr'>subjiciuntur,</span> <span class='ocrx_word' id='word_1_211' title='bbox 430 2194 459 2242; x_wconf 91' lang='lat' dir='ltr'>et</span> <span class='ocrx_word' id='word_1_212' title='bbox 472 2186 537 2256; x_wconf 86' lang='lat' dir='ltr'>ejus</span> <span class='ocrx_word' id='word_1_213' title='bbox 549 2186 718 2244; x_wconf 90' lang='lat' dir='ltr'>dominium</span> <span class='ocrx_word' id='word_1_214' title='bbox 730 2202 893 2257; x_wconf 79' lang='lat' dir='ltr'>agnoscere</span> <span class='ocrx_word' id='word_1_215' title='bbox 906 2185 1028 2243; x_wconf 89' lang='lat' dir='ltr'>debent.</span> 
     </span>
    </p>
   </div>
   <div class='ocr_carea' id='block_1_7' title="bbox 174 2273 1317 3797">
    <p class='ocr_par' dir='ltr' id='par_1_7' title="bbox 174 2273 1317 3797">
     <span class='ocr_line' id='line_1_25' title="bbox 256 2273 1315 2362; baseline -0.004 -24"><span class='ocrx_word' id='word_1_216' title='bbox 256 2275 302 2340; x_wconf 86' lang='lat'>16.</span> <span class='ocrx_word' id='word_1_217' title='bbox 350 2289 385 2336; x_wconf 86' lang='lat'>2⁰</span> <span class='ocrx_word' id='word_1_218' title='bbox 415 2276 444 2338; x_wconf 90' lang='lat' dir='ltr'><em>T</em></span> <span class='ocrx_word' id='word_1_219' title='bbox 442 2276 556 2338; x_wconf 73' lang='lat' dir='ltr'>radim</span> <span class='ocrx_word' id='word_1_220' title='bbox 602 2273 668 2362; x_wconf 83' lang='lat' dir='ltr'>(A)</span> <span class='ocrx_word' id='word_1_221' title='bbox 696 2297 740 2340; x_wconf 90' lang='lat' dir='ltr'>ex</span> <span class='ocrx_word' id='word_1_222' title='bbox 765 2276 932 2351; x_wconf 79' lang='lat' dir='ltr'>Patn&#39;bus,</span> <span class='ocrx_word' id='word_1_223' title='bbox 958 2297 985 2337; x_wconf 91' lang='lat' dir='ltr'>v.</span> <span class='ocrx_word' id='word_1_224' title='bbox 1011 2295 1041 2356; x_wconf 87' lang='lat' dir='ltr'>g.</span> <span class='ocrx_word' id='word_1_225' title='bbox 1068 2275 1105 2340; x_wconf 84' lang='lat' dir='ltr'>S.</span> <span class='ocrx_word' id='word_1_226' title='bbox 1123 2275 1286 2358; x_wconf 73' lang='lat' dir='ltr'>Justr&#39;not</span> <span class='ocrx_word' id='word_1_227' title='bbox 1304 2303 1315 2342; x_wconf 89' lang='grc'>,·</span> 
     </span>
     <span class='ocr_line' id='line_1_26' title="bbox 210 2377 1312 2460; baseline 0.005 -21"><span class='ocrx_word' id='word_1_228' title='bbox 210 2378 346 2458; x_wconf 88' lang='lat' dir='ltr'>“Quem</span> <span class='ocrx_word' id='word_1_229' title='bbox 363 2377 564 2460; x_wconf 88' lang='lat' dir='ltr'>(diabolum)</span> <span class='ocrx_word' id='word_1_230' title='bbox 581 2379 613 2442; x_wconf 91' lang='lat' dir='ltr'>in</span> <span class='ocrx_word' id='word_1_231' title='bbox 631 2381 742 2460; x_wconf 84' lang='lat' dir='ltr'>ignem</span> <span class='ocrx_word' id='word_1_232' title='bbox 759 2399 831 2442; x_wconf 89' lang='lat' dir='ltr'>esse</span> <span class='ocrx_word' id='word_1_233' title='bbox 847 2377 1049 2440; x_wconf 89' lang='lat' dir='ltr'>mittendum</span> <span class='ocrx_word' id='word_1_234' title='bbox 1066 2397 1143 2440; x_wconf 92' lang='lat' dir='ltr'>cum</span> <span class='ocrx_word' id='word_1_235' title='bbox 1161 2383 1312 2444; x_wconf 89' lang='lat' dir='ltr'>exercitu</span> 
     </span>
     <span class='ocr_line' id='line_1_27' title="bbox 210 2479 1314 2562; baseline 0.005 -22"><span class='ocrx_word' id='word_1_236' title='bbox 210 2481 312 2559; x_wconf 88' lang='lat' dir='ltr'>ipsius</span> <span class='ocrx_word' id='word_1_237' title='bbox 329 2489 362 2540; x_wconf 89' lang='lat' dir='ltr'>et</span> <span class='ocrx_word' id='word_1_238' title='bbox 378 2479 569 2542; x_wconf 91' lang='lat' dir='ltr'>hominibus</span> <span class='ocrx_word' id='word_1_239' title='bbox 586 2482 642 2562; x_wconf 91' lang='lat' dir='ltr'>qui</span> <span class='ocrx_word' id='word_1_240' title='bbox 659 2501 735 2543; x_wconf 90' lang='lat' dir='ltr'>eum</span> <span class='ocrx_word' id='word_1_241' title='bbox 752 2489 943 2562; x_wconf 82' lang='lat' dir='ltr'>sequuntur,</span> <span class='ocrx_word' id='word_1_242' title='bbox 960 2480 994 2541; x_wconf 87' lang='lat' dir='ltr'>in</span> <span class='ocrx_word' id='word_1_243' title='bbox 1010 2489 1166 2543; x_wconf 72' lang='lat' dir='ltr'>arternum</span> <span class='ocrx_word' id='word_1_244' title='bbox 1175 2485 1314 2562; x_wconf 63' lang='lat' dir='ltr'>pumen·</span> 
     </span>
     <span class='ocr_line' id='line_1_28' title="bbox 209 2583 1314 2667; baseline 0.006 -23"><span class='ocrx_word' id='word_1_245' title='bbox 209 2584 274 2659; x_wconf 86' lang='lat' dir='ltr'>dos,</span> <span class='ocrx_word' id='word_1_246' title='bbox 286 2583 436 2652; x_wconf 86' lang='lat' dir='ltr'>Christus</span> <span class='ocrx_word' id='word_1_247' title='bbox 453 2594 531 2666; x_wconf 84' lang='lat' dir='ltr'>ante</span> <span class='ocrx_word' id='word_1_248' title='bbox 547 2585 747 2666; x_wconf 87' lang='lat' dir='ltr'>significavit</span> <span class='ocrx_word' id='word_1_249' title='bbox 757 2588 794 2664; x_wconf 90' lang='lat'>&#39;&#39;;</span> <span class='ocrx_word' id='word_1_250' title='bbox 819 2587 854 2649; x_wconf 86' lang='lat' dir='ltr'>S.</span> <span class='ocrx_word' id='word_1_251' title='bbox 869 2587 991 2649; x_wconf 80' lang='lat' dir='ltr'>Irenoeo</span> <span class='ocrx_word' id='word_1_252' title='bbox 1001 2597 1014 2641; x_wconf 87' lang='lat'>⁵</span> <span class='ocrx_word' id='word_1_253' title='bbox 1026 2609 1038 2648; x_wconf 90' lang='lat'>.·</span> <span class='ocrx_word' id='word_1_254' title='bbox 1061 2591 1077 2616; x_wconf 88' lang='lat'>“</span> <span class='ocrx_word' id='word_1_255' title='bbox 1088 2585 1314 2667; x_wconf 84' lang='lat' dir='ltr'>Quibuscum·</span> 
     </span>
     <span class='ocr_line' id='line_1_29' title="bbox 211 2686 1317 2775; baseline 0.005 -25"><span class='ocrx_word' id='word_1_256' title='bbox 211 2707 275 2768; x_wconf 89' lang='lat' dir='ltr'>que</span> <span class='ocrx_word' id='word_1_257' title='bbox 291 2687 416 2749; x_wconf 89' lang='lat' dir='ltr'>dixerit</span> <span class='ocrx_word' id='word_1_258' title='bbox 433 2686 600 2749; x_wconf 91' lang='lat' dir='ltr'>Dominus</span> <span class='ocrx_word' id='word_1_259' title='bbox 618 2712 625 2750; x_wconf 75' lang='grc' dir='ltr'>ε</span> <span class='ocrx_word' id='word_1_260' title='bbox 651 2689 821 2752; x_wconf 88' lang='lat' dir='ltr'>Discedite</span> <span class='ocrx_word' id='word_1_261' title='bbox 838 2709 857 2750; x_wconf 84' lang='lat' dir='ltr'>a</span> <span class='ocrx_word' id='word_1_262' title='bbox 873 2710 926 2752; x_wconf 88' lang='lat' dir='ltr'>me</span> <span class='ocrx_word' id='word_1_263' title='bbox 939 2739 945 2750; x_wconf 95' lang='lat'><strong>.</strong></span> <span class='ocrx_word' id='word_1_264' title='bbox 959 2739 985 2752; x_wconf 94' lang='lat'>..</span> <span class='ocrx_word' id='word_1_265' title='bbox 1003 2689 1057 2751; x_wconf 88' lang='lat' dir='ltr'>isti</span> <span class='ocrx_word' id='word_1_266' title='bbox 1078 2701 1177 2754; x_wconf 89' lang='lat' dir='ltr'>erunt</span> <span class='ocrx_word' id='word_1_267' title='bbox 1192 2705 1317 2775; x_wconf 75' lang='lat' dir='ltr'>smper</span> 
     </span>
     <span class='ocr_line' id='line_1_30' title="bbox 211 2778 1314 2872; baseline 0.002 -18"><span class='ocrx_word' id='word_1_268' title='bbox 211 2778 360 2854; x_wconf 83' lang='lat' dir='ltr'>damnati</span> <span class='ocrx_word' id='word_1_269' title='bbox 375 2813 382 2870; x_wconf 94' lang='lat'>;</span> <span class='ocrx_word' id='word_1_270' title='bbox 406 2800 439 2851; x_wconf 92' lang='lat' dir='ltr'>et</span> <span class='ocrx_word' id='word_1_271' title='bbox 455 2789 721 2872; x_wconf 88' lang='lat' dir='ltr'>quibuscumque</span> <span class='ocrx_word' id='word_1_272' title='bbox 737 2792 861 2854; x_wconf 86' lang='lat' dir='ltr'>dixerit</span> <span class='ocrx_word' id='word_1_273' title='bbox 879 2813 887 2853; x_wconf 91' lang='lat'>:</span> <span class='ocrx_word' id='word_1_274' title='bbox 909 2797 926 2823; x_wconf 90' lang='lat'>“</span> <span class='ocrx_word' id='word_1_275' title='bbox 936 2790 1068 2865; x_wconf 88' lang='lat' dir='ltr'>Venite,</span> <span class='ocrx_word' id='word_1_276' title='bbox 1084 2792 1266 2868; x_wconf 68' lang='lat' dir='ltr'>benedicti,</span> <span class='ocrx_word' id='word_1_277' title='bbox 1281 2795 1314 2857; x_wconf 95' lang='lat' dir='ltr'>hi</span> 
     </span>
     <span class='ocr_line' id='line_1_31' title="bbox 210 2893 1313 2977; baseline 0.005 -23"><span class='ocrx_word' id='word_1_278' title='bbox 210 2912 341 2974; x_wconf 89' lang='lat' dir='ltr'>semper</span> <span class='ocrx_word' id='word_1_279' title='bbox 357 2893 544 2974; x_wconf 88' lang='lat' dir='ltr'>percipiunt</span> <span class='ocrx_word' id='word_1_280' title='bbox 566 2913 703 2974; x_wconf 86' lang='lat' dir='ltr'>regnum</span> <span class='ocrx_word' id='word_1_281' title='bbox 721 2905 754 2957; x_wconf 89' lang='lat' dir='ltr'>et</span> <span class='ocrx_word' id='word_1_282' title='bbox 771 2893 948 2975; x_wconf 89' lang='lat' dir='ltr'>proficiunt</span> <span class='ocrx_word' id='word_1_283' title='bbox 959 2895 982 2956; x_wconf 90' lang='lat'>’&#39;.</span> <span class='ocrx_word' id='word_1_284' title='bbox 1031 2895 1180 2977; x_wconf 89' lang='lat' dir='ltr'>Insuper,</span> <span class='ocrx_word' id='word_1_285' title='bbox 1198 2901 1313 2962; x_wconf 87' lang='lat' dir='ltr'>statim</span> 
     </span>
     <span class='ocr_line' id='line_1_32' title="bbox 211 2996 1314 3078; baseline 0.004 -19"><span class='ocrx_word' id='word_1_286' title='bbox 211 3017 249 3059; x_wconf 89' lang='lat' dir='ltr'>ac</span> <span class='ocrx_word' id='word_1_287' title='bbox 275 2997 476 3078; x_wconf 84' lang='lat' dir='ltr'>Origenistae</span> <span class='ocrx_word' id='word_1_288' title='bbox 504 3016 679 3077; x_wconf 89' lang='lat' dir='ltr'>poenarum</span> <span class='ocrx_word' id='word_1_289' title='bbox 706 2997 927 3061; x_wconf 84' lang='lat' dir='ltr'>aeternitatem</span> <span class='ocrx_word' id='word_1_290' title='bbox 953 2996 1172 3078; x_wconf 75' lang='lat' dir='ltr'>denegarunt,</span> <span class='ocrx_word' id='word_1_291' title='bbox 1200 3001 1314 3063; x_wconf 81' lang='lat' dir='ltr'>Patres</span> 
     </span>
     <span class='ocr_line' id='line_1_33' title="bbox 211 3098 1315 3182; baseline 0.004 -22"><span class='ocrx_word' id='word_1_292' title='bbox 211 3098 299 3160; x_wconf 91' lang='lat' dir='ltr'>illico</span> <span class='ocrx_word' id='word_1_293' title='bbox 320 3098 409 3160; x_wconf 92' lang='lat' dir='ltr'>hunc</span> <span class='ocrx_word' id='word_1_294' title='bbox 432 3118 576 3160; x_wconf 88' lang='lat' dir='ltr'>errorem</span> <span class='ocrx_word' id='word_1_295' title='bbox 599 3101 881 3182; x_wconf 86' lang='lat' dir='ltr'>impugnaverunt</span> <span class='ocrx_word' id='word_1_296' title='bbox 908 3107 945 3161; x_wconf 91' lang='lat' dir='ltr'>ut</span> <span class='ocrx_word' id='word_1_297' title='bbox 971 3100 1121 3181; x_wconf 84' lang='lat' dir='ltr'>dogmati</span> <span class='ocrx_word' id='word_1_298' title='bbox 1149 3102 1315 3166; x_wconf 81' lang='lat' dir='ltr'>catholico</span> 
     </span>
     <span class='ocr_line' id='line_1_34' title="bbox 211 3198 1314 3286; baseline 0.001 -21"><span class='ocrx_word' id='word_1_299' title='bbox 211 3203 436 3274; x_wconf 88' lang='lat' dir='ltr'>contrarium;</span> <span class='ocrx_word' id='word_1_300' title='bbox 461 3221 545 3264; x_wconf 90' lang='lat' dir='ltr'>unus</span> <span class='ocrx_word' id='word_1_301' title='bbox 566 3202 720 3264; x_wconf 84' lang='lat' dir='ltr'>audiatur</span> <span class='ocrx_word' id='word_1_302' title='bbox 737 3198 981 3279; x_wconf 84' lang='lat' dir='ltr'>Hieronymus⁶</span> <span class='ocrx_word' id='word_1_303' title='bbox 994 3223 1006 3262; x_wconf 92' lang='grc'>.·</span> <span class='ocrx_word' id='word_1_304' title='bbox 1028 3199 1124 3264; x_wconf 89' lang='lat' dir='ltr'>“Sed</span> <span class='ocrx_word' id='word_1_305' title='bbox 1149 3201 1213 3264; x_wconf 92' lang='lat' dir='ltr'>hoc</span> <span class='ocrx_word' id='word_1_306' title='bbox 1237 3206 1314 3286; x_wconf 84' lang='lat' dir='ltr'>quia</span> 
     </span>
     <span class='ocr_line' id='line_1_35' title="bbox 174 3301 1313 3386; baseline -0.001 -16"><span class='ocrx_word' id='word_1_307' title='bbox 174 3365 177 3376; x_wconf 80' lang='grc'>,</span> <span class='ocrx_word' id='word_1_308' title='bbox 211 3306 383 3386; x_wconf 90' lang='lat' dir='ltr'>Scriptura</span> <span class='ocrx_word' id='word_1_309' title='bbox 406 3323 474 3366; x_wconf 91' lang='lat' dir='ltr'>non</span> <span class='ocrx_word' id='word_1_310' title='bbox 498 3305 587 3379; x_wconf 87' lang='lat' dir='ltr'>dicit,</span> <span class='ocrx_word' id='word_1_311' title='bbox 605 3313 638 3366; x_wconf 91' lang='lat' dir='ltr'>et</span> <span class='ocrx_word' id='word_1_312' title='bbox 662 3304 780 3364; x_wconf 84' lang='lat' dir='ltr'>evertit</span> <span class='ocrx_word' id='word_1_313' title='bbox 804 3303 937 3384; x_wconf 87' lang='lat' dir='ltr'>penitus</span> <span class='ocrx_word' id='word_1_314' title='bbox 961 3301 1116 3365; x_wconf 82' lang='lat' dir='ltr'>timorem</span> <span class='ocrx_word' id='word_1_315' title='bbox 1141 3304 1217 3379; x_wconf 88' lang='lat' dir='ltr'>Dei,</span> <span class='ocrx_word' id='word_1_316' title='bbox 1232 3307 1313 3368; x_wconf 92' lang='lat' dir='ltr'>dum</span> 
     </span>
     <span class='ocr_line' id='line_1_36' title="bbox 211 3406 1315 3490; baseline 0.003 -20"><span class='ocrx_word' id='word_1_317' title='bbox 211 3408 306 3470; x_wconf 86' lang='lat' dir='ltr'>facile</span> <span class='ocrx_word' id='word_1_318' title='bbox 329 3407 482 3469; x_wconf 84' lang='lat' dir='ltr'>homines</span> <span class='ocrx_word' id='word_1_319' title='bbox 500 3406 656 3469; x_wconf 88' lang='lat' dir='ltr'>labuntur</span> <span class='ocrx_word' id='word_1_320' title='bbox 672 3406 714 3468; x_wconf 84' lang='lat' dir='ltr'>ad</span> <span class='ocrx_word' id='word_1_321' title='bbox 732 3407 822 3490; x_wconf 75' lang='lat' dir='ltr'>vitia,</span> <span class='ocrx_word' id='word_1_322' title='bbox 838 3413 997 3486; x_wconf 89' lang='lat' dir='ltr'>putantes</span> <span class='ocrx_word' id='word_1_323' title='bbox 1012 3406 1114 3468; x_wconf 84' lang='lat' dir='ltr'>etiam</span> <span class='ocrx_word' id='word_1_324' title='bbox 1131 3407 1315 3474; x_wconf 84' lang='lat' dir='ltr'>diabolum.</span> 
     </span>
     <span class='ocr_line' id='line_1_37' title="bbox 210 3506 1314 3591; baseline -0.003 -17"><span class='ocrx_word' id='word_1_325' title='bbox 210 3513 265 3591; x_wconf 92' lang='lat' dir='ltr'>qui</span> <span class='ocrx_word' id='word_1_326' title='bbox 288 3508 403 3573; x_wconf 71' lang='lat' dir='ltr'>audior</span> <span class='ocrx_word' id='word_1_327' title='bbox 420 3509 583 3571; x_wconf 92' lang='lat' dir='ltr'>malorum</span> <span class='ocrx_word' id='word_1_328' title='bbox 601 3518 677 3571; x_wconf 90' lang='lat' dir='ltr'>est...</span> <span class='ocrx_word' id='word_1_329' title='bbox 695 3506 770 3571; x_wconf 66' lang='lat' dir='ltr'>aila</span> <span class='ocrx_word' id='word_1_330' title='bbox 792 3509 990 3589; x_wconf 73' lang='lat' dir='ltr'>poenitentia</span> <span class='ocrx_word' id='word_1_331' title='bbox 1012 3526 1110 3588; x_wconf 90' lang='lat' dir='ltr'>posse</span> <span class='ocrx_word' id='word_1_332' title='bbox 1126 3507 1258 3582; x_wconf 90' lang='lat' dir='ltr'>salvari,</span> <span class='ocrx_word' id='word_1_333' title='bbox 1274 3511 1314 3571; x_wconf 86' lang='lat' dir='ltr'>dc</span> 
     </span>
     <span class='ocr_line' id='line_1_38' title="bbox 211 3611 1317 3692; baseline 0 -18"><span class='ocrx_word' id='word_1_334' title='bbox 211 3614 378 3676; x_wconf 89' lang='lat' dir='ltr'>mentibus</span> <span class='ocrx_word' id='word_1_335' title='bbox 391 3613 512 3675; x_wconf 90' lang='lat' dir='ltr'>nostris</span> <span class='ocrx_word' id='word_1_336' title='bbox 525 3613 730 3692; x_wconf 67' lang='lat' dir='ltr'>abjiciamus</span> <span class='ocrx_word' id='word_1_337' title='bbox 742 3621 774 3674; x_wconf 89' lang='lat' dir='ltr'>et</span> <span class='ocrx_word' id='word_1_338' title='bbox 789 3611 934 3675; x_wconf 88' lang='lat' dir='ltr'>sciamus</span> <span class='ocrx_word' id='word_1_339' title='bbox 946 3622 1138 3692; x_wconf 87' lang='lat' dir='ltr'>peccatores</span> <span class='ocrx_word' id='word_1_340' title='bbox 1156 3611 1188 3673; x_wconf 92' lang='lat' dir='ltr'>in</span> <span class='ocrx_word' id='word_1_341' title='bbox 1204 3611 1317 3674; x_wconf 86' lang='lat' dir='ltr'>Evan-</span> 
     </span>
     <span class='ocr_line' id='line_1_39' title="bbox 209 3701 784 3797; baseline -0.002 -20"><span class='ocrx_word' id='word_1_342' title='bbox 209 3701 297 3796; x_wconf 78' lang='lat' dir='ltr'>gelio</span> <span class='ocrx_word' id='word_1_343' title='bbox 314 3717 400 3781; x_wconf 90' lang='lat' dir='ltr'>mitti</span> <span class='ocrx_word' id='word_1_344' title='bbox 418 3717 450 3778; x_wconf 88' lang='lat' dir='ltr'>in</span> <span class='ocrx_word' id='word_1_345' title='bbox 469 3717 575 3797; x_wconf 68' lang='lat' dir='ltr'>ignem</span> <span class='ocrx_word' id='word_1_346' title='bbox 591 3725 748 3778; x_wconf 66' lang='lat' dir='ltr'>(eternium</span> <span class='ocrx_word' id='word_1_347' title='bbox 761 3715 784 3776; x_wconf 91' lang='lat'>”.</span> 
     </span>
    </p>
   </div>
   <div class='ocr_carea' id='block_1_8' title="bbox 208 3933 1318 4352">
    <p class='ocr_par' dir='ltr' id='par_1_8' title="bbox 208 3933 1318 4352">
     <span class='ocr_line' id='line_1_40' title="bbox 222 3933 827 3998; baseline 0.003 -10"><span class='ocrx_word' id='word_1_348' title='bbox 222 3973 225 3980; x_wconf 77' lang='grc'><strong><em>.</em></strong></span> <span class='ocrx_word' id='word_1_349' title='bbox 244 3938 328 3990; x_wconf 65' lang='lat' dir='ltr'>&#39;Ari</span> <span class='ocrx_word' id='word_1_350' title='bbox 347 3938 403 3998; x_wconf 88' lang='lat'>111,</span> <span class='ocrx_word' id='word_1_351' title='bbox 421 3950 510 3989; x_wconf 87' lang='lat'>20·21.</span> <span class='ocrx_word' id='word_1_352' title='bbox 527 3965 560 3974; x_wconf 92' lang='lat'><em>-</em></span> <span class='ocrx_word' id='word_1_353' title='bbox 574 3933 584 3964; x_wconf 81' lang='lat'><strong>²</strong></span> <span class='ocrx_word' id='word_1_354' title='bbox 597 3939 616 3988; x_wconf 96' lang='grc' dir='ltr'>Ι</span> <span class='ocrx_word' id='word_1_355' title='bbox 628 3936 690 3989; x_wconf 81' lang='lat' dir='ltr'>Cor.</span> <span class='ocrx_word' id='word_1_356' title='bbox 704 3937 768 3998; x_wconf 86' lang='lat' dir='ltr'>XV,</span> <span class='ocrx_word' id='word_1_357' title='bbox 785 3936 827 3990; x_wconf 88' lang='lat'>28.</span> 
     </span>
     <span class='ocr_line' id='line_1_41' title="bbox 243 4020 1318 4092; baseline 0.002 -18"><span class='ocrx_word' id='word_1_358' title='bbox 243 4023 331 4074; x_wconf 85' lang='lat' dir='ltr'>³Hoc</span> <span class='ocrx_word' id='word_1_359' title='bbox 351 4035 548 4089; x_wconf 78' lang='lat' dir='ltr'>argumentum</span> <span class='ocrx_word' id='word_1_360' title='bbox 568 4021 655 4075; x_wconf 85' lang='lat' dir='ltr'>iusius</span> <span class='ocrx_word' id='word_1_361' title='bbox 675 4023 816 4076; x_wconf 79' lang='lat' dir='ltr'>evolutum</span> <span class='ocrx_word' id='word_1_362' title='bbox 832 4021 927 4075; x_wconf 85' lang='lat' dir='ltr'>videre</span> <span class='ocrx_word' id='word_1_363' title='bbox 946 4031 989 4092; x_wconf 80' lang='lat' dir='ltr'>est</span> <span class='ocrx_word' id='word_1_364' title='bbox 1008 4020 1084 4089; x_wconf 88' lang='lat' dir='ltr'>apud</span> <span class='ocrx_word' id='word_1_365' title='bbox 1098 4023 1265 4089; x_wconf 69' lang='lat' dir='ltr'>Pedanium,</span> <span class='ocrx_word' id='word_1_366' title='bbox 1283 4023 1318 4076; x_wconf 87' lang='lat' dir='ltr'>de</span> 
     </span>
     <span class='ocr_line' id='line_1_42' title="bbox 209 4106 1316 4179; baseline 0.005 -21"><span class='ocrx_word' id='word_1_367' title='bbox 209 4106 336 4173; x_wconf 86' lang='lat' dir='ltr'>Angelis,</span> <span class='ocrx_word' id='word_1_368' title='bbox 352 4107 369 4158; x_wconf 94' lang='lat' dir='ltr'>l.</span> <span class='ocrx_word' id='word_1_369' title='bbox 388 4109 444 4168; x_wconf 85' lang='grc' dir='ltr'>ΙΙΙ,</span> <span class='ocrx_word' id='word_1_370' title='bbox 460 4125 483 4160; x_wconf 91' lang='lat' dir='ltr'>c.</span> <span class='ocrx_word' id='word_1_371' title='bbox 501 4109 516 4161; x_wconf 93' lang='lat'>8</span> <span class='ocrx_word' id='word_1_372' title='bbox 531 4129 537 4172; x_wconf 89' lang='lat'>;</span> <span class='ocrx_word' id='word_1_373' title='bbox 566 4110 697 4172; x_wconf 65' lang='lat' dir='ltr'>Patrensi,</span> <span class='ocrx_word' id='word_1_374' title='bbox 713 4115 756 4178; x_wconf 79' lang='lat' dir='ltr'>op.</span> <span class='ocrx_word' id='word_1_375' title='bbox 772 4109 817 4163; x_wconf 84' lang='lat' dir='ltr'>cit.</span> <span class='ocrx_word' id='word_1_376' title='bbox 835 4111 852 4163; x_wconf 92' lang='lat' dir='ltr'>l.</span> <span class='ocrx_word' id='word_1_377' title='bbox 869 4124 892 4176; x_wconf 84' lang='lat'>3,</span> <span class='ocrx_word' id='word_1_378' title='bbox 911 4126 935 4162; x_wconf 88' lang='lat' dir='ltr'>c.</span> <span class='ocrx_word' id='word_1_379' title='bbox 953 4122 1004 4176; x_wconf 82' lang='lat'>15;</span> <span class='ocrx_word' id='word_1_380' title='bbox 1034 4111 1193 4174; x_wconf 73' lang='lat' dir='ltr'>annham,</span> <span class='ocrx_word' id='word_1_381' title='bbox 1209 4115 1253 4179; x_wconf 72' lang='lat' dir='ltr'>op.</span> <span class='ocrx_word' id='word_1_382' title='bbox 1270 4115 1316 4164; x_wconf 80' lang='lat' dir='ltr'>cit.</span> 
     </span>
     <span class='ocr_line' id='line_1_43' title="bbox 208 4190 726 4263; baseline 0.014 -22"><span class='ocrx_word' id='word_1_383' title='bbox 208 4208 263 4224; x_wconf 62' lang='grc' dir='ltr'>Μ’·</span> <span class='ocrx_word' id='word_1_384' title='bbox 290 4190 342 4254; x_wconf 82' lang='lat' dir='ltr'>IV;</span> <span class='ocrx_word' id='word_1_385' title='bbox 363 4193 461 4259; x_wconf 67' lang='lat' dir='ltr'>Pumy,</span> <span class='ocrx_word' id='word_1_386' title='bbox 478 4199 520 4262; x_wconf 76' lang='lat' dir='ltr'>op.</span> <span class='ocrx_word' id='word_1_387' title='bbox 537 4197 584 4246; x_wconf 82' lang='lat' dir='ltr'>cii.</span> <span class='ocrx_word' id='word_1_388' title='bbox 604 4209 726 4263; x_wconf 84' lang='lat'>¹29·290·</span> 
     </span>
     <span class='ocr_line' id='line_1_44' title="bbox 301 4280 1240 4352; baseline 0.009 -24"><span class='ocrx_word' id='word_1_389' title='bbox 301 4280 351 4330; x_wconf 85' lang='lat' dir='ltr'>ool.</span> <span class='ocrx_word' id='word_1_390' title='bbox 372 4280 393 4344; x_wconf 91' lang='lat'>1,</span> <span class='ocrx_word' id='word_1_391' title='bbox 410 4280 678 4335; x_wconf 75' lang='lat' dir='ltr'>28.—³C.haeres.</span> <span class='ocrx_word' id='word_1_392' title='bbox 694 4284 711 4335; x_wconf 93' lang='lat' dir='ltr'>l.</span> <span class='ocrx_word' id='word_1_393' title='bbox 727 4281 811 4350; x_wconf 86' lang='lat' dir='ltr'>IV,c.</span> <span class='ocrx_word' id='word_1_394' title='bbox 828 4283 908 4351; x_wconf 80' lang='lat' dir='ltr'>28,n.</span> <span class='ocrx_word' id='word_1_395' title='bbox 925 4283 1200 4351; x_wconf 84' lang='lat' dir='ltr'>2.-⁶anoan.c.</span> <span class='ocrx_word' id='word_1_396' title='bbox 1214 4300 1240 4352; x_wconf 84' lang='lat'>3.</span> 
     </span>
    </p>
   </div>
   <div class='ocr_carea' id='block_1_9' title="bbox 0 0 1402 4660">
    <p class='ocr_par' dir='ltr' id='par_1_9' title="bbox 0 0 1402 4660">
     <span class='ocr_line' id='line_1_45' title="bbox 0 0 1402 4660; baseline 0 0"><span class='ocrx_word' id='word_1_397' title='bbox 0 0 1402 4660; x_wconf 95' lang='lat' dir='ltr'> </span> 
     </span>
    </p>
   </div>
  </div>
 </body>
</html>
