2780 4646
214 107 266 200 ss
555 157 580 164 ‘¹
671 63 869 203 cneu'rorr.

214 267 259 274 „-

213 345 283 385 vero
295 347 384 400 supra
402 329 596 398 ostendimus
613 347 648 389 ex
666 339 815 399 contextu,
833 328 923 386 fidem
942 327 1153 399 justificantem
1172 345 1233 384 non
1253 344 1324 384 esse

214 413 364 478 fiduciam,
380 415 433 472 sed
446 433 599 472 assensum
614 415 815 474 veritatibusa
831 415 896 473 Deo
914 415 1063 482 revelatis;
1083 431 1163 485 ergo,
1201 413 1322 470 Textus

213 511 312 557 autern
323 501 402 558 allati
415 501 455 557 nil
465 513 566 559 contra
577 513 708 558 nostram
720 503 826 561 thesim
842 502 981 574 probant;
995 501 1074 573 prior
1084 501 1113 557 in
1125 511 1206 558 textu
1217 518 1322 570 graeco

213 585 256 641 sic
269 585 376 646 habet:
394 587 412 615 “
423 586 558 656 Confide,
573 587 622 652 fili,
636 592 753 645 remisso
766 597 836 644 suot
848 585 966 660 άφιενταί
977 591 1100 660 peccata
1114 599 1165 644 tua
1173 587 1197 656 ’'‚
1211 599 1241 644 et
1252 605 1322 643 sen·

214 689 263 728 sus
276 688 319 730 est
334 673 525 746 paralyticum
545 692 633 746 posse
652 675 803 733 confidere
820 685 849 733 et
868 673 1006 744 gandete,
1022 675 1092 746 quia
1110 675 1174 744 ejus
1192 683 1322 744 peccata

212 759 272 829 jnm
286 761 407 817 remissa
420 771 500 829 sunt;
519 761 663 832 posterior
674 761 733 832 agit
747 761 785 818 de
798 760 909 820 fiducie
922 779 974 832 per
987 778 1077 832 quam
1091 760 1225 817 muliera
1236 759 1320 816 fluxu

214 848 365 917 sanguinis
378 859 479 904 curata
493 847 598 913 sueram
611 849 641 905 in
655 849 740 907 tertio
754 860 835 906 textu
847 847 973 918 quaestio
986 857 1030 904 est
1044 846 1082 904 de
1096 845 1165 916 fide,
1181 846 1226 903 vel
1241 845 1320 902 fidu·

213 933 258 992 ciri
273 951 325 1004 per
337 952 426 1004 quam
442 934 547 991 mulier
559 935 731 993 Chananaea
750 935 934 993 curationem
955 933 1022 991 filiae
1039 951 1100 991 suae
1120 931 1269 996 obtinuit;
1289 933 1320 987 in

213 1031 318 1093 quarto
337 1021 433 1091 agitur
450 1021 489 1078 de
509 1020 568 1079 fide
587 1021 647 1092 quit
665 1022 817 1078 Abraham
833 1020 959 1078 credidit
974 1020 1040 1076 Deo
1053 1019 1166 1076 dicenti
1180 1029 1320 1090 posteros

213 1122 282 1162 suos
295 1105 370 1162 sicut
383 1106 481 1163 stellas
494 1107 560 1164 coeli
576 1107 805 1166 innumerabiles
825 1108 893 1174 sore,
911 1123 963 1162 seu
981 1105 1019 1162 de
1040 1105 1099 1162 lide
1119 1123 1186 1162 vere
1202 1104 1320 1162 theolo-

212 1191 286 1262 gictl.
326 1192 474 1250 Addimus
489 1193 517 1250 in
531 1193 614 1250 nullo
627 1195 694 1251 loco
709 1195 746 1250 N.
762 1194 798 1252 T.
815 1195 905 1251 fidem
924 1191 1089 1264 significare
1101 1191 1238 1260 fiduciam
1248 1201 1319 1262 pro·

207 1279 284 1350 price
288 1280 517 1350 justificationis,
528 1281 581 1337 sed
595 1280 754 1352 plerosque
767 1291 863 1338 textus
876 1297 893 1336 a
906 1279 1141 1336 Protestantibus
1155 1289 1321 1348 congestos

212 1367 250 1424 ad
263 1365 344 1423 illam
357 1367 497 1424 fiduciam
511 1367 696 1438 referrique
709 1368 747 1426 ad
762 1367 902 1424 miracula
915 1365 1107 1436 desideratur,
1119 1383 1175 1423 nec
1189 1365 1322 1438 proinde

212 1454 250 1511 ad
265 1471 326 1512 rem
340 1454 495 1525 pertinere.

391 1628 473 1702 Art.
495 1625 548 1710 ΙΙ,
570 1627 633 1703 De
660 1628 701 1703 N
706 1631 814 1704 atnrl
833 1623 1145 1726 justificationis.

257 1801 306 1864 Ut
327 1799 573 1879 justificationis
597 1811 715 1863 natura
742 1803 860 1864 melius
888 1796 1082 1874 innotescat,
1105 1821 1321 1882 exponemus

213 1904 320 1984 primo
350 1915 466 1965 contra
497 1905 724 1967 Protestantes
755 1900 880 1986 inquo
909 1905 1069 1981 consistat,
1093 1906 1214 1967 deiude
1242 1907 1320 1985 qui-

213 2027 290 2069 nam
314 2008 380 2068 sint
403 2007 473 2087 ejus
496 2007 624 2087 offellus
641 2009 810 2087 formales,
837 2009 973 2091 tandem
1000 2007 1153 2087 quomodo
1177 2007 1320 2088 definia-

213 2120 269 2172 ίαν
277 2109 589 2192 gratinjustffirons
604 2130 661 2171 seu
679 2110 866 2194 habitualis
880 2114 980 2194 juxta
996 2114 1178 2198 theologos.
1264 2189 1268 2194 Ι

331 2271 351 2358 ξ
376 2275 401 2337 Ι.
426 2261 749 2340 Pnornsmnnun
774 2291 942 2344 unnonss
967 2294 1015 2342 ns
1040 2293 1195 2344 narnus

446 2389 764 2452 Jusrtrtcnmouts
788 2391 1082 2444 conru'murun.

257 2538 324 2605 127.
369 2525 579 2606 Justificatio‚
590 2548 633 2589 ex
645 2525 751 2604 dietis,
763 2532 983 2595 essentialiter
993 2533 1145 2595 consistit
1158 2533 1190 2594 in
1201 2535 1318 2594 remis-

212 2630 304 2690 sione
320 2630 447 2710 peccati
464 2630 613 2692 mortalis
629 2641 663 2692 et
679 2631 842 2693 infusione
858 2635 983 2714 gratiae.
1031 2634 1183 2715 Plerique
1201 2645 1319 2700 autern

212 2742 386 2794 novatores
409 2730 657 2795 distinetionem
683 2735 861 2809 instituunt
885 2737 969 2804 inter
988 2736 1262 2817 justificationem
1283 2751 1319 2802 et

212 2832 517 2896 sanctificationem.
576 2837 669 2898 Prior
695 2838 859 2917 siquidem
886 2849 937 2900 est
958 2839 1124 2918 judicialis
1148 2842 1317 2902 sententia

212 2943 275 3018 qua
291 2949 453 3018 peccator,
467 2936 586 3000 fiducia
601 2936 789 3014 instructus,
801 2941 1113 3023 declaratorjustus‚
1123 2963 1181 3005 seu
1195 2944 1317 3005 immu-

213 3042 262 3100 nis
275 3061 294 3101 a
308 3045 403 3120 prena
417 3051 554 3120 peccato
570 3040 683 3102 debito
699 3063 705 3115 ;
730 3044 892 3126 posterior
908 3054 957 3104 est
975 3045 1146 3106 renovatio
1161 3045 1318 3126 quaedam

212 3144 315 3204 totins
338 3143 490 3216 hominis,
515 3148 579 3224 qua
607 3142 708 3204 homo
732 3145 801 3223 jam
824 3145 1033 3224 justificatus
1056 3157 1089 3209 et
1112 3167 1176 3228 ope
1203 3148 1317 3210 divinit

212 3245 356 3325 adjutus
380 3245 540 3324 paulatim
568 3247 869 3325 concupiscentiam
895 3269 932 3310 ac
956 3249 1110 3311 libidines
1125 3249 1317 3314 mortificat

212 3358 313 3428 atque
329 3349 371 3408 ad
390 3349 522 3427 praxim
540 3345 726 3409 sandtitatis
748 3351 884 3411 accedit.
932 3353 1023 3414 Prior
1040 3353 1139 3432 igitur
1155 3363 1206 3415 est
1222 3351 1317 3416 actus

503 3481 765 3489 ——----.———-

216 3545 242 3595 Τ
239 3545 332 3612 otyor,
342 3561 386 3612 op.
404 3544 458 3608 cit,
470 3544 548 3610 juxta
562 3561 645 3611 quem
660 3545 728 3598 fides
741 3558 784 3599 est
799 3547 894 3600 firmus
908 3549 989 3602 alicui
1004 3550 1114 3602 veritati
1128 3565 1275 3614 assensus;
1290 3551 1317 3606 in

213 3630 238 3679 N
243 3646 296 3681 oro
310 3631 493 3682 'l'estamento
513 3641 555 3680 est
575 3645 708 3682 assensus
727 3630 909 3686 relationibus
923 3634 1067 3687 hominem
1081 3635 1154 3689 inter
1166 3647 1195 3690 et
1211 3638 1315 3697 Deum,

212 3713 350 3779 rebusque
369 3711 479 3778 divinis,
497 3712 539 3764 cui
556 3711 665 3764 fiduciae
679 3727 706 3766 et
720 3713 810 3768 sancti
825 3717 940 3769 fervoris
955 3717 1019 3771 idea
1033 3719 1196 3788 plerumque
1211 3721 1316 3782 unitur,

212 3813 274 3866 quae
294 3813 327 3849 ex
347 3797 401 3850 fide
421 3797 552 3862 nascitur,
567 3797 687 3866 tideique
708 3799 836 3854 nectitur.
877 3803 976 3855 Relate
996 3803 1032 3855 ad
1054 3805 1157 3866 Deum,
1172 3801 1260 3862 πίστις
1274 3817 1318 3860 est

211 3883 355 3952 persuasio
369 3895 397 3937 et
412 3885 503 3936 Deum
518 3901 589 3948 esse,
603 3886 790 3956 eumdemque
806 3888 924 3942 existere
940 3891 1102 3944 Creatorem
1116 3905 1144 3946 et
1160 3893 1319 3948 Dominum

211 3969 335 4024 omnium
349 3987 450 4032 rerum,
466 3973 512 4039 qui
527 3972 608 4024 nobis
623 3989 672 4040 per
684 3975 781 4041 Jesum
797 3977 939 4029 Christum
958 3978 1077 4032 salntem
1091 3989 1227 4032 aeternam
1242 3995 1319 4032 com-

211 4067 299 4124 parat.
339 4057 439 4110 Relute
458 4059 494 4109 ad
515 4059 667 4122 Christum,
682 4055 765 4117 πίστις
786 4061 897 4116 firmam
916 4081 949 4116 ac
969 4081 1083 4118 suavem
1104 4065 1319 4133 persuasionem

211 4144 349 4211 significat
370 4145 467 4211 Jesum
490 4161 553 4197 esse
575 4143 718 4210 hlessiam,
738 4165 793 4215 qno
812 4149 973 4214 mediatore,
992 4152 1113 4204 salutem
1132 4163 1269 4206 aeternam
1292 4153 1318 4205 in

211 4247 299 4298 regno
315 4231 368 4282 Dei
384 4231 544 4284 obtinemus
558 4229 627 4285 etc.''

599 4445 654 4496 ,χιι
691 4437 704 4490 ιζ
729 4435 785 4487 s-‚a'
831 4419 842 4454 '³
