2738 4646
300 156 357 207 nt:
376 157 583 208 SUBJECTO
604 158 819 208 Bnp'rtsmt.
1049 159 1107 210 271

64 347 82 390 r.
127 330 162 395 Si
183 333 373 414 Baptismus
396 335 537 399 absolute
555 337 751 412 conseratur,
768 337 858 398 nulla
881 337 1030 416 sequitur
1050 336 1108 398 ab·

25 431 139 512 jurati0,
155 455 215 498 nec
232 436 405 514 absolutio,
421 459 461 502 co
484 441 573 520 quod
598 441 710 505 omnia
733 440 838 502 abluit
862 450 1108 503 sacramentum

28 535 293 616 Regenerationis.

62 655 84 700 2.
128 640 163 704 Si
181 641 373 722 Baptismus
388 645 431 708 sit
446 645 505 708 sub
520 645 697 709 conditione
712 645 891 720 iterandus,
908 645 970 709 hoc
993 647 1109 710 ordine

28 741 257 818 procedendum
295 746 378 808 erit:
416 746 466 828 (a)
498 747 677 829 AbJuratio
715 769 772 810 seu
805 748 898 810 Fidei
930 748 1110 830 professi03

29 841 68 923 (bl
90 845 277 928 Baptismus
300 848 570 928 conditionatus;
594 849 643 931 (c)
664 849 839 914 Confessio
861 851 1111 914 sacramentalis

29 963 88 1006 curn
103 946 311 1012 absolutione
328 951 565 1014 conditionata.

63 1063 86 1125 3.
130 1048 275 1130 Quando
290 1051 434 1133 denique
449 1053 596 1116 validum
614 1053 800 1134 judicatum
818 1053 914 1117 fuerit
932 1055 1111 1136 Baptisma,

30 1149 86 1210 sola
101 1154 253 1234 recipitur
268 1153 442 1234 abjuratio,
463 1175 519 1218 seu
538 1157 631 1218 Fidei
649 1155 818 1238 professio,
830 1177 930 1238 quam
947 1156 1111 1220 absolutio

30 1270 45 1310 a
66 1259 202 1319 censuris
227 1258 375 1339 sequitur
387 1259 411 1320 ''.
448 1253 647 1344 (Instructio
675 1260 707 1324 S.
732 1259 836 1340 Cong.
865 1259 898 1324 S.
922 1261 1031 1325 Officii
1058 1260 1112 1322 die

32 1371 63 1416 20
73 1356 125 1434 jul.
145 1361 181 1420 18
187 1361 250 1439 59.)

67 1459 220 1524 Prolessio
243 1461 319 1525 fidei
342 1464 526 1526 emittenda
550 1463 581 1524 in
606 1463 668 1526 hac
691 1464 826 1544 regione
849 1483 915 1526 non
939 1473 990 1527 est
1012 1465 1113 1527 Plana

33 1557 162 1637 lormula,
172 1565 230 1626 sed
243 1565 395 1647 specialis
411 1585 486 1646 quae
503 1566 535 1628 in
554 1565 798 1647 Supplemento
812 1567 955 1629 Ritualis
968 1567 1111 1630 Romani

33 1681 79 1740 pro
101 1667 245 1730 Provinc.
263 1668 374 1731 Amer.
393 1669 543 1750 Septent.
561 1668 731 1732 l'oederatae
755 1669 921 1750 reperitur.
969 1670 1113 1751 Quando

35 1765 205 1848 Baptismus
234 1773 296 1836 sub
321 1772 512 1836 conditione
540 1775 685 1848 iteratur,
709 1773 783 1855 jure
808 1774 976 1836 communi
1005 1775 1112 1836 iterari

34 1869 115 1934 debet
134 1874 234 1955 juxta
256 1877 407 1939 ordinem
434 1876 597 1957 Baptismi
625 1876 823 1938 adultorum.
878 1875 917 1937 In
948 1876 1114 1938 nonnullis

35 1982 126 2040 tamen
143 1977 243 2058 hujus
260 1979 403 2060 regionis
426 1978 626 2041 dioecesibus
645 1979 774 2042 brevior
798 1978 938 2041 formula
958 1998 1018 2059 pro
1041 1997 1113 2058 par·

35 2076 101 2137 vulis
122 2081 310 2154 constituta,
326 2101 370 2142 ex
393 2080 528 2160 speciali
553 2081 776 2156 concessione,
793 2080 1016 2161 permittitur:
1040 2079 1115 2141 talis

36 2189 127 2244 autem
142 2184 312 2245 concessio
329 2203 394 2245 non
415 2191 465 2246 est
489 2183 692 2259 uniuersalis,
709 2203 770 2245 nec
790 2181 970 2256 indefinita,
986 2182 1043 2243 sed
1068 2201 1115 2243 re-

37 2286 130 2346 novari
145 2285 253 2348 debet.
300 2285 375 2348 Non
399 2295 511 2348 autem
536 2307 555 2348 a
579 2286 611 2351 S.
631 2287 718 2352 Sede
741 2287 939 2368 permissum
962 2285 1022 2350 fuit
1038 2306 1115 2348 con·

38 2401 127 2446 versos
141 2388 311 2469 baptizare
327 2387 390 2450 sub
405 2388 596 2451 conditione
613 2390 778 2470 privatim,
789 2409 865 2451 cum
882 2393 968 2470 aqua
985 2399 1114 2452 tantum
1131 2383 1134 2390 ⁴

38 2481 150 2564 lustrali,
165 2499 199 2552 et
222 2490 348 2570 absque
371 2492 586 2566 caeremoniis,
609 2503 708 2572 prout
732 2491 769 2554 fit
793 2492 824 2553 in
850 2491 983 2572 Anglia.
1000 2491 1050 2573 (C.
1068 2491 1114 2554 Pl

37 2583 105 2650 Ball.
119 2590 163 2666 II,
180 2591 344 2673 243·244.)
