2794 4662
219 181 284 238 638
585 179 640 228 DE
659 173 953 228 stamineorum.

225 271 1330 312 .....-.-.-----—--—-——-·--·

219 353 347 444 generis
370 360 517 436 humani,
533 368 566 422 et
589 357 733 441 pertinet
757 355 798 420 ad
822 356 926 418 vitam
951 341 1105 425 estivam,
1130 353 1198 432 qua
1220 349 1273 410 vir
1298 356 1336 408 et

222 465 338 529 mulier
353 466 386 527 in
405 463 617 526 matrimonio
633 463 781 524 viventes
798 478 933 522 necesse
946 457 1070 521 habent
1081 455 1238 535 cogitare
1255 472 1334 533 quae

221 579 298 632 sunt
318 567 440 631 muudi.
490 565 747 630 HincChristus
760 562 919 644 virginem
939 569 1077 623 matrem
1096 557 1214 638 elegit,
1233 557 1336 636 virgi·

221 665 360 736 nitatem
378 671 448 753 ipse
464 679 626 752 perpetuo
643 668 754 742 coluit,
772 665 934 748 virginem
954 661 1157 743 discipulum
1183 679 1262 740 prae
1283 679 1337 719 ce·

222 777 300 839 teris
316 775 444 848 dilexit,
461 773 558 854 eique
574 771 635 835 soli
653 771 814 851 virginem
840 779 980 831 matrem
1002 768 1034 828 in
1059 785 1155 828 cruce
1180 763 1338 825 moriens

222 879 478 952 commendavit,
502 876 656 957 exemplo
680 894 740 937 suo
774 871 949 934 manifeste
972 869 1154 932 ostendens
1190 866 1337 946 majoris

223 980 318 1064 pretii
335 999 407 1042 esse
423 989 548 1042 statum
565 978 760 1060 virginalem
777 993 877 1058 quam
895 972 1115 1056 conjugalem.
1143 971 1199 1052 (S.
1221 971 1257 1032 T
1254 971 1339 1032 horn.

225 1079 254 1144 2.
270 1098 296 1143 2.
313 1101 342 1161 q.
363 1095 430 1160 152,
446 1100 474 1141 a.
491 1081 535 1160 4).

261 1203 324 1262 Nec
335 1204 450 1262 dicatur
461 1202 684 1261 matrimonium
699 1220 764 1262 esse
776 1209 996 1270 sacramentaria,
1009 1197 1199 1272 proindeque
1214 1195 1342 1267 virgini-

224 1301 282 1350 tate
295 1291 488 1364 praestantius,
506 1309 573 1364 quae
592 1290 767 1349 sacramenti
788 1288 932 1346 rationem
953 1305 1013 1345 non
1036 1285 1134 1345 habet.
1180 1284 1273 1342 Nam
1295 1283 1342 1340 hic

224 1397 432 1451 comparamus
444 1385 552 1436 statam
565 1378 738 1452 virginitatis
751 1395 820 1436 cum
839 1383 919 1432 statu
936 1374 1094 1446 conjugali,
1111 1391 1175 1430 non
1194 1389 1279 1430 cum
1300 1390 1342 1428 sa·

224 1473 377 1522 eramento
397 1463 600 1530 Matrimonii;
619 1463 740 1520 aliunde
753 1463 888 1533 quamvis
903 1461 1085 1520 Matrimonii
1105 1473 1343 1518 sacramentum

225 1551 333 1622 gratias
342 1569 378 1607 cx
390 1558 470 1622 opere
482 1557 597 1622 operato
610 1551 750 1622 conterat,
768 1570 827 1610 non
841 1552 949 1611 exinde
961 1550 1094 1623 sequitur
1106 1549 1183 1608 illud
1196 1567 1277 1608 esse
1291 1550 1344 1604 rir-

226 1639 348 1711 ginitate
362 1638 467 1696 melius
483 1659 488 1693 :
510 1638 681 1709 hujusmodi
696 1641 772 1697 enim
782 1640 883 1711 gratiae
897 1639 1004 1697 dantur
1018 1647 1138 1710 propter
1153 1627 1305 1708 pericula
1318 1653 1344 1694 et

226 1743 316 1783 onera
330 1723 470 1797 coniugii,
483 1725 593 1796 quaein
607 1725 740 1797 virginali
751 1737 827 1784 statu
836 1726 945 1784 desunt
953 1745 961 1798 3
980 1733 1130 1796 praeterea,
1142 1723 1217 1781 loco
1232 1727 1346 1796 gratia-

227 1831 301 1884 rum,
329 1831 403 1884 quas
427 1814 571 1884 conjuges
593 1823 778 1872 sacramento
806 1811 989 1871 Matrimonii
1015 1811 1180 1883 accipiunt,
1202 1810 1346 1882 virgines

228 1901 323 1959 multo
344 1902 469 1972 majores
489 1900 624 1959 obtinere
644 1902 741 1960 valent
763 1913 883 1974 propter
903 1901 1047 1958 ferventes
1067 1898 1152 1956 actus
1172 1901 1301 1956 amoris
1319 1913 1347 1955 et

228 1988 398 2060 devotionis
411 2005 496 2060 quos,
509 1998 584 2045 teste
595 1989 752 2060 Apostolo,
768 1989 856 2060 longe
867 1987 980 2045 facilius
993 1984 1115 2044 eliciunt
1127 2001 1229 2056 quam
1246 1987 1347 2058 nupti.

265 2076 371 2147 Neque
385 2075 444 2134 dici
457 2085 575 2148 oportet
588 2075 757 2134 caelibatum
772 2076 847 2134 intra
861 2075 934 2132 lines
946 2072 1138 2145 bona'pn'aati
1155 2090 1230 2131 sese
1248 2073 1349 2130 conti-

229 2181 306 2233 nete,
325 2163 510 2235 proindeque
524 2163 623 2220 minus
637 2164 738 2220 utilem
752 2181 816 2221 esse
835 2180 924 2234 quam
944 2170 1053 2218 statum
1067 2160 1347 2218 matrimonialem.

230 2249 359 2308 Multum
374 2251 454 2308 enim
467 2249 505 2306 ad
518 2267 679 2308 commune
692 2251 842 2308 societatis
856 2247 971 2307 bonum
983 2246 1098 2304 confert
1112 2256 1178 2303 tum
1200 2264 1264 2318 per
1285 2266 1347 2304 rno-

228 2340 301 2398 dum
315 2339 442 2410 exempli
456 2337 637 2396 refraenantis
651 2338 811 2395 indomitas
825 2336 986 2409 passiones,
1007 2353 1043 2392 ex
1061 2332 1174 2405 quibus
1193 2334 1348 2392 sanctitas

231 2426 408 2483 matrimonii
435 2425 629 2497 periclitatur;
668 2434 730 2482 tum
762 2425 915 2481 hominem
941 2421 1147 2479 continentem
1175 2419 1347 2479 efficiendo

229 2511 414 2584 aptissimum
429 2512 468 2569 ad
481 2529 572 2583 opera
590 2513 719 2570 caritatis
738 2511 910 2580 exercenda,
932 2503 1070 2567 videlicet
1093 2523 1288 2579 pauperum,
1305 2528 1347 2567 or-

230 2599 396 2678 phanorum
410 2617 445 2655 ac
459 2599 642 2657 infirmorum
655 2609 825 2666 caranuaut
839 2598 1025 2670 parvulorum
1039 2595 1265 2654 educationem
1280 2609 1347 2660 etet

230 2697 294 2744 tum
307 2686 395 2743 etiam
409 2686 438 2742 in
454 2687 627 2743 memoriam
639 2683 808 2744 revocando
817 2685 939 2758 patriam
950 2684 1030 2742 illam
1040 2683 1208 2753 coelestem,
1224 2684 1285 2741 ubi
1300 2703 1347 2742 ne·

230 2763 290 2846 ciue
303 2773 416 2832 nubent
431 2791 528 2846 neque
543 2774 700 2830 nubentur.

267 2862 331 2919 Nec
345 2861 468 2928 dicatur,
479 2879 546 2918 cum
560 2859 794 2918 Protestantibus
808 2859 916 2930 multis,
932 2857 1146 2916 continentiam
1162 2875 1235 2915 esse
1251 2878 1346 2916 naora-

230 2949 298 3005 liter
305 2947 510 3020 impossibilem,
528 2948 657 3020 ideoque
670 2965 722 3004 eos
736 2949 786 3019 qui
801 2948 997 3020 virginitatem
1012 2953 1131 3013 vovent,
1148 2945 1179 3001 in
1191 2945 1346 3018 laqueum

231 3034 342 3092 diaboli
357 3035 508 3105 incidere;
534 3052 602 3092 nam
617 3033 832 3091 continentiam
846 3034 897 3092 diu
911 3038 1027 3091 servare
1041 3031 1129 3089 valde
1147 3031 1285 3091 difficile
1306 3049 1347 3092 est

232 3121 363 3192 quidem,
378 3121 439 3179 imo
453 3121 601 3180 moraliter
614 3121 797 3192 impossibile
817 3121 852 3178 iis
871 3121 922 3192 qui
941 3119 1040 3177 media
1058 3117 1216 3176 aChtisto
1232 3137 1348 3193 propo

232 3209 287 3265 sita
299 3219 449 3280 respuunt,
465 3226 524 3266 non
537 3218 637 3266 autem
652 3207 684 3265 iis
695 3208 746 3278 qui
757 3208 935 3280 periculosas
946 3207 1119 3264 occasiones
1132 3205 1275 3277 lugiunt,
1289 3227 1348 3266 car·

233 3294 277 3348 nis
292 3293 520 3359 mortificationi,
536 3293 636 3351 studio
649 3293 694 3348 vel
707 3293 800 3350 labori
813 3311 932 3366 operam
947 3291 1027 3361 dant,
1045 3289 1197 3362 simulque
1210 3295 1347 3352 orationi

232 3376 350 3434 assidue
364 3387 480 3446 vacant,
493 3394 528 3432 ac
541 3385 734 3440 sacramenta,
751 3375 911 3446 praesertim
924 3373 1149 3438 Eucharistiam‚
1166 3374 1347 3445 frequenter

234 3464 391 3535 recipiunt;
416 3463 461 3520 liis
487 3464 566 3521 enim
599 3463 705 3520 mediis
730 3462 973 3540 concupiscentia
1002 3460 1159 3518 efficaciter
1188 3460 1345 3520 fraenatur.

234 3551 326 3623 Quod
339 3552 468 3609 candide
480 3550 662 3622 agnoscebat
682 3557 847 3622 protestans
865 3547 1012 3605 Ler'bnitm
1024 3570 1035 3603 .·
1063 3545 1206 3605 “Clerici
1229 3559 1266 3606 et
1287 3551 1347 3608 reli-

233 3640 307 3710 giosi
327 3639 447 3698 tirmiter
469 3639 598 3698 habeant
616 3655 797 3710 persuasum,
815 3635 907 3708 quod,
923 3634 963 3692 ad
981 3632 1200 3691 continentiam
1223 3651 1347 3693 sermo·

233 3727 313 3798 datii,
330 3728 376 3784 vix
393 3745 469 3801 opus
482 3738 527 3784 est
539 3726 595 3784 alia
608 3744 647 3796 re,
664 3742 755 3798 quam
769 3723 899 3781 devitare
912 3720 1092 3778 otiositatem
1110 3730 1139 3777 et
1152 3721 1347 3791 periculosas

233 3816 414 3883 occasiones
432 3826 460 3871 et
478 3813 587 3871 habere
600 3813 783 3870 voluntatem
798 3809 923 3878 firmam,
935 3809 1020 3878 cujus
1032 3806 1154 3877 gratiam
1175 3806 1269 3865 Deus
1290 3829 1346 3866 non

272 4003 420 4066 ¹Systema
443 4001 566 4067 theolog.
582 4017 609 4052 n.
625 4000 667 4054 66.
707 3998 790 4067 Quod
810 3997 868 4067 jam
890 3996 1148 4050 animadverterant
1169 3997 1203 4049 S.
1224 3999 1345 4068 Grqfor.

236 4087 322 4149 Atta,
345 4085 422 4136 Orat.
441 4097 485 4148 3¹3
515 4085 568 4138 SS.
585 4085 723 4153 Chtysost.
744 4095 771 4138 et
794 4085 986 4151 Hieronymus
1008 4083 1036 4136 in
1056 4099 1117 4151 cap.
1136 4083 1213 4135 xix
1240 4087 1345 4140 Maus

238 4171 271 4220 S.
294 4169 417 4236 August.
439 4171 456 4221 l.
481 4171 520 4222 Vl
546 4172 672 4226 Conless.
698 4189 757 4241 cap.
781 4173 840 4228 Xl:
870 4173 918 4225 clr.
942 4171 986 4224 ils.
1012 4172 1115 4236 Rosset,
1136 4185 1184 4240 op.
1209 4170 1265 4226 cit.
1290 4185 1308 4228 a
1329 4175 1346 4227 l.

240 4269 266 4303 n.
283 4255 332 4319 398
347 4269 388 4320 sq.
