2794 4662
250 199 315 252 658
618 201 674 252 DE
693 199 989 252 Marmuouro.

249 383 371 464 pariter
401 381 545 445 uxorum
577 379 800 464 pluralitatem
834 384 957 446 licitam
989 405 1069 458 csse,
1094 379 1339 465 quum'statuat

249 487 503 568 aequiparandos
519 507 592 548 esse
608 485 692 548 lilios
708 506 752 546 ex
769 491 909 567 utraque
925 507 1031 549 uxore
1048 497 1146 549 natos
1159 499 1180 548 ¹.
1228 488 1339 550 Revera

250 589 378 652 Elcana
390 601 413 664 2,
431 589 540 652 David
554 601 576 664 ³,
591 588 671 669 Joas
683 587 704 662 ⁴,
721 589 841 670 aliique
857 590 916 650 viri
940 590 1050 670 plures
1066 590 1257 654 habuerunt
1271 612 1339 653 uxo-

250 711 310 766 res,
330 702 363 755 et
385 692 466 754 dum
492 692 601 754 David
625 689 770 772 graviter
792 693 974 772 castigatur
996 702 1133 774 propter
1156 693 1341 756 adulterium

250 814 325 856 cum
341 793 525 857 Bethsabee
538 813 643 856 uxore
658 793 758 867 Uriae,
772 813 942 874 nunquam
956 795 1211 877 reprehenditur
1223 809 1345 878 propter

250 898 332 960 alias
356 917 477 960 uxores
500 918 583 978 quas
606 898 758 961 duxerat.
806 895 877 957 Nec
901 898 1031 960 dicatur
1053 900 1219 978 quasdam
1242 919 1284 960 cx
1304 899 1345 960 his

250 1000 411 1063 uxoribus
435 1001 626 1062 concubinas
650 999 761 1062 vocari
789 998 931 1080 ideoque
954 1019 1019 1062 non
1045 999 1146 1062 luisse
1170 1001 1347 1081 legitimas;

251 1105 377 1165 namin
397 1104 567 1184 Scriptura
583 1103 763 1183 aliquando
781 1101 937 1183 legitima*
959 1122 1079 1164 uxores
1099 1103 1259 1166 dicuntur
1280 1125 1346 1167 con-

250 1207 380 1269 cubinae
403 1218 436 1269 et
459 1209 531 1268 vice
554 1211 670 1282 versd;
701 1207 747 1267 sic
772 1205 865 1285 Agar
888 1213 921 1266 et
945 1204 1091 1268 Cethura
1114 1225 1205 1266 nunc
1229 1226 1348 1276 uxores,

251 1319 331 1374 tunc
347 1309 541 1371 concubinae
558 1310 712 1371 dicuntur
725 1319 745 1370 ⁵.
793 1309 965 1390 Siquidem
989 1308 1076 1389 apud
1096 1308 1279 1390 Antiquos,
1293 1312 1350 1372 duo

251 1432 373 1493 genera
396 1433 540 1475 uxorum
563 1411 876 1494 distinguebantur:
900 1411 973 1473 aliae
989 1409 1202 1473 ducebantur
1222 1432 1288 1474 non
1309 1433 1351 1474 so-

252 1515 320 1580 lum
337 1517 378 1578 ad
397 1518 659 1597 procreationem
678 1514 788 1596 prolis,
804 1515 861 1577 sed
879 1513 980 1575 etiarn
1005 1514 1047 1575 ad
1070 1514 1268 1576 societatem
1291 1536 1350 1576 om-

252 1621 344 1682 niurn
361 1619 523 1683 bonorum
537 1631 571 1683 et
583 1622 703 1683 domus
719 1618 1004 1700 gubernationem,
1017 1626 1050 1678 et
1066 1615 1118 1677 hae
1137 1619 1350 1698 rrratressami-

252 1723 316 1784 lias
332 1723 556 1800 vocabantur;
577 1723 651 1785 aliae
675 1733 786 1784 autem
812 1719 919 1782 solum
943 1721 985 1781 ad
1010 1719 1265 1799 generationem
1290 1743 1351 1802 pro·

255 1825 304 1900 lis,
327 1834 361 1887 et
389 1825 440 1887 hae
469 1845 591 1888 uxores
618 1824 822 1887 secundariae
850 1842 906 1885 seu
934 1821 1129 1884 concubinae
1157 1822 1351 1886 dicebantur.

255 1928 304 2008 (c)
329 1929 429 1990 Ratio
456 1939 569 1992 autem
597 1949 653 1990 cur
679 1925 881 2008 polygamia,
905 1933 981 2005 post
1006 1924 1179 2000 diluvium,
1204 1928 1352 2006 permissa

257 2029 328 2106 luit,
356 2040 427 2110 erat
454 2029 688 2111 multiplicatio
720 2029 821 2110 prolis
853 2027 895 2089 ad
924 2027 1049 2108 cultum
1077 2028 1141 2090 Dei
1170 2030 1351 2092 educanda.

259 2135 358 2209 Nam,
383 2145 419 2197 ut
442 2136 489 2197 ait
514 2136 549 2197 S.
573 2135 711 2196 Thomas
734 2134 768 2213 (l.
792 2155 815 2195 c.
839 2152 865 2193 a.
892 2132 934 2210 2),
957 2131 1127 2213 “Semper
1150 2134 1353 2216 principalior

255 2235 330 2298 finis
348 2237 454 2318 magis
469 2237 697 2300 observandus
712 2247 764 2298 est
780 2256 879 2318 quarn
897 2235 1119 2298 secundarius,
1168 2237 1273 2300 Unde
1289 2259 1352 2300 cum

256 2339 379 2402 bonurn
395 2339 496 2422 prolis
513 2342 555 2402 sit
571 2339 762 2421 principalis
780 2338 982 2401 matrimonii
1000 2337 1083 2413 linia,
1096 2338 1151 2401 ubi
1166 2341 1270 2421 prolis
1283 2342 1352 2404 mul·

257 2443 421 2524 tiplicatio
438 2444 621 2506 necessaria
639 2452 718 2516 erat,
735 2441 848 2504 debuit
876 2441 996 2522 negligi
1014 2442 1055 2503 ad
1073 2452 1209 2523 tempus
1226 2445 1352 2526 impedi·

257 2555 407 2610 mentum
424 2545 513 2626 quod
532 2555 644 2626 posset
657 2546 690 2607 in
708 2544 909 2606 secundariis
927 2541 1047 2605 linibus
1063 2545 1197 2607 evenire
1209 2543 1235 2608 ’'.

303 2655 534 2719 Communiter
553 2675 571 2716 a
592 2654 756 2734 theologis
780 2653 922 2715 traditur
942 2653 1230 2733 dispensationem
1255 2659 1352 2737 alege

258 2759 426 2842 primitiva
442 2758 484 2820 de
500 2758 629 2820 unitate
646 2755 848 2818 matrimonii
874 2755 1003 2816 nonnisi
1028 2767 1105 2836 post
1127 2757 1292 2823 diluvium
1308 2763 1352 2824 da-

259 2871 327 2925 tam
345 2861 464 2924 fuisse:
489 2862 534 2922 nil
557 2871 668 2924 tamen
694 2860 772 2921 certi
797 2859 859 2919 hac
874 2858 918 2918 de
934 2877 968 2918 re
983 2857 1111 2920 definiri
1127 2871 1251 2940 potest
1296 2865 1353 2926 Nec

259 2982 393 3025 necesse
418 2961 479 3024 luit
503 2971 540 3023 ut
562 2961 767 3042 dispensatio
790 2963 822 3022 in
846 2960 977 3040 scriptis
998 2963 1269 3043 exprimeretur;
1290 2987 1353 3028 nam

260 3065 315 3126 lex
329 3065 371 3126 de
384 3065 512 3127 unitate
525 3065 648 3139 uxoris,
661 3075 697 3127 ut
710 3064 948 3126 animadvertit
962 3063 996 3126 S.
1013 3064 1154 3128 Thomas
1165 3068 1200 3142 (l.
1213 3070 1290 3148 ciat),
1301 3091 1354 3132 non

260 3166 368 3228 suerat
384 3165 484 3228 verbo
502 3177 559 3228 aut
577 3167 693 3227 litteris
710 3168 842 3240 tradita,
859 3167 916 3228 sed
940 3168 1030 3240 cordi
1055 3169 1227 3251 impressa,
1244 3183 1279 3235 et
1294 3175 1355 3236 ideo

261 3268 468 3350 dispensatio
494 3267 561 3329 fieri
591 3271 700 3348 potuit
727 3289 784 3350 per
811 3269 1062 3349 inspirationem
1091 3273 1355 3356 internamque

261 3373 396 3454 quidem
414 3372 639 3452 principaliter
655 3374 803 3453 patribus
820 3369 943 3434 sanitis
960 3371 1047 3435 lacta
1064 3386 1122 3446 est
1134 3385 1169 3438 et
1181 3397 1243 3458 per
1255 3399 1355 3442 eorum

262 3463 456 3556 exemplum
480 3476 522 3536 ad
547 3475 629 3535 alios
645 3476 802 3537 derivata.
850 3475 985 3537 Exinde
1001 3479 1102 3539 etiam
1120 3479 1233 3561 colligi
1252 3493 1356 3563 potest.

263 3597 338 3640 curn
355 3577 556 3639 Bellarrrrr'rro
572 3577 711 3658 aliisque
727 3589 839 3640 contra
857 3579 1009 3652 Sancltea,
1026 3581 1179 3643 eamdem
1198 3584 1356 3667 dispensa·

264 3683 388 3743 tionem
401 3682 515 3742 datam
529 3700 601 3742 esse
615 3677 802 3742 Gentilibus
814 3705 820 3758 ;
844 3699 947 3759 quum
963 3682 1051 3744 enirn
1065 3692 1219 3765 tempore
1232 3690 1356 3767 patriar-

263 3785 399 3846 charum
417 3802 574 3844 concessa
595 3782 701 3858 suerit,
718 3783 809 3844 nulla
825 3795 875 3844 est
894 3785 977 3845 ratio
994 3804 1051 3846 cur
1066 3787 1107 3847 ad
1126 3787 1219 3850 solos
1235 3791 1356 3870 Judaera

266 3888 407 3949 limitata
425 3886 529 3960 luerit,
546 3907 585 3948 eo
609 3889 715 3967 magis
736 3888 814 3967 quia
831 3885 1003 3976 *difficilius
1023 3900 1094 3950 erat
1110 3895 1256 3972 paganis
1272 3915 1355 3975 quam

268 3990 425 4050 Israelitis
457 3989 636 4069 perledlam
669 3992 869 4052 matrimonii
902 3993 1064 4054 unitatem
1093 4015 1233 4058 servare.
1283 3997 1355 4060 Hinc

305 4235 311 4256 ¹
328 4227 411 4280 Dent.
427 4227 507 4310 Xlil,
527 4241 565 4293 15.
581 4227 745 4297 &Illam
765 4230 786 4290 1,
804 4247 826 4280 2.
841 4227 1022 4300 -³llReg.
1041 4232 1079 4299 11,
1094 4247 1116 4286 2.

263 4337 268 4348 ·
304 4311 361 4362 ‘II
371 4312 488 4378 Parr'rp.¹
505 4311 612 4379 XXIV,
626 4330 641 4382 3
655 4331 695 4383 sq.
712 4343 744 4354 -
758 4315 768 4346 ⁵
783 4317 848 4370 Gerr.
863 4317 942 4381 XVI,
957 4318 1046 4373 XXV.
