2770 4652
340 183 396 233 DE
414 183 654 236 SACRIFIOEO
672 183 827 232 MISSAE.
1068 184 1128 234 ⁴31

43 362 142 425 siones
157 362 305 426 indicant
320 383 439 446 corpus
455 375 488 427 et
503 363 700 445 sanguinem
717 363 855 426 DomIni
873 362 1046 444 Apostolis
1064 371 1130 424 tra-

43 464 139 528 ditum
164 465 263 529 luisse
289 467 320 528 in
347 475 435 530 statu
460 467 606 541 vr'tlimoe,
625 487 666 528 eo
690 467 796 547 magis
820 466 898 547 quia
922 485 1020 528 voces
1042 464 1129 537 dare,

43 568 167 643 tradere,
182 589 226 630 ex
244 569 324 631 locis
339 569 513 651 parallelis,
530 568 791 632 immolationem
809 569 991 650 important
1009 591 1016 630 :
1041 573 1057 600 “
1069 567 1128 630 Di·

42 668 118 732 lexit
133 690 184 733 me
199 681 234 733 et
249 671 390 734 tradidit
403 672 618 755 semetipsum
636 692 696 754 pro
713 691 766 734 me
776 671 813 714 ”¹
829 696 836 750 ;
863 670 993 733 “Dedit
1008 677 1127 732 semet·

43 770 141 851 ipsum
168 794 228 854 pro
255 774 350 836 nobis
361 775 376 800 ’¹
387 787 409 838 ².
465 775 564 858 Quod
590 773 795 856 significatur
818 774 920 836 etiam
945 793 1005 855 per
1029 771 1128 836 verba

43 879 56 903 ‘⁴
66 874 93 935 in
111 876 334 939 remissionem
352 886 561 958 peccatorum
573 878 598 953 ”,
613 897 716 959 quum
733 874 892 938 sacrificia
908 894 968 957 pro
983 875 1128 957 peccatis

42 974 142 1039 offerri
153 978 304 1043 solerent.
350 979 441 1062 Ergo
452 979 643 1060 hujusmodi
657 979 756 1042 verba
769 980 834 1042 veri
851 977 1000 1042 sacrificii
1017 978 1126 1041 ideam

43 1080 226 1143 naturaliter
236 1081 358 1162 judaeis
379 1083 546 1146 mentibus
564 1082 794 1163 suggerebant.
840 1079 1064 1145 Confirmatur
1082 1099 1126 1142 ex

41 1181 292 1259 cirmnzstanriic
308 1204 385 1247 nam
402 1184 553 1249 Christus
570 1183 813 1248 Eucharistiam
836 1183 979 1246 instituit
994 1201 1035 1245 eo
1049 1191 1126 1245 tem-

36 1295 106 1361 pore
120 1307 186 1366 quo
206 1287 361 1369 paschale
379 1287 575 1351 sacrificium
595 1286 842 1363 celebrabatur;
869 1295 902 1349 et
917 1285 1052 1367 quidem
1069 1282 1127 1345 sub

41 1389 187 1466 speciebus
194 1390 296 1471 panis
311 1401 341 1454 et
355 1391 433 1467 vini,
446 1412 522 1473 quae
538 1392 570 1453 in
586 1388 752 1454 sacrificiis
767 1389 912 1471 antiquis
925 1387 1127 1451 adhibeban-

42 1500 96 1565 tur,
115 1495 296 1574 praesertim
322 1495 355 1558 in
381 1495 526 1578 paschali
551 1493 792 1570 celebratione;
824 1512 899 1555 cum
925 1490 1031 1554 verbis
1051 1509 1126 1571 quae

42 1593 142 1658 ideam
166 1595 316 1660 sacrificii
342 1598 535 1661 naturaliter
559 1597 757 1670 recolebant,
782 1615 859 1658 nam
885 1595 986 1658 verba
1011 1591 1126 1655 “calix

41 1699 202 1778 sanguinis
227 1699 301 1776 mei,
323 1699 409 1762 Novi
434 1710 467 1764 et
489 1701 618 1768 AEterni
642 1700 850 1764 Testamenti
862 1696 878 1724 ”
902 1697 1024 1761 similia
1049 1704 1126 1759 sunt

43 1802 140 1864 verbis
160 1823 181 1864 a
202 1804 321 1884 Moyse
343 1804 480 1885 prolatis
501 1805 582 1868 dum
604 1802 800 1867 sacrificium
820 1801 940 1865 obtulit
960 1803 1002 1863 ad
1020 1801 1126 1862 Vetus

42 1901 121 1966 Test.
138 1904 402 1969 confirmandum
422 1931 428 1970 :
456 1913 471 1939 “
485 1907 549 1970 Hic
565 1918 615 1971 est
631 1907 765 1989 sanguis
781 1905 914 1968 loedcris
929 1904 1019 1985 quod
1036 1904 1126 1984 pepi·

42 2005 263 2083 gitDominus
278 1994 449 2072 vobiscum
461 2009 476 2032 ''
486 2022 507 2071 3.

42 2106 85 2187 (b)
101 2110 155 2173 Ex
171 2090 322 2174 dostrina
340 2111 375 2174 S.
391 2112 508 2187 Paua}
531 2132 634 2194 quurn
651 2112 738 2174 enim
757 2109 855 2172 vellet
876 2107 989 2171 fideles
1005 2107 1048 2170 ab
1064 2126 1124 2169 usu

40 2209 236 2287 judaicorum
259 2212 492 2278 sacrificiorum
514 2217 686 2290 deterrere,
701 2215 773 2276 ait:
800 2212 1001 2275 “Habemus
1023 2209 1125 2273 altare

42 2312 77 2374 de
94 2336 160 2397 quo
181 2318 279 2379 edere
303 2337 368 2380 non
390 2317 514 2381 babent
536 2327 736 2400 potestatem
758 2317 813 2397 qui
835 2314 1049 2378 tabernaculo
1069 2313 1126 2376 de-

42 2420 249 2496 serviunt''⁴;
271 2421 362 2502 atqui
379 2421 482 2483 altare
494 2422 653 2503 supponit
668 2417 872 2494 sacrificium,
884 2426 917 2480 et
933 2418 1014 2480 illud
1027 2417 1125 2480 sacri·

42 2516 141 2584 ficium
163 2543 207 2584 ex
228 2533 389 2587 contextu
405 2532 456 2586 est
471 2544 584 2587 verum
601 2534 633 2586 et
655 2523 786 2606 proprie
800 2519 937 2596 dietum,
952 2539 1055 2602 quum
1074 2539 1125 2582 sa·

43 2623 160 2686 crificiis
192 2625 336 2707 judaicis
371 2637 567 2708 opponatur,
603 2646 678 2707 quae
715 2646 791 2689 vere
829 2622 987 2688 sacrificia
1023 2633 1124 2686 erant.

42 2722 178 2790 Aliunde
195 2747 261 2790 non
278 2737 390 2810 potest
404 2749 476 2792 esse
491 2729 579 2793 aliud
601 2751 638 2792 ac
659 2729 854 2792 sacrificium
870 2727 1126 2801 eucharisticum,

43 2835 73 2888 ut
93 2836 223 2892 constat
251 2848 295 2892 ex
324 2830 397 2893 loco
420 2831 621 2913 parallelos:
653 2833 778 2896 “Calix
802 2829 1050 2905 benedidlionis,
1073 2831 1125 2892 cui

43 2925 266 3006 benedicimus,
282 2953 392 2996 nonne
408 2936 665 2998 communicatio
680 2934 851 3015 sanguinis
869 2933 991 2997 Christi
1007 2942 1057 2995 est
1068 2982 1074 2994 .
1085 2981 1092 2994 .
1103 2933 1126 2994 ..Ρ

43 3029 155 3097 Videte
170 3035 273 3098 lsrael
290 3037 474 3100 secundum
491 3057 623 3100 carnem
640 3059 647 3100 ι
672 3037 792 3101 Nonne
805 3038 861 3119 qui
877 3037 982 3100 edunt
997 3037 1125 3101 hostias

70 3227 183 3281 1(ἶιιΙαΙ.
201 3228 239 3295 11,
253 3243 295 3282 20.
321 3225 326 3236 '

70 3311 147 3368 ²Tt'l.
164 3315 203 3380 11,
220 3331 259 3383 14.

70 3397 180 3454 ³Exoa'.
196 3401 305 3466 XXIV,
324 3401 348 3458 8.
362 3433 397 3441 -
412 3403 474 3458 Hac
496 3403 533 3458 de
554 3419 584 3456 re
606 3402 803 3458 animadvertit
826 3415 983 3473 protestans
1005 3405 1126 3460 auctor:

44 3483 186 3544 “Voluisse
201 3489 355 3544 Dominum
367 3507 419 3544 nos
433 3492 551 3545 edocere
562 3491 682 3546 Coenarn
695 3509 759 3545 cum
770 3491 909 3546 veteribus
921 3493 1064 3546 sacrificiis
1076 3490 1125 3544 ali·

43 3586 89 3639 quo
107 3576 192 3630 modo
212 3575 352 3644 conuelli,
368 3595 402 3632 ex
422 3579 604 3648 sequentibus
621 3579 759 3648 conjicere
780 3596 950 3648 possumus:
977 3579 1076 3649 primo,
1092 3595 1125 3632 ex

43 3667 157 3730 tempore
175 3680 231 3733 quo
249 3663 301 3718 suit
320 3664 465 3728 instituta;
496 3665 621 3718 secundo
639 3681 673 3718 ex
692 3666 826 3734 symbolis
846 3682 863 3718 a
884 3665 1008 3719 Domino
1029 3675 1125 3719 nostro

43 3743 164 3801 adhibitis
177 3766 184 3812 ;
203 3747 292 3815 tertio,
309 3764 343 3802 ex
357 3749 448 3803 verbis
461 3750 562 3820 quibus
575 3749 709 3804 convivas
722 3762 766 3805 est
782 3752 995 3818 alloquutus...
1036 3751 1126 3805 Coena

43 3827 88 3884 dici
101 3843 191 3902 potest
203 3833 299 3904 aliquo
316 3835 400 3889 modo
412 3835 599 3900 sacrificium
621 3836 785 3891 relationem
805 3837 982 3890 manifestam
1000 3837 1037 3892 ad
1056 3855 1124 3907 prae·

44 3919 195 3988 scriptiones
214 3920 353 3976 mosaicas
372 3923 408 3978 de
427 3923 571 3979 sacrificiis
591 3925 746 3979 habebat...
787 3925 961 3979 Sacrificium
979 3943 1070 3981 coenae
1083 3937 1124 3981 est

45 3997 97 4058 ldeu
115 4006 209 4063 intime
228 4025 294 4062 cum
312 4008 450 4063 sacrificio
470 4010 595 4079 paschali
616 4027 782 4078 connexum,
796 4012 918 4065 calvarii
937 4013 1124 4083 expiationem

44 4092 113 4147 nobis
126 4094 152 4148 in
165 4107 289 4152 mentem
303 4097 465 4152 revocans.”
502 4098 550 4165 (A.
567 4099 649 4162 (bue,
665 4116 709 4167 op.
724 4097 781 4166 cit„
798 4116 823 4168 p.
838 4103 975 4168 432·439.)

71 4179 170 4237 ‘Heba
185 4184 271 4251 Xlll,
287 4199 326 4254 ro.

71 4261 109 4318 ὅΙ
118 4269 177 4324 Cor.
193 4272 229 4338 X,
245 4271 333 4325 16-22.
