2794 4662
404 209 457 260 DE
473 209 767 262 unanimorum.
1068 207 1133 259 639

34 381 165 455 denegat
179 385 341 458 postulanti
360 403 424 444 eam
442 388 563 446 ferventi
578 388 713 446 studio·”.
755 387 869 446 Revera
882 386 958 445 inter
971 387 1048 458 ipsos
1065 386 1132 443 Pro-

34 479 178 530 testantes
193 491 293 531 nonne
312 485 381 532 sunt
393 475 473 533 vidui
495 485 524 532 et
542 475 640 534 viduae
659 476 853 548 innuptaeque
872 473 1008 546 virgines,
1023 473 1132 544 quibus

33 555 180 628 obligatio
199 559 250 618 diu
268 562 481 622 continentiam
501 565 637 622 servandi
656 564 817 622 incumbit?
854 561 1010 634 Numquid
1025 579 1130 634 praesu-

33 661 114 702 mere
127 645 198 704 licet
209 647 264 704 hos
276 667 381 708 omnes
391 651 462 709 vitio
475 650 594 710 deditos
606 655 687 710 esse?
714 651 745 709 Si
758 668 820 708 non
828 650 923 718 liceat,
931 667 983 706 cur
992 647 1130 707 catholici

31 731 204 790 sacerdotes
217 735 261 792 vel
275 735 323 793 alii
337 737 387 808 qui
401 747 521 810 propter
536 739 634 798 Deum
648 739 843 811 virginitatem
858 749 975 803 vovent,
988 747 1130 809 tanquam

31 817 259 880 incontinentia
272 824 312 881 rei
326 823 551 884 insimulantur?

74 979 164 1056 Art.
194 979 246 1057 II.
277 982 340 1059 De
367 983 533 1062 essentia
559 987 795 1062 sacramenti
825 984 1095 1062 Matrimonii.

70 1139 130 1203 Ad
150 1141 236 1204 banc
253 1146 472 1223 quaestionem
485 1147 605 1211 clarius
621 1149 865 1224 declarandam,
877 1148 1026 1210 dicemus
1044 1145 1129 1208 rode

27 1243 309 1323 inseparabilitate
323 1252 521 1314 sacramenti
539 1273 558 1313 a
575 1249 763 1332 contractu3
788 1265 822 1313 20
837 1253 880 1314 de
902 1250 1054 1313 enim'stre
1068 1249 1129 1312 hu·

23 1344 76 1425 jus
102 1351 320 1430 sacramenti;
358 1365 392 1430 30
415 1354 458 1416 de
482 1355 620 1417 eteateritl
640 1365 673 1418 et
687 1355 821 1434 fhrntti·
854 1367 891 1434 40
911 1375 971 1436 per
991 1353 1128 1416 modum

25 1446 236 1527 consectarii,
252 1454 294 1515 de
311 1454 458 1520 Ecclesia
466 1467 622 1536 potestate
638 1459 724 1522 circa
741 1457 998 1522 matrimonium.

61 1601 84 1657 1.
115 1601 173 1659 De
197 1602 531 1675 inseparabilitate
555 1610 789 1669 sacramenti
812 1623 833 1667 a
856 1605 1086 1668 contractu¹.

66 1742 119 1793 20.
171 1728 288 1791 Status
313 1733 505 1812 questionis.
554 1735 688 1816 Duplici
717 1738 817 1798 modo
846 1735 997 1799 Christus
1021 1755 1127 1799 sacra-

25 1841 180 1892 mentum
199 1833 400 1896 matrimonii
419 1834 590 1901 instituere
606 1839 724 1920 potuit,
741 1838 791 1900 vei
816 1839 973 1901 addendo
997 1849 1127 1901 contra·

26 1932 94 1997 &ui
128 1937 272 2000 naturali
295 1938 429 2018 aliquod
464 1941 595 2022 signum
620 1951 797 2004 externum
819 1941 936 2022 gratiae
961 1938 1126 2022 producliss

26 2059 102 2101 uum
121 2059 151 2101 v.
169 2057 198 2121 g.
215 2043 455 2106 sacerdotalem
473 2041 746 2119 beneditiiouem,
763 2044 813 2106 vel
830 2043 1002 2106 evehendo
1018 2046 1126 2126 ipsum

23 2139 236 2204 contractum
277 2143 555 2206 matrimonialem
599 2145 640 2205 ad
680 2144 879 2225 dignitatem
918 2144 1125 2207 sacramenti.

21 2244 182 2324 Jamvero
198 2244 271 2310 saec.
289 2247 405 2322 XVII,
421 2247 559 2310 Marcus
574 2248 653 2310 eine.
670 2247 708 2310 de
723 2245 904 2322 [immittit
919 2247 1126 2329 Spalatensis

25 2351 226 2434 Episcopus,
242 2363 358 2434 postea
382 2352 564 2426 haereticus,
580 2361 614 2414 et
623 2349 657 2433 J.
671 2349 827 2424 launoii,
845 2370 973 2412 necnon
1002 2351 1126 2414 nostris

22 2455 232 2536 temporibus
241 2455 278 2539 J.
293 2456 415 2535 Nuyta,
433 2454 599 2536 professor
614 2453 839 2527 Taurinensis,
863 2454 1048 2516 docuerunt
1070 2473 1121 2516 sa·

20 2569 231 2621 crementum
250 2560 296 2622 ita
312 2558 522 2642 supervenire
539 2558 740 2620 matrimonii
758 2556 941 2621 contractui
959 2557 1030 2639 jam
1047 2577 1124 2621 con-

18 2661 151 2734 stituto,
168 2670 201 2723 et
224 2662 328 2724 abeo
351 2661 495 2744 separari
520 2661 634 2742 possit,
656 2660 860 2742 proindeque
884 2660 1124 2742 impedimenta

17 2764 213 2826 dirimentia
229 2785 248 2828 a
265 2765 469 2845 principibus
486 2764 587 2826 statui
605 2783 711 2845 posse,
727 2781 830 2844 quum
848 2761 1037 2826 contraibis
1054 2783 1121 2824 ma-

17 2867 170 2928 trimonii
187 2867 229 2929 sit
246 2887 290 2928 ex
308 2871 425 2930 natura
441 2869 501 2929 sua
518 2866 630 2929 civilis.
677 2865 787 2946 Quam
805 2863 992 2928 dotirinam
1017 2864 1119 2927 liben-

16 2979 65 3030 ter
82 2968 235 3050 amplexi
252 2980 329 3033 sunt
346 2969 485 3044 Politici,
503 2979 539 3031 ut
555 2968 601 3032 sic
618 2969 746 3031 facilius
761 2969 847 3030 circa
872 2969 1120 3030 matrimonium

15 3073 109 3154 leges
128 3071 211 3135 serre
227 3073 382 3136 valerent.

58 3174 210 3256 Quidam
239 3175 402 3251 catholici,
425 3186 462 3239 ut
488 3176 539 3238 M.
564 3175 700 3250 ceruus,
725 3177 884 3256 putarunt
911 3171 1119 3237 contraitum

12 3299 87 3339 esse
104 3278 243 3358 quidem
262 3279 432 3342 materiam
447 3280 655 3354 sacramenti,
665 3277 723 3340 sed
736 3273 1000 3340 beneditiionem
1014 3297 1119 3339 sacer-

11 3378 166 3443 dotalem
183 3400 255 3442 esse
272 3380 422 3458 sormam,
439 3383 485 3444 ita
502 3391 537 3444 ut
554 3383 579 3443 si
599 3377 786 3443 benedittio
803 3380 977 3454 omittitur,
993 3380 1119 3441 existat

13 3483 268 3546 matrimonium
293 3492 329 3546 ut
353 3483 552 3558 contractus,
576 3504 642 3546 non
666 3492 779 3546 autem
804 3492 839 3544 ut
863 3490 1116 3544 sacramentum.

13 3588 118 3649 Pauci
144 3586 208 3662 alii,
224 3597 300 3668 post
326 3588 496 3668 Vasqueai,
513 3597 721 3668 agnoverunt
747 3585 882 3667 quidem
907 3582 1115 3647 contractum

48 3791 55 3821 ¹
70 3787 102 3838 S.
120 3784 215 3837 Thoen.
230 3785 296 3853 Sup.
310 3803 336 3855 q.
351 3801 394 3854 42,
407 3803 431 3839 a.
450 3801 458 3837 r
475 3786 512 3838 ad
527 3802 551 3850 r;
565 3803 589 3839 a.
604 3799 619 3852 3
632 3785 668 3838 ad
683 3800 710 3848 23
729 3784 931 3846 Bellarminas,
943 3784 978 3838 de
994 3784 1116 3838 Matrim.

12 3891 34 3926 c.
48 3873 109 3937 7-8;
129 3871 266 3936 Belluart,
276 3871 342 3926 diss.
360 3874 382 3934 l,
398 3890 421 3925 a.
438 3886 450 3939 5
457 3892 463 3936 ;
487 3871 625 3934 Carrt'ire,
641 3888 666 3940 p.
682 3873 702 3936 l,
713 3870 779 3925 sedi.
793 3885 848 3936 3,c.
866 3873 885 3937 Ι,
900 3888 923 3924 a.
942 3889 966 3935 1;
986 3872 1115 3937 Ferreae,

12 3959 82 4014 seit.
105 3959 126 4022 l,
140 3975 163 4011 c.
175 3959 204 4026 6;
222 3959 370 4024 Palmien',
384 3960 421 4012 ilr.
437 3974 478 4020 103
499 3957 593 4023 Pescl,
607 3975 634 4010 n.
651 3958 702 4023 718
716 3975 770 4027 sq.;
789 3958 888 4020 Billot,
901 3959 940 4011 th.
957 3971 998 4024 37.

46 4047 114 4097 'De
130 4045 247 4112 Republ.
261 4046 422 4110 christiani,
436 4046 452 4097 l.
469 4045 512 4097 lll
529 4055 556 4098 et
570 4043 604 4110 V,
621 4062 643 4097 c.
659 4059 683 4096 2.

46 4135 116 4185 ³De
129 4132 205 4201 regia
220 4132 247 4186 in
261 4133 419 4187 matrimon.
436 4143 584 4201 potestate,
598 4143 616 4186 t.
638 4132 659 4198 1,
672 4150 697 4202 p.
709 4139 737 4202 ’2,
754 4150 778 4185 c.
794 4146 819 4197 4.

45 4219 55 4246 ⁴
68 4221 115 4271 De
130 4218 211 4272 Locis
224 4219 308 4272 theol.
322 4221 338 4272 l.
354 4220 438 4282 Vlll,
454 4236 477 4272 c.
495 4235 515 4286 5.

46 4303 114 4359 ⁵De
125 4305 250 4362 Sacram.
263 4305 335 4373 disp.
356 4304 412 4372 138,
426 4322 449 4359 c.
467 4317 489 4374 5,
502 4321 529 4358 n.
546 4305 635 4372 63·6a.
719 4327 723 4334 ·
