2808 4664
233 163 301 213 '104
508 163 565 211 DE
583 162 666 213 Deo
685 162 1053 213 REMUNERATORE.

233 346 411 427 angoribus
435 346 644 422 moriuntur;
678 366 758 426 ergo
781 350 915 408 necesse
939 354 990 407 est
1017 345 1112 407 utin
1137 342 1242 405 altera
1266 341 1337 403 vita

232 451 341 532 dignis
358 449 527 531 suppliciis
543 450 731 530 puniantur.

274 566 323 616 zu
374 548 440 637 (B)
460 553 562 614 Ratio
577 560 688 614 autem
711 551 922 613 eternitatem
938 561 1111 632 poenarum
1131 569 1198 610 non
1222 555 1336 628 potest

232 657 406 738 apodillice
426 657 666 731 demonstrare,
687 656 744 718 sed
770 656 877 718 solum
901 654 1104 737 probabilius
1127 652 1336 734 argumentis

233 760 395 822 suadere:
425 755 481 844 (a)
510 779 554 820 ex
581 768 675 840 parte
701 757 775 821 Dei.
829 757 934 832 Deus,
960 777 1062 837 quum
1089 756 1133 818 sit
1159 774 1336 835 supremus

231 863 380 924 omnium
399 862 573 938 Dominus,
590 881 656 924 non
680 869 792 942 potest
815 861 952 940 impune
974 859 1144 922 contemni
1165 859 1209 920 ab
1229 857 1336 938 impio

231 963 330 1044 juxta
345 964 424 1027 illud
443 987 450 1025 ι
476 969 492 996 “
514 963 605 1024 Deus
622 980 688 1022 non
714 960 867 1021 irridetur
881 961 921 1040 ’';
947 960 1039 1040 atqui
1059 959 1152 1020 Deus
1168 959 1213 1019 ab
1229 957 1335 1038 impio

233 1076 508 1141 contemneretur,
524 1067 551 1127 si
576 1083 684 1144 poenae
709 1060 826 1124 inlerni
851 1081 918 1123 non
935 1072 1047 1125 essent
1062 1071 1218 1137 aeternae;
1244 1080 1335 1134 nam,

233 1169 359 1232 seclusa
375 1169 561 1232 {eternitate
577 1184 761 1248 poenarum,
774 1174 929 1245 peccator
945 1165 1160 1246 impoenitens
1171 1162 1222 1227 vel
1239 1165 1336 1224 anni-

233 1272 398 1346 hilaretur,
414 1273 475 1348 vel,
498 1281 575 1352 post
597 1269 705 1332 varias
728 1267 942 1349 probationes
966 1277 1001 1330 et
1022 1287 1149 1348 poenas,
1172 1277 1335 1328 aeternam

233 1372 473 1436 beatitudinem
487 1379 755 1451 consequeretur;
778 1369 870 1449 atqui
882 1369 1078 1433 annihilatio
1089 1391 1156 1432 non
1169 1379 1222 1432 est
1233 1389 1337 1450 poena

233 1475 407 1551 sufficiens,
423 1495 525 1556 quum
542 1495 562 1535 a
577 1473 726 1555 pluribus
742 1481 931 1552 exoptetur,
947 1493 1009 1535 nec
1025 1495 1126 1555 poena
1148 1475 1336 1555 proportio·

235 1588 313 1641 nata
328 1581 426 1641 variis
441 1579 600 1660 gradibus
616 1577 802 1656 culparum;
825 1574 961 1638 aliunde
976 1578 1122 1640 secunda
1138 1577 1336 1658 hypothesis

234 1681 341 1762 magis
356 1681 458 1743 etiam
475 1687 648 1760 repugnat,
659 1679 737 1759 quia
753 1679 779 1741 si
796 1689 952 1760 peccator
969 1682 1184 1762 impoenitens
1199 1681 1286 1742 sciat
1302 1699 1337 1740 se

234 1783 369 1844 tandem
383 1782 563 1863 aliquando
579 1781 819 1843 beatitudinem
832 1791 1096 1856 consecuturum,
1107 1802 1282 1864 nunquam
1295 1783 1337 1842 de

234 1887 432 1967 poenitentia
458 1884 598 1958 curabit,
624 1885 681 1946 sed
712 1906 731 1945 e
759 1893 876 1946 contra
904 1880 1012 1947 Deum
1040 1887 1175 1949 irridere
1202 1889 1337 1968 poterit·

235 1988 326 2070 Ergo
342 1997 491 2052 remanet
507 1997 543 2050 ut
559 2007 668 2068 poenae
684 1985 883 2048 infernisint
898 2001 1040 2050 aeternae.

234 2127 238 2132 ·
277 2093 328 2174 (b)
346 2095 401 2156 Ex
425 2103 519 2175 parte
534 2092 664 2172 peccati.
711 2092 887 2153 Peccatum
904 2092 1045 2155 mortale
1059 2092 1242 2173 quamdam
1262 2091 1335 2152 infi-

235 2197 373 2258 nitatem
387 2196 487 2259 habet
499 2197 577 2277 quia
586 2197 660 2257 Deo
670 2195 793 2275 irrogat
803 2193 1246 2275 offensamobjeliiuesaltem
1261 2193 1335 2256 infi-

235 2299 348 2373 nitam,
372 2309 408 2361 ut
431 2301 463 2360 ln
485 2299 538 2361 Tr.
554 2301 593 2360 de
617 2298 716 2361 Verbo
737 2299 866 2375 lucam,
883 2295 930 2385 (n.
952 2296 1028 2384 176)
1054 2299 1234 2380 probatum
1259 2309 1336 2372 est;

234 2402 325 2481 atqui
349 2411 522 2482 peccatum
539 2402 652 2481 aliquo
673 2400 774 2462 modo
797 2399 962 2465 infinitum
977 2402 1079 2466 debet
1101 2403 1210 2484 puniri
1233 2407 1334 2482 prena

234 2504 345 2585 aliquo
370 2506 470 2567 modo
494 2505 629 2580 infinita,
648 2514 682 2567 et
704 2524 807 2586 quum
832 2525 897 2568 non
921 2507 1027 2586 possit
1048 2526 1121 2568 esse
1144 2505 1279 2567 infinita
1302 2507 1334 2566 in

236 2609 436 2682 intensitate,
458 2608 558 2669 debet
581 2627 653 2668 esse
676 2606 804 2669 infinita
828 2609 860 2670 in
884 2608 1060 2672 duratione
1085 2605 1139 2694 (S.
1162 2608 1194 2670 T
1189 2608 1230 2683 ln,
1253 2607 1334 2688 Sup.

234 2731 264 2791 q.
279 2728 329 2789 99.
345 2731 371 2774 a
394 2710 431 2791 1).
478 2710 640 2773 Attamen
656 2710 798 2772 fatemur
813 2720 1047 2791 argumentum
1069 2710 1150 2773 illud
1172 2731 1238 2772 non
1262 2731 1335 2774 esse

235 2834 364 2894 cogens
388 2814 466 2893 quia
489 2814 616 2876 malitia
638 2815 764 2894 peccati
787 2811 969 2894 subjective
991 2812 1141 2895 spelftata
1165 2824 1219 2876 est
1243 2827 1335 2879 certe

235 2916 339 2992 finita3
360 2917 509 2997 jamvero
522 2935 622 2996 poena
634 2917 875 2997 proportionari
888 2917 988 2978 debet
1001 2916 1137 2979 malitiae
1149 2917 1335 2998 subjee‘tive

233 3019 459 3081 consideratae.

280 3117 334 3206 (c)
354 3121 409 3183 Ex
425 3131 518 3202 parte
526 3122 708 3201 peccatoris.
759 3121 894 3201 Justitia
909 3121 1017 3201 exigit
1032 3131 1069 3183 ut
1084 3142 1186 3202 poena
1202 3125 1334 3186 tamdiu

234 3225 331 3286 duret
345 3222 503 3305 quamdiu
520 3225 630 3304 culpa;
652 3224 743 3304 atqui
759 3225 856 3305 culpa
871 3224 1065 3305 peccatoris,
1073 3225 1131 3304 qui
1147 3227 1291 3288 moritur
1302 3229 1334 3288 in

235 3324 324 3388 finali
348 3327 600 3407 impoenitentia,
617 3328 649 3387 in
667 3337 827 3388 aeternum
849 3337 971 3402 manet,
987 3327 1065 3407 quia
1088 3337 1165 3407 post
1189 3341 1336 3392 mortem

236 3431 345 3492 nullus
367 3431 466 3491 datur
488 3430 694 3510 poenitentia»
719 3430 818 3504 locus,
842 3430 931 3492 nulla
953 3431 1062 3511 gratia
1083 3434 1337 3504 conversionis:

236 3534 298 3595 hoc
313 3545 424 3596 autem
441 3534 676 3595 convenienter
694 3532 728 3594 fit
743 3535 821 3614 quia
837 3553 970 3596 necesse
989 3543 1041 3596 est
1061 3543 1099 3596 ut
1120 3537 1260 3598 tandem
1278 3539 1337 3598 ali-

235 3637 369 3716 quando
385 3636 590 3717 probationis
614 3643 745 3717 tempus
769 3636 868 3699 finem
885 3637 1034 3718 accipiat,
1049 3646 1084 3699 et
1099 3640 1240 3702 omnino
1257 3661 1338 3702 eou-

234 3741 321 3819 gruit
345 3750 381 3801 ut
404 3738 537 3801 liniatur
560 3739 633 3819 ipso
656 3740 791 3801 instanti
816 3741 939 3815 mortis,
955 3760 1022 3820 quo
1037 3740 1140 3803 veluti
1162 3761 1251 3804 nova
1268 3746 1339 3806 vita

236 3842 359 3921 incipit,
374 3862 394 3902 a
410 3841 509 3921 priori
525 3841 663 3902 omnino
678 3840 841 3902 differens.

278 3943 329 4022 (d)
346 3944 401 4004 Ex
425 3953 519 4024 parte
540 3943 708 4005 societatis.
755 3944 855 4021 Deus,
870 3953 987 4026 utpote
1003 3965 1178 4026 supremus
1204 3948 1339 4030 legisla-

236 4055 287 4104 tor
312 4054 345 4104 et
370 4046 523 4126 princeps
549 4045 727 4120 societatis
751 4045 851 4109 debet
878 4046 1005 4128 legibus
1031 4049 1098 4109 suis
1125 4047 1338 4115 sandlioneru

236 4143 452 4207 sufficientem
469 4166 648 4227 apponere;
672 4150 765 4227 atqui
782 4149 939 4230 quaelibet
955 4149 1084 4214 sanflio
1100 4171 1190 4213 mere
1206 4163 1339 4235 tempo-

236 4245 311 4304 ralis
335 4245 532 4308 insufficiens
556 4259 668 4327 esset;
695 4270 772 4312 nam
797 4254 900 4315 ardua
922 4262 972 4315 est
996 4255 1126 4316 virtutis
1151 4259 1286 4328 semita,
1308 4271 1340 4320 et
