2770 4646
212 149 268 197 DE
286 143 677 198 SACRAMENTORUM
698 141 969 192 EFFECTIBUS.
1088 141 1141 190 191

44 329 102 408 ipsi
126 329 384 409 Rebap'tizantes
404 335 462 392 aut
483 325 671 387 Donatistae
697 325 728 388 id
751 325 933 406 negabant,
951 323 1009 388 sed
1035 323 1141 388 solum

43 431 202 510 putabant
219 451 259 492 ea
274 430 318 492 ab
334 428 497 492 haereticis
520 427 630 490 valide
653 426 791 490 conferri
816 446 882 489 non
908 447 1025 508 posse;
1049 427 1140 508 atqui

43 537 124 596 ratio
140 556 158 596 a
177 534 327 597 Patribus
344 533 513 615 assignata
530 551 588 594 cur
603 531 712 594 iterari
730 541 906 613 nequeant,
923 542 973 594 est
993 533 1072 612 quia
1091 531 1141 594 his

42 638 262 712 sacramentis,
285 647 405 718 praeter
428 636 583 716 gratiam,
607 634 731 716 aliquid
755 633 922 696 confertur
945 655 1165 714 permanens

42 751 71 801 et
87 739 272 816 indelebile,
286 741 483 820 impressum
500 737 533 799 in
550 737 661 800 anima
678 746 838 818 tanquam
855 737 999 818 sigillum
1016 747 1049 799 et
1066 737 1141 800 cha·

43 841 151 907 rader.
198 843 270 905 Nee
283 842 378 923 juvat
395 841 512 918 dicere,
529 860 604 904 cum
624 841 896 916 Protestantibus,
914 843 989 904 ideo
1011 842 1140 922 Baptis-

42 966 130 1008 mum
155 967 222 1008 non
247 946 367 1020 iterari,
389 944 468 1026 quia
491 954 631 1006 mortem
657 943 778 1007 Christi
803 953 1038 1025 repraesentat;
1063 964 1140 1007 nam

43 1049 248 1112 Eucharistia
279 1048 350 1130 ejus
380 1057 520 1110 mortem
549 1057 798 1120 commemorat,
826 1058 859 1110 et
888 1058 1000 1110 tamen
1033 1049 1140 1112 iterari

42 1162 173 1230 potest,
195 1171 282 1232 erge.
1083 1163 1087 1169 '

79 1265 128 1330 72.
178 1265 212 1332 3⁰
236 1253 312 1315 Rat.
340 1251 597 1314 convenientiae
645 1252 745 1314 Ratio
774 1271 839 1313 non
868 1260 978 1333 potest
1005 1253 1139 1333 quidem

41 1358 266 1420 demonstrare
287 1356 500 1420 existentiam
525 1352 731 1430 charafteris,
753 1354 811 1418 sed
835 1354 942 1418 solum
967 1353 1038 1436 ejus
1061 1375 1138 1418 con-

42 1461 236 1523 venientiam
275 1461 459 1524 ostendere.
515 1458 727 1541 Quicumque
765 1458 807 1521 ad
846 1458 980 1539 aliquod
1020 1479 1138 1522 munus

40 1565 225 1645 deputatur,
242 1575 276 1626 et
291 1562 469 1645 specialem
489 1563 609 1644 accipit
629 1571 841 1644 potestatem,
857 1562 1002 1642 quodam
1026 1561 1138 1626 chara·

42 1663 125 1728 clere
148 1667 249 1730 debet
272 1667 469 1747 consignari,
486 1675 522 1728 ut
546 1666 589 1728 ab
612 1665 683 1727 aliis
707 1665 940 1746 distinguatur,
957 1665 1042 1728 sicut
1062 1687 1090 1728 v.
1108 1686 1136 1748 g.

42 1769 157 1831 milites
171 1769 304 1851 speciali
316 1779 408 1832 veste
421 1768 619 1844 induuntur;
636 1767 802 1849 atqui,per
813 1769 874 1830 tria
885 1767 1022 1849 praefata
1032 1788 1138 1832 sacra-

40 1859 156 1944 menta,
172 1871 285 1934 fideles
296 1873 500 1953 deputantur
513 1872 555 1933 ad
569 1872 739 1952 spirituale
753 1890 882 1942 munus,
894 1871 1138 1952 specialemque

40 1975 202 2056 accipiunt
225 1984 450 2056 potestatem;
475 1974 639 2050 videlicet,
663 1995 722 2056 per
745 1974 964 2055 Baptismum,
979 1973 1081 2038 horno
1101 1975 1139 2038 fit

41 2078 222 2141 membrum
240 2076 373 2139 familiae
387 2077 519 2152 Christi,
532 2097 588 2139 seu
602 2077 685 2139 civis
697 2076 855 2152 Ecclesia,
869 2087 901 2139 et
914 2077 1033 2158 accipit
1046 2087 1137 2158 pote·

40 2190 154 2243 statem
173 2181 340 2262 passivam
357 2179 536 2262 recipiendi
553 2182 617 2244 alia
633 2189 859 2256 sacramenta3
883 2199 941 2261 per
955 2177 1136 2243 Confirma-

40 2283 173 2358 tionem,
193 2284 230 2346 lit
254 2284 345 2346 miles
370 2283 503 2361 Christi,
526 2293 560 2348 et
583 2285 703 2366 accipit
727 2291 928 2365 potestatem
953 2283 1072 2364 agendi
1097 2305 1135 2347 ea

39 2406 107 2466 quae
123 2387 328 2469 spiritualem
354 2387 505 2450 militiam
527 2384 700 2469 spectant;
725 2407 782 2468 per
799 2386 969 2461 Ordinem,
977 2386 1025 2468 fit
1039 2387 1135 2450 mini-

38 2501 100 2550 ster
123 2491 257 2566 Christi,
281 2512 338 2554 seu
362 2493 433 2554 dux
457 2490 623 2554 exercitus
647 2490 727 2572 ejus,
743 2501 776 2552 et
793 2491 912 2571 accipit
935 2499 1133 2571 potestatem

40 2590 177 2656 adlivam
195 2603 404 2656 sacramenta
420 2594 483 2656 alia
501 2593 710 2656 ministrandi
729 2615 736 2668 ;
759 2614 846 2675 ergo

383 2747 428 2802 11.
454 2745 508 2804 De
530 2744 613 2815 ejus
637 2737 788 2804 natura.

76 2882 122 2950 73
176 2883 208 2932 1⁰
235 2871 464 2934 Communiter
493 2871 688 2943 admittitur,
716 2881 831 2932 contra
864 2869 1070 2946 Durandum,
1100 2882 1133 2935 et

40 2972 195 3048 quosdam
220 2971 302 3034 alios
313 2986 336 3046 ²,
355 2970 577 3036 characterem
603 2993 667 3036 non
693 2993 764 3034 esse
788 2993 913 3034 meram
938 2973 1131 3036 relationem

39 3075 266 3148 extrinsecam,
283 3076 351 3138 sive
375 3075 505 3146 realem,
521 3077 590 3138 sive
614 3097 690 3150 non,
710 3075 768 3138 sed
791 3097 863 3138 esse
886 3077 965 3156 quid
991 3077 1077 3140 reale
1100 3087 1133 3141 et

40 3173 207 3240 intrinsece
225 3177 389 3240 inhaerens
404 3179 532 3240 animae.
573 3177 717 3254 Etenim,
731 3190 801 3242 turn
822 3181 942 3256 Patres,
956 3189 1027 3244 tum
1046 3181 1132 3244 Con·

41 3277 106 3340 cilia
122 3279 262 3341 Florem.
279 3290 312 3342 et
335 3280 365 3342 T
363 3279 422 3342 rid.
440 3273 559 3343 docent
583 3279 805 3344 charadlerem
830 3303 901 3344 esse
925 3280 1131 3362 signaculum

40 3382 152 3444 animae
174 3383 395 3464 impressum;
418 3383 512 3463 atqui
535 3383 679 3465 simplex
704 3384 819 3448 relatio
844 3405 907 3446 non
935 3396 1044 3465 potest
1067 3387 1130 3447 dici

40 3483 150 3548 nnimoe
164 3485 344 3564 inpressas
369 3484 485 3548 relatio
500 3485 598 3560 enim,
614 3488 713 3548 etiam
739 3487 843 3562 realiS,
860 3488 939 3550 nihil
964 3489 996 3549 in
1021 3488 1131 3549 anima

42 3583 202 3665 imprimit,
218 3587 276 3649 sed
301 3587 513 3651 solummodo
537 3588 620 3650 duos
645 3591 803 3653 terminos
820 3610 894 3652 cum
913 3581 1132 3652 fundamento

42 3691 199 3770 supponit,
215 3710 283 3771 quo
300 3691 475 3764 mediante,
489 3711 572 3753 unus
588 3692 630 3754 acl
648 3693 786 3756 alterum
802 3693 944 3754 refertur.
985 3693 1131 3756 Aliunde

42 3789 157 3855 nullum
175 3793 336 3872 assignari
355 3803 463 3873 potest
480 3791 574 3874 hujus
592 3795 759 3858 relationis
772 3797 1025 3859 fundamentum
1041 3820 1047 3858 :
1065 3817 1129 3860 nou

72 3969 78 3992 ¹
92 3973 118 4024 S.
136 3973 162 4024 T
159 3973 233 4026 hom.
251 3987 275 4040 3,
288 3965 315 4044 q.
331 3977 375 4043 63,
388 3993 413 4029 a.
431 3989 454 4042 3.

71 4049 248 4114 ²Durandus
260 4060 306 4128 (ln
320 4077 344 4129 4,
358 4061 384 4114 d.
399 4078 424 4127 4,
437 4079 464 4132 q.
482 4079 503 4129 r,
519 4080 545 4117 n.
560 4065 602 4130 rr)
617 4067 729 4120 tenebat
743 4064 934 4120 characterem
948 4083 1010 4121 esse
1024 4085 1130 4123 meram

42 4144 195 4202 relationem
208 4149 340 4214 rationis;
359 4151 406 4204 alii
421 4151 500 4219 pauci
515 4153 635 4220 theologi
651 4154 789 4208 docebant
804 4154 878 4208 hunc
890 4171 953 4208 esse
966 4155 1130 4210 relationem

42 4233 149 4300 realem;
168 4251 232 4305 quae
245 4235 339 4306 opinio
354 4239 439 4292 Scoto
453 4239 588 4306 tribuitur,
602 4239 653 4294 sed
667 4240 810 4294 immerito.
851 4243 905 4302 Cir.
919 4241 1014 4296 l'esclr.
1028 4259 1055 4294 n.
1069 4257 1127 4308 19¹·
