<?xml version="1.0" encoding="UTF-8"?>
<!DOCTYPE html PUBLIC "-//W3C//DTD XHTML 1.0 Transitional//EN"
    "http://www.w3.org/TR/xhtml1/DTD/xhtml1-transitional.dtd">
<html xmlns="http://www.w3.org/1999/xhtml" xml:lang="en" lang="en">
 <head>
  <title>
</title>
<meta http-equiv="Content-Type" content="text/html;charset=utf-8" />
  <meta name='ocr-system' content='tesseract 3.04.00' />
  <meta name='ocr-capabilities' content='ocr_page ocr_carea ocr_par ocr_line ocrx_word'/>
</head>
<body>
  <div class='ocr_page' id='page_1' title='image "./synopsistheolog01tanqgoog_0602.png"; bbox 0 0 2758 4652; ppageno 0'>
   <div class='ocr_carea' id='block_1_1' title="bbox 245 156 1060 212">
    <p class='ocr_par' dir='ltr' id='par_1_1' title="bbox 245 156 1060 212">
     <span class='ocr_line' id='line_1_1' title="bbox 245 156 1060 212; baseline -0.007 0"><span class='ocrx_word' id='word_1_1' title='bbox 245 159 310 212; x_wconf 74' lang='lat'>580</span> <span class='ocrx_word' id='word_1_2' title='bbox 526 158 581 206; x_wconf 84' lang='lat' dir='ltr'>DE</span> <span class='ocrx_word' id='word_1_3' title='bbox 600 158 814 206; x_wconf 74' lang='lat' dir='ltr'>EXTREMA</span> <span class='ocrx_word' id='word_1_4' title='bbox 835 156 1060 210; x_wconf 81' lang='lat' dir='ltr'>UNCTIONE.</span> 
     </span>
    </p>
   </div>
   <div class='ocr_carea' id='block_1_2' title="bbox 250 276 910 288">
    <p class='ocr_par' dir='ltr' id='par_1_2' title="bbox 250 276 910 288">
     <span class='ocr_line' id='line_1_2' title="bbox 250 276 910 288; baseline 0 -2"><span class='ocrx_word' id='word_1_5' title='bbox 250 277 506 288; x_wconf 75' lang='lat'><strong>--—-—-——-——</strong></span> <span class='ocrx_word' id='word_1_6' title='bbox 526 276 814 282; x_wconf 74' lang='lat'>—·--—-—·---·-</span> <span class='ocrx_word' id='word_1_7' title='bbox 830 277 910 282; x_wconf 83' lang='lat'><em>-——-</em></span> 
     </span>
    </p>
   </div>
   <div class='ocr_carea' id='block_1_3' title="bbox 245 336 1336 1867">
    <p class='ocr_par' dir='ltr' id='par_1_3' title="bbox 245 336 1336 1867">
     <span class='ocr_line' id='line_1_3' title="bbox 286 336 1329 420; baseline -0.001 -21"><span class='ocrx_word' id='word_1_8' title='bbox 286 355 335 420; x_wconf 79' lang='lat'>29.</span> <span class='ocrx_word' id='word_1_9' title='bbox 382 351 417 399; x_wconf 87' lang='lat'>20</span> <span class='ocrx_word' id='word_1_10' title='bbox 434 337 556 400; x_wconf 62' lang='lat' dir='ltr'>allodes</span> <span class='ocrx_word' id='word_1_11' title='bbox 572 338 727 401; x_wconf 84' lang='lat' dir='ltr'>visitandi</span> <span class='ocrx_word' id='word_1_12' title='bbox 750 337 897 400; x_wconf 84' lang='lat' dir='ltr'>infirmos</span> <span class='ocrx_word' id='word_1_13' title='bbox 919 337 1117 401; x_wconf 86' lang='lat' dir='ltr'>describitur</span> <span class='ocrx_word' id='word_1_14' title='bbox 1133 357 1154 400; x_wconf 89' lang='lat' dir='ltr'>a</span> <span class='ocrx_word' id='word_1_15' title='bbox 1171 337 1239 399; x_wconf 88' lang='lat' dir='ltr'>Rit.</span> <span class='ocrx_word' id='word_1_16' title='bbox 1253 336 1329 398; x_wconf 85' lang='lat' dir='ltr'>Rom.</span> 
     </span>
     <span class='ocr_line' id='line_1_4' title="bbox 245 440 1330 523; baseline -0.005 -17"><span class='ocrx_word' id='word_1_17' title='bbox 245 441 295 523; x_wconf 84' lang='lat' dir='ltr'>(a)</span> <span class='ocrx_word' id='word_1_18' title='bbox 312 443 388 504; x_wconf 93' lang='lat' dir='ltr'>Non</span> <span class='ocrx_word' id='word_1_19' title='bbox 414 440 625 523; x_wconf 66' lang='lat' dir='ltr'>exspettabit</span> <span class='ocrx_word' id='word_1_20' title='bbox 650 442 813 523; x_wconf 84' lang='lat' dir='ltr'>parochus</span> <span class='ocrx_word' id='word_1_21' title='bbox 839 452 876 504; x_wconf 91' lang='lat' dir='ltr'>ut</span> <span class='ocrx_word' id='word_1_22' title='bbox 899 450 1043 520; x_wconf 85' lang='lat' dir='ltr'>vocetur,</span> <span class='ocrx_word' id='word_1_23' title='bbox 1059 443 1117 504; x_wconf 93' lang='lat' dir='ltr'>sed</span> <span class='ocrx_word' id='word_1_24' title='bbox 1146 442 1235 504; x_wconf 91' lang='lat' dir='ltr'>ultro</span> <span class='ocrx_word' id='word_1_25' title='bbox 1255 460 1330 502; x_wconf 89' lang='lat' dir='ltr'>acce-</span> 
     </span>
     <span class='ocr_line' id='line_1_5' title="bbox 245 539 1330 627; baseline -0.003 -20"><span class='ocrx_word' id='word_1_26' title='bbox 245 545 310 619; x_wconf 90' lang='lat' dir='ltr'>det,</span> <span class='ocrx_word' id='word_1_27' title='bbox 323 545 436 607; x_wconf 91' lang='lat' dir='ltr'>statim</span> <span class='ocrx_word' id='word_1_28' title='bbox 454 565 491 607; x_wconf 93' lang='lat' dir='ltr'>ac</span> <span class='ocrx_word' id='word_1_29' title='bbox 506 546 633 608; x_wconf 89' lang='lat' dir='ltr'>noverit</span> <span class='ocrx_word' id='word_1_30' title='bbox 646 564 749 607; x_wconf 89' lang='lat' dir='ltr'>unum</span> <span class='ocrx_word' id='word_1_31' title='bbox 762 567 780 608; x_wconf 92' lang='lat' dir='ltr'>e</span> <span class='ocrx_word' id='word_1_32' title='bbox 796 546 864 608; x_wconf 93' lang='lat' dir='ltr'>suis</span> <span class='ocrx_word' id='word_1_33' title='bbox 876 539 1019 608; x_wconf 90' lang='lat' dir='ltr'>subditis</span> <span class='ocrx_word' id='word_1_34' title='bbox 1032 565 1104 608; x_wconf 90' lang='lat' dir='ltr'>esse</span> <span class='ocrx_word' id='word_1_35' title='bbox 1118 556 1294 627; x_wconf 81' lang='lat' dir='ltr'>aegrotnm;</span> <span class='ocrx_word' id='word_1_36' title='bbox 1306 557 1330 604; x_wconf 89' lang='lat' dir='ltr'>et</span> 
     </span>
     <span class='ocr_line' id='line_1_6' title="bbox 245 645 1331 730; baseline -0.005 -20"><span class='ocrx_word' id='word_1_37' title='bbox 245 647 430 711; x_wconf 83' lang='lat' dir='ltr'>hortabitur</span> <span class='ocrx_word' id='word_1_38' title='bbox 446 648 665 729; x_wconf 89' lang='lat' dir='ltr'>parochianos</span> <span class='ocrx_word' id='word_1_39' title='bbox 682 659 718 712; x_wconf 94' lang='lat' dir='ltr'>ut</span> <span class='ocrx_word' id='word_1_40' title='bbox 735 650 842 730; x_wconf 92' lang='lat' dir='ltr'>ipsum</span> <span class='ocrx_word' id='word_1_41' title='bbox 860 645 1064 713; x_wconf 78' lang='lat' dir='ltr'>admoneant</span> <span class='ocrx_word' id='word_1_42' title='bbox 1082 650 1197 713; x_wconf 85' lang='lat' dir='ltr'>statim</span> <span class='ocrx_word' id='word_1_43' title='bbox 1222 668 1258 710; x_wconf 87' lang='lat' dir='ltr'>ac</span> <span class='ocrx_word' id='word_1_44' title='bbox 1272 649 1331 728; x_wconf 75' lang='lat' dir='ltr'>quis</span> 
     </span>
     <span class='ocr_line' id='line_1_7' title="bbox 247 749 1333 831; baseline 0 -20"><span class='ocrx_word' id='word_1_45' title='bbox 247 749 436 813; x_wconf 88' lang='lat' dir='ltr'>infirmatur.</span> <span class='ocrx_word' id='word_1_46' title='bbox 482 751 533 831; x_wconf 81' lang='lat' dir='ltr'>(b)</span> <span class='ocrx_word' id='word_1_47' title='bbox 552 751 629 813; x_wconf 89' lang='lat' dir='ltr'>Non</span> <span class='ocrx_word' id='word_1_48' title='bbox 652 751 753 814; x_wconf 89' lang='lat' dir='ltr'>semel</span> <span class='ocrx_word' id='word_1_49' title='bbox 778 752 836 814; x_wconf 91' lang='lat' dir='ltr'>sed</span> <span class='ocrx_word' id='word_1_50' title='bbox 862 753 979 814; x_wconf 91' lang='lat' dir='ltr'>iterum</span> <span class='ocrx_word' id='word_1_51' title='bbox 1005 751 1174 814; x_wconf 85' lang='lat' dir='ltr'>infirmnm</span> <span class='ocrx_word' id='word_1_52' title='bbox 1192 751 1333 820; x_wconf 81' lang='lat' dir='ltr'>visitabit</span> 
     </span>
     <span class='ocr_line' id='line_1_8' title="bbox 247 854 1333 937; baseline 0.001 -22"><span class='ocrx_word' id='word_1_53' title='bbox 247 865 343 934; x_wconf 91' lang='lat' dir='ltr'>prout</span> <span class='ocrx_word' id='word_1_54' title='bbox 358 855 542 935; x_wconf 87' lang='lat' dir='ltr'>expediens</span> <span class='ocrx_word' id='word_1_55' title='bbox 556 854 762 935; x_wconf 86' lang='lat' dir='ltr'>judicaverit,</span> <span class='ocrx_word' id='word_1_56' title='bbox 780 856 962 936; x_wconf 70' lang='lat' dir='ltr'>praesertim</span> <span class='ocrx_word' id='word_1_57' title='bbox 980 875 1143 937; x_wconf 86' lang='lat' dir='ltr'>pauperes</span> <span class='ocrx_word' id='word_1_58' title='bbox 1158 855 1272 937; x_wconf 90' lang='lat' dir='ltr'>eisque</span> <span class='ocrx_word' id='word_1_59' title='bbox 1286 876 1333 936; x_wconf 88' lang='lat' dir='ltr'>pro</span> 
     </span>
     <span class='ocr_line' id='line_1_9' title="bbox 246 957 1332 1040; baseline -0.002 -20"><span class='ocrx_word' id='word_1_60' title='bbox 246 957 382 1020; x_wconf 91' lang='lat' dir='ltr'>modulo</span> <span class='ocrx_word' id='word_1_61' title='bbox 399 977 459 1018; x_wconf 91' lang='lat' dir='ltr'>suo</span> <span class='ocrx_word' id='word_1_62' title='bbox 476 958 706 1039; x_wconf 83' lang='lat' dir='ltr'>eleemosynas</span> <span class='ocrx_word' id='word_1_63' title='bbox 722 957 882 1038; x_wconf 86' lang='lat' dir='ltr'>erogabit.</span> <span class='ocrx_word' id='word_1_64' title='bbox 929 959 976 1040; x_wconf 87' lang='lat' dir='ltr'>(c)</span> <span class='ocrx_word' id='word_1_65' title='bbox 993 959 1154 1040; x_wconf 85' lang='lat' dir='ltr'>AEgrotos</span> <span class='ocrx_word' id='word_1_66' title='bbox 1171 971 1283 1021; x_wconf 88' lang='lat' dir='ltr'>autem</span> <span class='ocrx_word' id='word_1_67' title='bbox 1298 958 1332 1018; x_wconf 77' lang='lat' dir='ltr'>ni-</span> 
     </span>
     <span class='ocr_line' id='line_1_10' title="bbox 246 1061 1333 1142; baseline -0.004 -18"><span class='ocrx_word' id='word_1_68' title='bbox 246 1062 359 1137; x_wconf 76' lang='lat' dir='ltr'>sitanS,</span> <span class='ocrx_word' id='word_1_69' title='bbox 383 1061 594 1136; x_wconf 89' lang='lat' dir='ltr'>modestiam,</span> <span class='ocrx_word' id='word_1_70' title='bbox 617 1061 837 1124; x_wconf 87' lang='lat' dir='ltr'>honestatem.</span> <span class='ocrx_word' id='word_1_71' title='bbox 862 1072 895 1124; x_wconf 90' lang='lat' dir='ltr'>et</span> <span class='ocrx_word' id='word_1_72' title='bbox 919 1062 1117 1142; x_wconf 86' lang='lat' dir='ltr'>gravitatem</span> <span class='ocrx_word' id='word_1_73' title='bbox 1144 1062 1287 1124; x_wconf 85' lang='lat' dir='ltr'>servabit</span> <span class='ocrx_word' id='word_1_74' title='bbox 1307 1073 1333 1122; x_wconf 90' lang='lat' dir='ltr'>ut</span> 
     </span>
     <span class='ocr_line' id='line_1_11' title="bbox 246 1165 1333 1247; baseline -0.004 -19"><span class='ocrx_word' id='word_1_75' title='bbox 246 1175 463 1228; x_wconf 89' lang='lat' dir='ltr'>amoveantur</span> <span class='ocrx_word' id='word_1_76' title='bbox 487 1185 553 1228; x_wconf 92' lang='lat' dir='ltr'>non</span> <span class='ocrx_word' id='word_1_77' title='bbox 577 1165 685 1228; x_wconf 89' lang='lat' dir='ltr'>solum</span> <span class='ocrx_word' id='word_1_78' title='bbox 711 1165 866 1246; x_wconf 87' lang='lat' dir='ltr'>pericula,</span> <span class='ocrx_word' id='word_1_79' title='bbox 890 1167 946 1228; x_wconf 92' lang='lat' dir='ltr'>sed</span> <span class='ocrx_word' id='word_1_80' title='bbox 980 1167 1081 1228; x_wconf 88' lang='lat' dir='ltr'>etiam</span> <span class='ocrx_word' id='word_1_81' title='bbox 1106 1165 1308 1247; x_wconf 81' lang='lat' dir='ltr'>suspiciones</span> <span class='ocrx_word' id='word_1_82' title='bbox 1318 1175 1333 1224; x_wconf 85' lang='lat'>¹.</span> 
     </span>
     <span class='ocr_line' id='line_1_12' title="bbox 246 1267 1334 1350; baseline -0.006 -18"><span class='ocrx_word' id='word_1_83' title='bbox 246 1267 299 1350; x_wconf 85' lang='lat' dir='ltr'>(d)</span> <span class='ocrx_word' id='word_1_84' title='bbox 310 1269 395 1332; x_wconf 91' lang='lat' dir='ltr'>Cum</span> <span class='ocrx_word' id='word_1_85' title='bbox 409 1269 586 1350; x_wconf 77' lang='lat' dir='ltr'>prudentia</span> <span class='ocrx_word' id='word_1_86' title='bbox 602 1277 635 1330; x_wconf 91' lang='lat' dir='ltr'>et</span> <span class='ocrx_word' id='word_1_87' title='bbox 652 1269 789 1331; x_wconf 87' lang='lat' dir='ltr'>caritate</span> <span class='ocrx_word' id='word_1_88' title='bbox 805 1278 1014 1332; x_wconf 90' lang='lat' dir='ltr'>sacramenta</span> <span class='ocrx_word' id='word_1_89' title='bbox 1030 1278 1204 1350; x_wconf 85' lang='lat' dir='ltr'>proponet,</span> <span class='ocrx_word' id='word_1_90' title='bbox 1219 1267 1334 1330; x_wconf 87' lang='lat' dir='ltr'>sedulo-</span> 
     </span>
     <span class='ocr_line' id='line_1_13' title="bbox 246 1370 1335 1454; baseline -0.003 -19"><span class='ocrx_word' id='word_1_91' title='bbox 246 1393 310 1454; x_wconf 90' lang='lat' dir='ltr'>que</span> <span class='ocrx_word' id='word_1_92' title='bbox 328 1373 476 1435; x_wconf 89' lang='lat' dir='ltr'>monebit</span> <span class='ocrx_word' id='word_1_93' title='bbox 493 1371 641 1434; x_wconf 86' lang='lat' dir='ltr'>infirmos</span> <span class='ocrx_word' id='word_1_94' title='bbox 656 1372 720 1435; x_wconf 89' lang='lat' dir='ltr'>Ex.</span> <span class='ocrx_word' id='word_1_95' title='bbox 736 1370 948 1448; x_wconf 67' lang='lat' dir='ltr'>Undtionem,</span> <span class='ocrx_word' id='word_1_96' title='bbox 961 1374 1083 1436; x_wconf 89' lang='lat' dir='ltr'>nedum</span> <span class='ocrx_word' id='word_1_97' title='bbox 1100 1373 1144 1434; x_wconf 89' lang='lat' dir='ltr'>sit</span> <span class='ocrx_word' id='word_1_98' title='bbox 1161 1373 1335 1434; x_wconf 86' lang='lat' dir='ltr'>mortisin-</span> 
     </span>
     <span class='ocr_line' id='line_1_14' title="bbox 247 1474 1335 1556; baseline -0.005 -18"><span class='ocrx_word' id='word_1_99' title='bbox 247 1476 424 1556; x_wconf 88' lang='lat' dir='ltr'>pendentis</span> <span class='ocrx_word' id='word_1_100' title='bbox 440 1477 624 1556; x_wconf 85' lang='lat' dir='ltr'>augurium,</span> <span class='ocrx_word' id='word_1_101' title='bbox 639 1476 681 1538; x_wconf 91' lang='lat' dir='ltr'>ad</span> <span class='ocrx_word' id='word_1_102' title='bbox 695 1476 872 1538; x_wconf 89' lang='lat' dir='ltr'>sanitatem</span> <span class='ocrx_word' id='word_1_103' title='bbox 890 1474 1094 1556; x_wconf 89' lang='lat' dir='ltr'>corporalem</span> <span class='ocrx_word' id='word_1_104' title='bbox 1113 1475 1259 1537; x_wconf 89' lang='lat' dir='ltr'>multum</span> <span class='ocrx_word' id='word_1_105' title='bbox 1272 1494 1335 1535; x_wconf 90' lang='lat' dir='ltr'>con·</span> 
     </span>
     <span class='ocr_line' id='line_1_15' title="bbox 247 1579 1334 1660; baseline 0.004 -19"><span class='ocrx_word' id='word_1_106' title='bbox 247 1580 337 1642; x_wconf 77' lang='lat' dir='ltr'>serre.</span> <span class='ocrx_word' id='word_1_107' title='bbox 384 1580 433 1660; x_wconf 89' lang='lat' dir='ltr'>(e)</span> <span class='ocrx_word' id='word_1_108' title='bbox 458 1581 596 1642; x_wconf 86' lang='lat' dir='ltr'>Paratus</span> <span class='ocrx_word' id='word_1_109' title='bbox 631 1581 692 1642; x_wconf 91' lang='lat' dir='ltr'>erit</span> <span class='ocrx_word' id='word_1_110' title='bbox 726 1589 871 1660; x_wconf 72' lang='lat' dir='ltr'>aegrotos</span> <span class='ocrx_word' id='word_1_111' title='bbox 905 1580 946 1642; x_wconf 90' lang='lat' dir='ltr'>ad</span> <span class='ocrx_word' id='word_1_112' title='bbox 983 1579 1182 1660; x_wconf 89' lang='lat' dir='ltr'>patientiam</span> <span class='ocrx_word' id='word_1_113' title='bbox 1215 1579 1334 1644; x_wconf 87' lang='lat' dir='ltr'>hortari.</span> 
     </span>
     <span class='ocr_line' id='line_1_16' title="bbox 247 1679 1336 1762; baseline -0.001 -21"><span class='ocrx_word' id='word_1_114' title='bbox 247 1680 429 1761; x_wconf 84' lang='lat' dir='ltr'>praesertim</span> <span class='ocrx_word' id='word_1_115' title='bbox 465 1700 523 1761; x_wconf 89' lang='lat' dir='ltr'>per</span> <span class='ocrx_word' id='word_1_116' title='bbox 550 1681 743 1762; x_wconf 89' lang='lat' dir='ltr'>exemplum</span> <span class='ocrx_word' id='word_1_117' title='bbox 770 1681 892 1744; x_wconf 87' lang='lat' dir='ltr'>Christi</span> <span class='ocrx_word' id='word_1_118' title='bbox 916 1691 949 1744; x_wconf 90' lang='lat' dir='ltr'>et</span> <span class='ocrx_word' id='word_1_119' title='bbox 974 1679 1185 1756; x_wconf 66' lang='lat' dir='ltr'>Sandtorum,</span> <span class='ocrx_word' id='word_1_120' title='bbox 1210 1682 1336 1762; x_wconf 80' lang='lat' dir='ltr'>illosque</span> 
     </span>
     <span class='ocr_line' id='line_1_17' title="bbox 247 1783 1179 1867; baseline 0.003 -22"><span class='ocrx_word' id='word_1_121' title='bbox 247 1784 376 1846; x_wconf 88' lang='lat' dir='ltr'>munire</span> <span class='ocrx_word' id='word_1_122' title='bbox 391 1793 508 1846; x_wconf 91' lang='lat' dir='ltr'>contra</span> <span class='ocrx_word' id='word_1_123' title='bbox 524 1783 725 1846; x_wconf 86' lang='lat' dir='ltr'>tentationes</span> <span class='ocrx_word' id='word_1_124' title='bbox 742 1795 821 1848; x_wconf 89' lang='lat' dir='ltr'>tunc</span> <span class='ocrx_word' id='word_1_125' title='bbox 838 1787 997 1867; x_wconf 91' lang='lat' dir='ltr'>temporis</span> <span class='ocrx_word' id='word_1_126' title='bbox 1015 1795 1179 1866; x_wconf 80' lang='lat' dir='ltr'>urgentes</span> 
     </span>
    </p>
   </div>
   <div class='ocr_carea' id='block_1_4' title="bbox 390 1941 1210 2044">
    <p class='ocr_par' dir='ltr' id='par_1_4' title="bbox 390 1941 1210 2044">
     <span class='ocr_line' id='line_1_18' title="bbox 390 1941 1210 2044; baseline 0 -22"><span class='ocrx_word' id='word_1_127' title='bbox 390 1945 477 2022; x_wconf 87' lang='lat' dir='ltr'>Art.</span> <span class='ocrx_word' id='word_1_128' title='bbox 499 1945 547 2021; x_wconf 93' lang='lat' dir='ltr'>V.</span> <span class='ocrx_word' id='word_1_129' title='bbox 574 1945 636 2021; x_wconf 93' lang='lat' dir='ltr'>De</span> <span class='ocrx_word' id='word_1_130' title='bbox 664 1941 840 2044; x_wconf 75' lang='lat' dir='ltr'>subjetto</span> <span class='ocrx_word' id='word_1_131' title='bbox 870 1947 944 2024; x_wconf 79' lang='lat' dir='ltr'>Eri.</span> <span class='ocrx_word' id='word_1_132' title='bbox 966 1945 1210 2024; x_wconf 74' lang='lat' dir='ltr'>Unctionis².</span> 
     </span>
    </p>
   </div>
   <div class='ocr_carea' id='block_1_5' title="bbox 165 2095 1338 2280">
    <p class='ocr_par' dir='ltr' id='par_1_5' title="bbox 165 2095 1338 2280">
     <span class='ocr_line' id='line_1_19' title="bbox 293 2095 1338 2177; baseline -0.003 -18"><span class='ocrx_word' id='word_1_133' title='bbox 293 2097 452 2160; x_wconf 89' lang='lat' dir='ltr'>Dicemus</span> <span class='ocrx_word' id='word_1_134' title='bbox 473 2108 505 2157; x_wconf 89' lang='lat'>10</span> <span class='ocrx_word' id='word_1_135' title='bbox 523 2095 576 2158; x_wconf 90' lang='lat' dir='ltr'>De</span> <span class='ocrx_word' id='word_1_136' title='bbox 595 2095 832 2158; x_wconf 84' lang='lat' dir='ltr'>conditionibus</span> <span class='ocrx_word' id='word_1_137' title='bbox 855 2096 1019 2177; x_wconf 89' lang='lat' dir='ltr'>requisitis</span> <span class='ocrx_word' id='word_1_138' title='bbox 1043 2097 1085 2160; x_wconf 91' lang='lat' dir='ltr'>ad</span> <span class='ocrx_word' id='word_1_139' title='bbox 1110 2096 1175 2158; x_wconf 90' lang='lat' dir='ltr'>hoc</span> <span class='ocrx_word' id='word_1_140' title='bbox 1200 2115 1338 2166; x_wconf 73' lang='lat' dir='ltr'>sacram:</span> 
     </span>
     <span class='ocr_line' id='line_1_20' title="bbox 165 2197 1275 2280; baseline -0.001 -17"><span class='ocrx_word' id='word_1_141' title='bbox 165 2223 168 2234; x_wconf 88' lang='lat'><em>·</em></span> <span class='ocrx_word' id='word_1_142' title='bbox 247 2213 282 2262; x_wconf 86' lang='lat'>20</span> <span class='ocrx_word' id='word_1_143' title='bbox 299 2200 352 2263; x_wconf 90' lang='lat' dir='ltr'>De</span> <span class='ocrx_word' id='word_1_144' title='bbox 368 2198 552 2261; x_wconf 80' lang='lat' dir='ltr'>necessitate</span> <span class='ocrx_word' id='word_1_145' title='bbox 568 2197 649 2261; x_wconf 92' lang='lat' dir='ltr'>illud</span> <span class='ocrx_word' id='word_1_146' title='bbox 667 2198 862 2278; x_wconf 88' lang='lat' dir='ltr'>recipiendi;</span> <span class='ocrx_word' id='word_1_147' title='bbox 887 2213 922 2278; x_wconf 82' lang='lat'>3⁰</span> <span class='ocrx_word' id='word_1_148' title='bbox 940 2200 992 2262; x_wconf 92' lang='lat' dir='ltr'>De</span> <span class='ocrx_word' id='word_1_149' title='bbox 1007 2199 1078 2280; x_wconf 86' lang='lat' dir='ltr'>ejus</span> <span class='ocrx_word' id='word_1_150' title='bbox 1094 2199 1275 2262; x_wconf 77' lang='lat' dir='ltr'>iteratione.</span> 
     </span>
    </p>
   </div>
   <div class='ocr_carea' id='block_1_6' title="bbox 471 2348 1129 2422">
    <p class='ocr_par' dir='ltr' id='par_1_6' title="bbox 471 2348 1129 2422">
     <span class='ocr_line' id='line_1_21' title="bbox 471 2348 1129 2422; baseline 0.002 -17"><span class='ocrx_word' id='word_1_151' title='bbox 471 2351 498 2406; x_wconf 95' lang='lat'>1.</span> <span class='ocrx_word' id='word_1_152' title='bbox 524 2350 578 2408; x_wconf 86' lang='lat' dir='ltr'>De</span> <span class='ocrx_word' id='word_1_153' title='bbox 601 2348 889 2406; x_wconf 81' lang='lat' dir='ltr'>conditionibus</span> <span class='ocrx_word' id='word_1_154' title='bbox 913 2350 1129 2422; x_wconf 83' lang='lat' dir='ltr'>requisitis.</span> 
     </span>
    </p>
   </div>
   <div class='ocr_carea' id='block_1_7' title="bbox 246 2476 1365 3179">
    <p class='ocr_par' dir='ltr' id='par_1_7' title="bbox 247 2476 1334 2661">
     <span class='ocr_line' id='line_1_22' title="bbox 289 2476 1334 2560; baseline 0 -22"><span class='ocrx_word' id='word_1_155' title='bbox 289 2497 338 2560; x_wconf 86' lang='lat'>30,</span> <span class='ocrx_word' id='word_1_156' title='bbox 391 2490 422 2538; x_wconf 87' lang='lat'>10</span> <span class='ocrx_word' id='word_1_157' title='bbox 448 2476 503 2538; x_wconf 83' lang='lat' dir='ltr'>Ad</span> <span class='ocrx_word' id='word_1_158' title='bbox 539 2476 744 2538; x_wconf 82' lang='lat' dir='ltr'>validitatem</span> <span class='ocrx_word' id='word_1_159' title='bbox 779 2486 845 2538; x_wconf 88' lang='lat' dir='ltr'>tres</span> <span class='ocrx_word' id='word_1_160' title='bbox 869 2478 1078 2558; x_wconf 91' lang='lat' dir='ltr'>requiruntur</span> <span class='ocrx_word' id='word_1_161' title='bbox 1101 2477 1334 2540; x_wconf 81' lang='lat' dir='ltr'>conditiones:</span> 
     </span>
     <span class='ocr_line' id='line_1_23' title="bbox 247 2579 1268 2661; baseline -0.001 -18"><span class='ocrx_word' id='word_1_162' title='bbox 247 2590 284 2643; x_wconf 93' lang='lat' dir='ltr'>ut</span> <span class='ocrx_word' id='word_1_163' title='bbox 300 2581 475 2661; x_wconf 86' lang='lat' dir='ltr'>ungendus</span> <span class='ocrx_word' id='word_1_164' title='bbox 492 2581 534 2641; x_wconf 92' lang='lat' dir='ltr'>sit</span> <span class='ocrx_word' id='word_1_165' title='bbox 550 2580 741 2660; x_wconf 71' lang='lat' dir='ltr'>baptizatus,</span> <span class='ocrx_word' id='word_1_166' title='bbox 756 2581 897 2654; x_wconf 82' lang='lat' dir='ltr'>adultus,</span> <span class='ocrx_word' id='word_1_167' title='bbox 907 2579 1082 2660; x_wconf 80' lang='lat' dir='ltr'>perz’culose</span> <span class='ocrx_word' id='word_1_168' title='bbox 1096 2591 1268 2661; x_wconf 76' lang='lat' dir='ltr'>egrotans.</span> 
     </span>
    </p>

    <p class='ocr_par' dir='ltr' id='par_1_8' title="bbox 246 2681 1365 3179">
     <span class='ocr_line' id='line_1_24' title="bbox 290 2681 1333 2766; baseline -0.005 -17"><span class='ocrx_word' id='word_1_169' title='bbox 290 2684 349 2764; x_wconf 80' lang='lat' dir='ltr'>(A)</span> <span class='ocrx_word' id='word_1_170' title='bbox 365 2684 559 2764; x_wconf 68' lang='lat' dir='ltr'>Baptismus</span> <span class='ocrx_word' id='word_1_171' title='bbox 575 2707 586 2745; x_wconf 95' lang='lat'>.·</span> <span class='ocrx_word' id='word_1_172' title='bbox 622 2703 708 2756; x_wconf 89' lang='lat' dir='ltr'>nam,</span> <span class='ocrx_word' id='word_1_173' title='bbox 725 2705 767 2744; x_wconf 90' lang='lat' dir='ltr'>ex</span> <span class='ocrx_word' id='word_1_174' title='bbox 788 2681 894 2760; x_wconf 73' lang='lat' dir='ltr'>dietis,</span> <span class='ocrx_word' id='word_1_175' title='bbox 912 2684 1104 2766; x_wconf 88' lang='lat' dir='ltr'>Baptismus</span> <span class='ocrx_word' id='word_1_176' title='bbox 1120 2694 1172 2747; x_wconf 90' lang='lat' dir='ltr'>est</span> <span class='ocrx_word' id='word_1_177' title='bbox 1195 2686 1333 2746; x_wconf 89' lang='lat' dir='ltr'>omnium</span> 
     </span>
     <span class='ocr_line' id='line_1_25' title="bbox 247 2785 1334 2866; baseline -0.004 -16"><span class='ocrx_word' id='word_1_178' title='bbox 247 2797 527 2850; x_wconf 87' lang='lat' dir='ltr'>sacramentorum</span> <span class='ocrx_word' id='word_1_179' title='bbox 543 2787 653 2866; x_wconf 88' lang='lat' dir='ltr'>janua.</span> <span class='ocrx_word' id='word_1_180' title='bbox 701 2789 815 2850; x_wconf 91' lang='lat' dir='ltr'>Potest</span> <span class='ocrx_word' id='word_1_181' title='bbox 831 2787 1007 2849; x_wconf 90' lang='lat' dir='ltr'>ministrari</span> <span class='ocrx_word' id='word_1_182' title='bbox 1024 2785 1142 2850; x_wconf 90' lang='lat' dir='ltr'>adulto</span> <span class='ocrx_word' id='word_1_183' title='bbox 1154 2789 1334 2851; x_wconf 86' lang='lat' dir='ltr'>immediate</span> 
     </span>
     <span class='ocr_line' id='line_1_26' title="bbox 246 2891 1333 2974; baseline -0.003 -20"><span class='ocrx_word' id='word_1_184' title='bbox 246 2903 322 2974; x_wconf 92' lang='lat' dir='ltr'>post</span> <span class='ocrx_word' id='word_1_185' title='bbox 347 2892 565 2973; x_wconf 89' lang='lat' dir='ltr'>Baptismum,</span> <span class='ocrx_word' id='word_1_186' title='bbox 582 2891 668 2971; x_wconf 90' lang='lat' dir='ltr'>quia,</span> <span class='ocrx_word' id='word_1_187' title='bbox 686 2891 761 2952; x_wconf 90' lang='lat' dir='ltr'>licet</span> <span class='ocrx_word' id='word_1_188' title='bbox 779 2891 969 2972; x_wconf 86' lang='lat' dir='ltr'>Baptismus</span> <span class='ocrx_word' id='word_1_189' title='bbox 988 2911 1052 2953; x_wconf 89' lang='lat' dir='ltr'>non</span> <span class='ocrx_word' id='word_1_190' title='bbox 1075 2891 1185 2954; x_wconf 87' lang='lat' dir='ltr'>solum</span> <span class='ocrx_word' id='word_1_191' title='bbox 1215 2892 1333 2972; x_wconf 86' lang='lat' dir='ltr'>culpan</span> 
     </span>
     <span class='ocr_line' id='line_1_27' title="bbox 246 2995 1365 3076; baseline 0 -18"><span class='ocrx_word' id='word_1_192' title='bbox 246 2995 343 3058; x_wconf 87' lang='lat' dir='ltr'>tollat</span> <span class='ocrx_word' id='word_1_193' title='bbox 358 2997 416 3057; x_wconf 87' lang='lat' dir='ltr'>sed</span> <span class='ocrx_word' id='word_1_194' title='bbox 433 2995 533 3057; x_wconf 90' lang='lat' dir='ltr'>etiam</span> <span class='ocrx_word' id='word_1_195' title='bbox 551 3014 695 3075; x_wconf 88' lang='lat' dir='ltr'>poenam,</span> <span class='ocrx_word' id='word_1_196' title='bbox 711 3003 822 3058; x_wconf 89' lang='lat' dir='ltr'>tamen</span> <span class='ocrx_word' id='word_1_197' title='bbox 841 2995 1001 3057; x_wconf 70' lang='lat' dir='ltr'>inanima</span> <span class='ocrx_word' id='word_1_198' title='bbox 1024 2995 1209 3076; x_wconf 88' lang='lat' dir='ltr'>quamdam</span> <span class='ocrx_word' id='word_1_199' title='bbox 1234 2995 1333 3058; x_wconf 88' lang='lat' dir='ltr'>debili·</span> <span class='ocrx_word' id='word_1_200' title='bbox 1364 3045 1365 3058; x_wconf 77' lang='lat'>.</span> 
     </span>
     <span class='ocr_line' id='line_1_28' title="bbox 247 3077 1365 3179; baseline 0 -19"><span class='ocrx_word' id='word_1_201' title='bbox 247 3109 350 3161; x_wconf 87' lang='lat' dir='ltr'>tatem</span> <span class='ocrx_word' id='word_1_202' title='bbox 369 3098 533 3179; x_wconf 89' lang='lat' dir='ltr'>relinquit,</span> <span class='ocrx_word' id='word_1_203' title='bbox 549 3093 778 3177; x_wconf 80' lang='lat' dir='ltr'>contraquam</span> <span class='ocrx_word' id='word_1_204' title='bbox 797 3097 860 3159; x_wconf 87' lang='lat' dir='ltr'>Ex.</span> <span class='ocrx_word' id='word_1_205' title='bbox 880 3094 1006 3162; x_wconf 72' lang='lat' dir='ltr'>Untno</span> <span class='ocrx_word' id='word_1_206' title='bbox 1022 3097 1207 3161; x_wconf 91' lang='lat' dir='ltr'>ordinatur.</span> <span class='ocrx_word' id='word_1_207' title='bbox 1364 3077 1365 3100; x_wconf 27' lang='lat' dir='ltr'>i</span> 
     </span>
    </p>
   </div>
   <div class='ocr_carea' id='block_1_8' title="bbox 245 3296 1364 4236">
    <p class='ocr_par' dir='ltr' id='par_1_9' title="bbox 245 3296 1364 4058">
     <span class='ocr_line' id='line_1_29' title="bbox 282 3296 1333 3365; baseline -0.001 -16"><span class='ocrx_word' id='word_1_208' title='bbox 282 3296 314 3326; x_wconf 82' lang='lat'>¹“</span> <span class='ocrx_word' id='word_1_209' title='bbox 330 3297 463 3364; x_wconf 86' lang='lat' dir='ltr'>AEgrotos</span> <span class='ocrx_word' id='word_1_210' title='bbox 484 3296 612 3361; x_wconf 87' lang='lat' dir='ltr'>visitans,</span> <span class='ocrx_word' id='word_1_211' title='bbox 633 3297 674 3363; x_wconf 72' lang='lat' dir='ltr'>ei,</span> <span class='ocrx_word' id='word_1_212' title='bbox 697 3297 753 3365; x_wconf 75' lang='lat' dir='ltr'>quit</span> <span class='ocrx_word' id='word_1_213' title='bbox 781 3298 943 3351; x_wconf 87' lang='lat' dir='ltr'>sacerdotes</span> <span class='ocrx_word' id='word_1_214' title='bbox 964 3299 1018 3351; x_wconf 89' lang='lat' dir='ltr'>Dei</span> <span class='ocrx_word' id='word_1_215' title='bbox 1038 3298 1130 3364; x_wconf 86' lang='lat' dir='ltr'>decet,</span> <span class='ocrx_word' id='word_1_216' title='bbox 1149 3300 1297 3354; x_wconf 82' lang='lat' dir='ltr'>honestate</span> <span class='ocrx_word' id='word_1_217' title='bbox 1313 3309 1333 3350; x_wconf 86' lang='lat' dir='ltr'>et</span> 
     </span>
     <span class='ocr_line' id='line_1_30' title="bbox 245 3384 1333 3456; baseline -0.003 -17"><span class='ocrx_word' id='word_1_218' title='bbox 245 3385 382 3454; x_wconf 86' lang='lat' dir='ltr'>gravitate</span> <span class='ocrx_word' id='word_1_219' title='bbox 396 3401 425 3437; x_wconf 92' lang='lat' dir='ltr'>se</span> <span class='ocrx_word' id='word_1_220' title='bbox 440 3385 552 3447; x_wconf 80' lang='lat' dir='ltr'>lrabeat,</span> <span class='ocrx_word' id='word_1_221' title='bbox 568 3385 723 3452; x_wconf 73' lang='lat' dir='ltr'>praesertim</span> <span class='ocrx_word' id='word_1_222' title='bbox 737 3401 800 3438; x_wconf 92' lang='lat' dir='ltr'>cum</span> <span class='ocrx_word' id='word_1_223' title='bbox 813 3385 934 3450; x_wconf 82' lang='lat' dir='ltr'>leminis,</span> <span class='ocrx_word' id='word_1_224' title='bbox 947 3385 981 3438; x_wconf 89' lang='lat' dir='ltr'>iis</span> <span class='ocrx_word' id='word_1_225' title='bbox 994 3384 1135 3455; x_wconf 72' lang='lat' dir='ltr'>praecipue</span> <span class='ocrx_word' id='word_1_226' title='bbox 1149 3403 1215 3456; x_wconf 83' lang='lat' dir='ltr'>qnae</span> <span class='ocrx_word' id='word_1_227' title='bbox 1235 3387 1333 3441; x_wconf 85' lang='lat' dir='ltr'>canoni·</span> 
     </span>
     <span class='ocr_line' id='line_1_31' title="bbox 246 3471 1333 3544; baseline -0.002 -18"><span class='ocrx_word' id='word_1_228' title='bbox 246 3489 308 3526; x_wconf 93' lang='lat' dir='ltr'>cam</span> <span class='ocrx_word' id='word_1_229' title='bbox 322 3483 436 3526; x_wconf 71' lang='lat' dir='ltr'>aetatem</span> <span class='ocrx_word' id='word_1_230' title='bbox 449 3472 571 3525; x_wconf 90' lang='lat' dir='ltr'>necdum</span> <span class='ocrx_word' id='word_1_231' title='bbox 584 3471 751 3539; x_wconf 77' lang='lat' dir='ltr'>attigerunt;</span> <span class='ocrx_word' id='word_1_232' title='bbox 780 3472 896 3524; x_wconf 74' lang='lat' dir='ltr'>infirmae</span> <span class='ocrx_word' id='word_1_233' title='bbox 911 3489 949 3524; x_wconf 88' lang='lat' dir='ltr'>sc.</span> <span class='ocrx_word' id='word_1_234' title='bbox 965 3472 1132 3540; x_wconf 91' lang='lat' dir='ltr'>cubiculum,</span> <span class='ocrx_word' id='word_1_235' title='bbox 1149 3475 1206 3527; x_wconf 89' lang='lat' dir='ltr'>nisi</span> <span class='ocrx_word' id='word_1_236' title='bbox 1220 3475 1266 3528; x_wconf 92' lang='lat' dir='ltr'>illa</span> <span class='ocrx_word' id='word_1_237' title='bbox 1279 3489 1333 3544; x_wconf 65' lang='lat' dir='ltr'>pre</span> 
     </span>
     <span class='ocr_line' id='line_1_32' title="bbox 246 3545 1364 3626; baseline -0.002 -14"><span class='ocrx_word' id='word_1_238' title='bbox 246 3560 362 3620; x_wconf 88' lang='lat' dir='ltr'>monita,</span> <span class='ocrx_word' id='word_1_239' title='bbox 379 3576 434 3612; x_wconf 89' lang='lat' dir='ltr'>non</span> <span class='ocrx_word' id='word_1_240' title='bbox 456 3558 644 3626; x_wconf 86' lang='lat' dir='ltr'>ingrediatnr;</span> <span class='ocrx_word' id='word_1_241' title='bbox 672 3559 732 3612; x_wconf 91' lang='lat' dir='ltr'>sine</span> <span class='ocrx_word' id='word_1_242' title='bbox 746 3559 913 3612; x_wconf 89' lang='lat' dir='ltr'>necessitate</span> <span class='ocrx_word' id='word_1_243' title='bbox 926 3575 982 3611; x_wconf 89' lang='lat' dir='ltr'>non</span> <span class='ocrx_word' id='word_1_244' title='bbox 997 3558 1032 3612; x_wconf 89' lang='lat' dir='ltr'>sit</span> <span class='ocrx_word' id='word_1_245' title='bbox 1046 3559 1123 3613; x_wconf 89' lang='lat' dir='ltr'>solus</span> <span class='ocrx_word' id='word_1_246' title='bbox 1136 3577 1203 3613; x_wconf 90' lang='lat' dir='ltr'>cum</span> <span class='ocrx_word' id='word_1_247' title='bbox 1223 3562 1290 3617; x_wconf 75' lang='lat' dir='ltr'>sola.</span> <span class='ocrx_word' id='word_1_248' title='bbox 1303 3569 1331 3614; x_wconf 87' lang='lat' dir='ltr'>et.</span> <span class='ocrx_word' id='word_1_249' title='bbox 1363 3545 1364 3624; x_wconf 64' lang='lat' dir='ltr'>l</span> 
     </span>
     <span class='ocr_line' id='line_1_33' title="bbox 246 3642 1332 3710; baseline -0.003 -15"><span class='ocrx_word' id='word_1_250' title='bbox 246 3643 312 3697; x_wconf 90' lang='lat' dir='ltr'>dum</span> <span class='ocrx_word' id='word_1_251' title='bbox 323 3661 387 3696; x_wconf 80' lang='lat' dir='ltr'>eam</span> <span class='ocrx_word' id='word_1_252' title='bbox 398 3644 560 3696; x_wconf 87' lang='lat' dir='ltr'>consolatur</span> <span class='ocrx_word' id='word_1_253' title='bbox 568 3644 629 3697; x_wconf 80' lang='lat' dir='ltr'>eive</span> <span class='ocrx_word' id='word_1_254' title='bbox 638 3642 914 3698; x_wconf 87' lang='lat' dir='ltr'>commiserationem</span> <span class='ocrx_word' id='word_1_255' title='bbox 924 3653 1051 3710; x_wconf 86' lang='lat' dir='ltr'>testatur,</span> <span class='ocrx_word' id='word_1_256' title='bbox 1064 3643 1211 3698; x_wconf 87' lang='lat' dir='ltr'>abstineat</span> <span class='ocrx_word' id='word_1_257' title='bbox 1223 3646 1261 3698; x_wconf 92' lang='lat' dir='ltr'>ab</span> <span class='ocrx_word' id='word_1_258' title='bbox 1272 3642 1332 3697; x_wconf 90' lang='lat' dir='ltr'>omni</span> 
     </span>
     <span class='ocr_line' id='line_1_34' title="bbox 247 3721 1364 3798; baseline -0.004 -15"><span class='ocrx_word' id='word_1_259' title='bbox 247 3747 384 3796; x_wconf 89' lang='lat' dir='ltr'>sermone,</span> <span class='ocrx_word' id='word_1_260' title='bbox 393 3731 437 3782; x_wconf 89' lang='lat' dir='ltr'>vel</span> <span class='ocrx_word' id='word_1_261' title='bbox 446 3731 531 3783; x_wconf 89' lang='lat' dir='ltr'>etiam</span> <span class='ocrx_word' id='word_1_262' title='bbox 540 3731 635 3794; x_wconf 86' lang='lat' dir='ltr'>verbo,</span> <span class='ocrx_word' id='word_1_263' title='bbox 645 3730 721 3798; x_wconf 91' lang='lat' dir='ltr'>quod</span> <span class='ocrx_word' id='word_1_264' title='bbox 734 3731 770 3782; x_wconf 88' lang='lat' dir='ltr'>ab</span> <span class='ocrx_word' id='word_1_265' title='bbox 782 3731 843 3782; x_wconf 88' lang='lat' dir='ltr'>aliis</span> <span class='ocrx_word' id='word_1_266' title='bbox 854 3730 945 3783; x_wconf 87' lang='lat' dir='ltr'>audiri</span> <span class='ocrx_word' id='word_1_267' title='bbox 958 3731 1051 3784; x_wconf 89' lang='lat' dir='ltr'>nollet.</span> <span class='ocrx_word' id='word_1_268' title='bbox 1095 3733 1243 3787; x_wconf 83' lang='lat' dir='ltr'>Honestas</span> <span class='ocrx_word' id='word_1_269' title='bbox 1255 3743 1331 3784; x_wconf 76' lang='lat' dir='ltr'>tamen</span> <span class='ocrx_word' id='word_1_270' title='bbox 1363 3721 1364 3724; x_wconf 47' lang='lat'>&#39;</span> 
     </span>
     <span class='ocr_line' id='line_1_35' title="bbox 247 3815 1331 3885; baseline -0.003 -16"><span class='ocrx_word' id='word_1_271' title='bbox 247 3829 273 3869; x_wconf 89' lang='lat' dir='ltr'>et</span> <span class='ocrx_word' id='word_1_272' title='bbox 287 3817 419 3884; x_wconf 80' lang='lat' dir='ltr'>gravitas,</span> <span class='ocrx_word' id='word_1_273' title='bbox 433 3817 572 3885; x_wconf 84' lang='lat' dir='ltr'>praecipue</span> <span class='ocrx_word' id='word_1_274' title='bbox 586 3815 613 3868; x_wconf 91' lang='lat' dir='ltr'>in</span> <span class='ocrx_word' id='word_1_275' title='bbox 628 3817 718 3884; x_wconf 71' lang='lat' dir='ltr'>prima</span> <span class='ocrx_word' id='word_1_276' title='bbox 728 3815 897 3878; x_wconf 84' lang='lat' dir='ltr'>visitatione,</span> <span class='ocrx_word' id='word_1_277' title='bbox 911 3816 1027 3883; x_wconf 87' lang='lat' dir='ltr'>caritati,</span> <span class='ocrx_word' id='word_1_278' title='bbox 1042 3817 1197 3872; x_wconf 87' lang='lat' dir='ltr'>urbanitati</span> <span class='ocrx_word' id='word_1_279' title='bbox 1212 3829 1239 3873; x_wconf 89' lang='lat' dir='ltr'>et</span> <span class='ocrx_word' id='word_1_280' title='bbox 1253 3815 1331 3870; x_wconf 81' lang='lat' dir='ltr'>allabi·</span> 
     </span>
     <span class='ocr_line' id='line_1_36' title="bbox 247 3901 1330 3971; baseline 0.002 -18"><span class='ocrx_word' id='word_1_281' title='bbox 247 3901 315 3954; x_wconf 88' lang='lat' dir='ltr'>litati</span> <span class='ocrx_word' id='word_1_282' title='bbox 336 3902 496 3956; x_wconf 79' lang='lat' dir='ltr'>christianae</span> <span class='ocrx_word' id='word_1_283' title='bbox 516 3901 673 3971; x_wconf 60' lang='lat' dir='ltr'>conjunctae</span> <span class='ocrx_word' id='word_1_284' title='bbox 691 3918 753 3954; x_wconf 84' lang='lat' dir='ltr'>esse</span> <span class='ocrx_word' id='word_1_285' title='bbox 773 3902 876 3956; x_wconf 90' lang='lat' dir='ltr'>debent</span> <span class='ocrx_word' id='word_1_286' title='bbox 896 3913 924 3955; x_wconf 91' lang='lat' dir='ltr'>ut</span> <span class='ocrx_word' id='word_1_287' title='bbox 944 3903 1077 3956; x_wconf 90' lang='lat' dir='ltr'>sacerdos</span> <span class='ocrx_word' id='word_1_288' title='bbox 1096 3905 1226 3958; x_wconf 85' lang='lat' dir='ltr'>animum</span> <span class='ocrx_word' id='word_1_289' title='bbox 1246 3903 1330 3956; x_wconf 85' lang='lat' dir='ltr'>infimi</span> 
     </span>
     <span class='ocr_line' id='line_1_37' title="bbox 247 3987 1292 4058; baseline 0.007 -20"><span class='ocrx_word' id='word_1_290' title='bbox 247 3989 376 4048; x_wconf 85' lang='lat' dir='ltr'>lucretur,</span> <span class='ocrx_word' id='word_1_291' title='bbox 389 3987 598 4057; x_wconf 79' lang='lat' dir='ltr'>facilioremque</span> <span class='ocrx_word' id='word_1_292' title='bbox 611 3989 647 4042; x_wconf 90' lang='lat' dir='ltr'>ad</span> <span class='ocrx_word' id='word_1_293' title='bbox 661 4006 725 4042; x_wconf 79' lang='lat' dir='ltr'>euin</span> <span class='ocrx_word' id='word_1_294' title='bbox 739 4007 884 4044; x_wconf 88' lang='lat' dir='ltr'>accessum</span> <span class='ocrx_word' id='word_1_295' title='bbox 897 3991 1001 4045; x_wconf 88' lang='lat' dir='ltr'>habeat</span> <span class='ocrx_word' id='word_1_296' title='bbox 1011 3993 1032 4046; x_wconf 85' lang='lat'>&#39;&#39;.</span> <span class='ocrx_word' id='word_1_297' title='bbox 1072 3991 1144 4058; x_wconf 84' lang='lat' dir='ltr'>(Rr&#39;t.</span> <span class='ocrx_word' id='word_1_298' title='bbox 1161 3995 1292 4057; x_wconf 74' lang='lat' dir='ltr'>Rornan.)</span> 
     </span>
    </p>

    <p class='ocr_par' dir='ltr' id='par_1_10' title="bbox 249 4073 1330 4236">
     <span class='ocr_line' id='line_1_38' title="bbox 282 4073 1330 4147; baseline 0.01 -24"><span class='ocrx_word' id='word_1_299' title='bbox 282 4073 331 4124; x_wconf 64' lang='grc' dir='ltr'>εδ.</span> <span class='ocrx_word' id='word_1_300' title='bbox 350 4073 477 4136; x_wconf 79' lang='lat' dir='ltr'>Thomas,</span> <span class='ocrx_word' id='word_1_301' title='bbox 492 4075 557 4142; x_wconf 89' lang='lat' dir='ltr'>Sup.</span> <span class='ocrx_word' id='word_1_302' title='bbox 581 4091 608 4142; x_wconf 93' lang='lat' dir='ltr'>q.</span> <span class='ocrx_word' id='word_1_303' title='bbox 631 4089 726 4142; x_wconf 81' lang='lat'>32·33,</span> <span class='ocrx_word' id='word_1_304' title='bbox 755 4078 872 4142; x_wconf 78' lang='lat' dir='ltr'>Suorer,</span> <span class='ocrx_word' id='word_1_305' title='bbox 891 4078 963 4147; x_wconf 90' lang='lat' dir='ltr'>disp.</span> <span class='ocrx_word' id='word_1_306' title='bbox 985 4079 1083 4142; x_wconf 82' lang='lat' dir='ltr'>XLll;</span> <span class='ocrx_word' id='word_1_307' title='bbox 1111 4079 1240 4140; x_wconf 84' lang='lat' dir='ltr'>Drour&#39;n,</span> <span class='ocrx_word' id='word_1_308' title='bbox 1261 4097 1285 4146; x_wconf 90' lang='lat' dir='ltr'>q.</span> <span class='ocrx_word' id='word_1_309' title='bbox 1304 4076 1330 4128; x_wconf 77' lang='lat' dir='ltr'>l&#39;:</span> 
     </span>
     <span class='ocr_line' id='line_1_39' title="bbox 249 4159 1330 4236; baseline 0.007 -26"><span class='ocrx_word' id='word_1_310' title='bbox 249 4161 277 4211; x_wconf 85' lang='lat' dir='ltr'>S.</span> <span class='ocrx_word' id='word_1_311' title='bbox 300 4159 402 4220; x_wconf 69' lang='lat' dir='ltr'>treuva,</span> <span class='ocrx_word' id='word_1_312' title='bbox 421 4159 488 4212; x_wconf 86' lang='lat' dir='ltr'>diss.</span> <span class='ocrx_word' id='word_1_313' title='bbox 506 4163 578 4222; x_wconf 87' lang='lat' dir='ltr'>Vll;</span> <span class='ocrx_word' id='word_1_314' title='bbox 615 4163 648 4214; x_wconf 84' lang='lat' dir='ltr'>de</span> <span class='ocrx_word' id='word_1_315' title='bbox 663 4163 845 4232; x_wconf 82' lang='lat' dir='ltr'>Augustr&#39;uis,</span> <span class='ocrx_word' id='word_1_316' title='bbox 866 4181 890 4217; x_wconf 90' lang='lat' dir='ltr'>a.</span> <span class='ocrx_word' id='word_1_317' title='bbox 914 4167 942 4228; x_wconf 74' lang='grc' dir='ltr'>ὸς</span> <span class='ocrx_word' id='word_1_318' title='bbox 970 4167 1000 4218; x_wconf 88' lang='lat' dir='ltr'>S.</span> <span class='ocrx_word' id='word_1_319' title='bbox 1021 4165 1198 4232; x_wconf 68' lang='lat' dir='ltr'>Alphonsus,</span> <span class='ocrx_word' id='word_1_320' title='bbox 1219 4177 1330 4236; x_wconf 64' lang='lat'>712721.</span> 
     </span>
    </p>
   </div>
   <div class='ocr_carea' id='block_1_9' title="bbox 249 4241 1274 4322">
    <p class='ocr_par' dir='ltr' id='par_1_11' title="bbox 249 4241 1274 4322">
     <span class='ocr_line' id='line_1_40' title="bbox 249 4241 1274 4322; baseline 0.011 -27"><span class='ocrx_word' id='word_1_321' title='bbox 249 4259 298 4312; x_wconf 86' lang='lat'>73²</span> <span class='ocrx_word' id='word_1_322' title='bbox 313 4259 366 4313; x_wconf 90' lang='lat' dir='ltr'>sq.;</span> <span class='ocrx_word' id='word_1_323' title='bbox 386 4241 500 4298; x_wconf 70' lang='lat' dir='ltr'>terme.</span> <span class='ocrx_word' id='word_1_324' title='bbox 515 4261 541 4298; x_wconf 92' lang='lat' dir='ltr'>n.</span> <span class='ocrx_word' id='word_1_325' title='bbox 560 4259 590 4313; x_wconf 83' lang='lat'>57</span> <span class='ocrx_word' id='word_1_326' title='bbox 596 4261 607 4314; x_wconf 82' lang='lat'><strong>5</strong></span> <span class='ocrx_word' id='word_1_327' title='bbox 623 4263 674 4316; x_wconf 79' lang='lat' dir='ltr'>sq.;</span> <span class='ocrx_word' id='word_1_328' title='bbox 696 4251 833 4320; x_wconf 78' lang='lat' dir='ltr'>Kom&#39;ngs,</span> <span class='ocrx_word' id='word_1_329' title='bbox 851 4265 917 4320; x_wconf 80' lang='lat'>1507</span> <span class='ocrx_word' id='word_1_330' title='bbox 930 4267 970 4321; x_wconf 90' lang='lat' dir='ltr'>sq.</span> <span class='ocrx_word' id='word_1_331' title='bbox 989 4251 1114 4320; x_wconf 77' lang='lat' dir='ltr'>O’Kam,</span> <span class='ocrx_word' id='word_1_332' title='bbox 1124 4271 1152 4306; x_wconf 87' lang='lat' dir='ltr'>n.</span> <span class='ocrx_word' id='word_1_333' title='bbox 1166 4253 1220 4322; x_wconf 81' lang='lat'>859</span> <span class='ocrx_word' id='word_1_334' title='bbox 1234 4270 1274 4322; x_wconf 81' lang='lat' dir='ltr'>sq.</span> 
     </span>
    </p>
   </div>
   <div class='ocr_carea' id='block_1_10' title="bbox 0 0 1385 4652">
    <p class='ocr_par' dir='ltr' id='par_1_12' title="bbox 0 0 1385 4652">
     <span class='ocr_line' id='line_1_41' title="bbox 0 0 1385 4652; baseline 0 0"><span class='ocrx_word' id='word_1_335' title='bbox 0 0 1385 4652; x_wconf 95' lang='lat' dir='ltr'> </span> 
     </span>
    </p>
   </div>
   <div class='ocr_carea' id='block_1_11' title="bbox 1359 4393 1362 4611">
    <p class='ocr_par' dir='ltr' id='par_1_13' title="bbox 1359 4393 1362 4611">
     <span class='ocr_line' id='line_1_42' title="bbox 1359 4393 1362 4611; baseline 0 0"><span class='ocrx_word' id='word_1_336' title='bbox 1359 4393 1362 4611; x_wconf 89' lang='lat' dir='ltr'>l</span> 
     </span>
    </p>
   </div>
  </div>
 </body>
</html>
