2758 4652
249 182 316 233 558
599 219 603 230 .
637 191 640 226 ἰ
685 182 920 243 APPENDIX.

249 381 347 428 sensu
378 363 468 444 quod
499 373 630 426 tantum
661 363 784 427 debitae
814 384 924 447 poenae
950 365 1161 427 condonatur
1186 372 1345 443 quantum

250 464 423 526 remissum
438 463 563 530 ⁴suisset
587 483 646 546 per
669 465 892 548 quadraginta
916 466 968 528 vel
994 474 1129 528 centum
1151 465 1218 526 dies
1242 463 1346 544 poeni·

249 567 362 629 tentiae
385 568 565 643 canonicae,
586 580 685 651 prout
708 570 823 650 primis
846 568 975 633 saeculis
999 568 1142 649 vigebat.
1189 565 1347 629 Dividun-

248 676 302 729 tur
317 669 418 730 etiam
440 669 471 730 in
488 669 680 749 personales,
695 671 809 733 locales
825 680 881 734 aut
898 659 1006 746 reales,
1022 679 1121 751 prout
1136 666 1259 732 dircite
1279 688 1347 748 per·

247 771 337 834 sonis
352 773 589 847 conceduntur,
604 773 656 835 vel
672 773 769 836 alicui
787 774 859 836 loco
876 782 935 837 aut
950 773 995 834 rei
1012 769 1243 835 annet‘tuntur.

293 888 360 952 115.
407 873 465 953 (C)
478 871 682 937 conditiones
691 876 733 937 ad
748 875 922 938 lucrandas
935 874 1161 956 indulgentias
1174 874 1347 955 praecipua·

248 985 345 1037 sunt:
370 975 420 1056 (a)
436 977 579 1051 intentu,
594 977 713 1040 saltem
730 977 897 1052 virtualis,
912 997 967 1039 eas
984 977 1134 1040 lucrandi
1148 999 1156 1052 ;
1179 975 1230 1056 (b)
1245 985 1348 1038 status

241 1076 371 1157 gratio,
398 1077 516 1141 saltem
548 1099 588 1142 eo
619 1089 769 1161 tempore
796 1099 864 1161 quo
890 1078 1045 1141 ultimum
1072 1077 1242 1160 perficitur
1268 1096 1347 1157 opus

247 1175 443 1257 inj‘undtum,
473 1179 683 1261 quiapoena
713 1201 778 1243 non
811 1191 922 1262 potest
952 1191 1030 1244 ante
1056 1183 1191 1262 culpam
1218 1179 1345 1242 remitti

247 1279 410 1342 Attamen
427 1281 454 1342 si
471 1283 613 1362 quaestio
625 1284 668 1345 sit
684 1284 727 1347 de
743 1283 958 1364 indulgentiis
967 1295 1030 1364 pro
1042 1283 1190 1357 morture,
1201 1281 1346 1344 nonnulli

248 1381 404 1464 theologi,
420 1403 496 1446 cum
515 1383 643 1447 Suarer
659 1367 759 1466 ldisps
776 1400 825 1465 53,
841 1383 917 1450 seit.
933 1405 964 1464 4,
980 1406 1010 1449 n.
1026 1385 1070 1466 6),
1086 1396 1204 1449 tenent
1224 1394 1346 1448 statum

247 1485 363 1564 gratiae
380 1506 446 1548 non
459 1505 531 1548 esse
547 1487 779 1562 necessarium,
789 1488 867 1569 quia
883 1488 1011 1551 lucrans
1027 1487 1276 1568 indulgentiam
1294 1507 1348 1568 pro

248 1584 412 1660 defunctis
436 1608 502 1650 non
526 1589 588 1658 sibi
613 1589 685 1671 ipsi,
700 1591 757 1652 sed
780 1591 874 1654 alteri
892 1588 1157 1654 satisfactionem
1182 1592 1347 1653 lucratur:

247 1692 290 1752 ad
306 1691 396 1771 quod
413 1689 533 1754 sufficit
549 1695 706 1757 executio
721 1694 830 1774 operis
846 1694 1051 1776 praescripti;
1074 1693 1124 1774 (c)
1140 1693 1272 1774 integra
1287 1711 1348 1754 cxc·

247 1793 330 1854 cutio
350 1803 478 1874 operum
491 1795 764 1876 proescnptorum,
780 1805 813 1858 et
834 1796 969 1877 quidem
992 1815 1033 1857 eo
1056 1797 1159 1858 modo
1180 1815 1250 1878 quo
1272 1815 1348 1877 prae-

247 1896 455 1973 scribuntur;
487 1897 695 1978 indulgentia
717 1898 807 1959 enim
832 1898 963 1959 nonnisi
988 1898 1051 1960 sub
1074 1897 1133 1960 tali
1158 1895 1349 1960 conditione

247 2017 405 2062 concessa
420 1999 503 2076 tuit,
530 1999 582 2082 (d)
597 2000 754 2076 coum'teb,
770 2020 827 2063 seu
844 1999 1025 2063 detestatio
1041 2009 1258 2080 peccatorum
1278 2022 1286 2062 ι
1310 1999 1348 2060 ad

239 2103 428 2182 plenariam
452 2102 695 2184 indulgentiam
720 2103 896 2185 requiritur
917 2103 1075 2165 contritio
1096 2103 1249 2166 omnium
1272 2103 1348 2164 deli·

247 2201 375 2268 &orum
395 2206 496 2268 etiam
516 2206 717 2282 venialium;
748 2225 815 2268 non
840 2206 929 2267 enim
955 2205 1136 2268 remittitur
1157 2225 1271 2286 poena,
1290 2205 1348 2268 nisi

248 2309 436 2371 remittatur
450 2307 558 2389 culpa,
571 2328 678 2389 neque
694 2308 765 2370 haec
777 2309 905 2388 absque
917 2307 1118 2370 contritione
1130 2307 1347 2370 condonatur.
1372 2351 1373 2358 κ

248 2410 366 2472 Cetera
382 2411 457 2473 vide
473 2411 561 2491 apud
579 2409 754 2492 theologos
771 2409 921 2473 morales.

526 2558 562 2606 2⁰
579 2543 763 2606 Existentia
779 2543 1074 2625 Indulgentiarum.

292 2676 359 2744 116.
405 2677 464 2761 (A)
488 2679 636 2742 Errores.
691 2681 896 2741 Potestatem
924 2677 1082 2740 Ecclesiae
1108 2678 1218 2739 inesse
1243 2679 1372 2742 indul-¹

248 2785 377 2864 gentias
394 2784 598 2846 concedendi
616 2789 802 2865 negarunt:
823 2782 874 2861 (a)
886 2780 1101 2844 Montanum
1110 2791 1145 2842 et
1157 2781 1344 2847 Novariam.

247 2888 303 2967 qui
319 2886 471 2966 graviora
483 2897 619 2967 peccata
636 2885 873 2949 irremissibilia
884 2903 955 2946 esse
968 2893 1130 2958 tenentes,
1140 2903 1340 2966 consequen·

248 2998 297 3050 ter
320 2989 479 3052 tenebant
503 3009 638 3070 poenam
664 2991 882 3071 temporalem
906 2991 954 3051 eis
977 2991 1138 3064 debitam,
1154 2990 1186 3052 vi
1206 2991 1341 3053 clavium
1370 3013 1371 3028 ³

248 3089 428 3150 condonari
452 3109 518 3150 non
543 3108 662 3170 posse;
691 3089 742 3171 (b)
776 3089 973 3164 Waldcnses,
1005 3087 1197 3170 Wiclefistre,
1220 3108 1340 3150 necnon

248 3189 368 3251 Petrus
382 3190 421 3252 de
438 3190 547 3266 Osma,
563 3192 618 3271 qui
635 3191 802 3254 docebant
820 3189 1017 3254 Pontificem
1034 3210 1101 3252 non
1122 3211 1220 3271 posse
1243 3191 1340 3254 indul-

248 3295 376 3376 gentias
392 3293 512 3374 largiri,
529 3314 589 3357 nec
605 3315 625 3357 a
640 3296 836 3376 purgatorio
853 3295 1012 3371 liberare;
1034 3294 1083 3375 (c)
1099 3293 1341 3358 protestantes:
1369 3339 1370 3370 ,

249 3398 413 3460 Lutherus
429 3396 593 3478 siquidem
611 3399 755 3480 primum
772 3399 907 3480 quidem
930 3398 1053 3460 abusus
1073 3407 1279 3478 quaestorum
1299 3400 1341 3460 in·

247 3500 493 3582 dulgentiarum
510 3522 645 3583 carpere
660 3503 749 3564 visus
765 3513 824 3577 est,
841 3502 898 3564 sed
920 3521 1000 3564 mox
1019 3501 1107 3581 ipsas
1123 3501 1341 3582 indulgentias
1368 3551 1369 3560 ,

248 3604 465 3686 impugnavit,
478 3615 638 3684 tanquam
652 3605 785 3666 inutiles
795 3614 829 3667 et
841 3603 1052 3685 perniciosae,
1063 3603 1206 3685 piasque
1218 3602 1341 3666 fraudes

247 3707 289 3767 ad
306 3706 523 3771 obtinendam
543 3709 719 3788 pecuniam
742 3707 902 3768 inventas.
948 3706 1103 3768 Moderni
1122 3705 1341 3769 Protestante

248 3810 334 3870 idem
360 3819 521 3883 asserunt,
538 3809 605 3871 imo
627 3809 729 3872 multi*
745 3808 909 3871 affirmare
931 3828 996 3870 non
1019 3807 1222 3870 erubescunt
1243 3809 1340 3871 indul·

247 3911 376 3991 gentias
393 3911 474 3972 nihil
490 3911 580 3974 aliud
597 3931 669 3973 esse
686 3912 747 3973 nisi
765 3912 933 3974 licentiam
952 3911 1108 3993 peccandi
1125 3912 1237 3972 soluta
1254 3933 1340 3993 pecu-
1367 3909 1368 3954 ῐ

248 4011 303 4071 nia
318 4022 546 4092 comparatam
559 4025 578 4076 ¹.

282 4207 291 4238 t
313 4189 406 4256 Quam
428 4191 598 4243 calumniam
621 4209 676 4244 non
699 4193 792 4246 minus
814 4194 916 4270 lepide,
929 4209 1014 4263 quam
1037 4193 1205 4263 eloquenter
1226 4195 1340 4250 coniurat

248 4275 281 4344 J.
294 4275 333 4328 H.
343 4276 491 4340 Newman,
499 4278 524 4328 Τ
526 4277 561 4332 he
575 4291 688 4347 present
701 4281 822 4349 position
832 4281 864 4336 oi
872 4281 1015 4338 Catholics
1029 4281 1057 4336 in
1069 4281 1335 4352 England,1.ondou
