2770 4646
264 157 330 206 202
695 155 833 206 CAPUT
856 157 909 207 1v.

261 337 456 402 necessitatis
471 348 618 400 extreman
631 359 750 413 casum,
766 337 876 399 valide
891 359 953 400 iton
978 337 1193 399 ministratur
1206 336 1244 400 ab
1258 335 1341 397 liare·

182 441 184 446 ’
262 442 329 516 lico,
345 450 479 522 propter
489 439 735 521 sicrisdillionis
757 440 922 520 defellum,
946 450 983 502 ut
1006 439 1167 521 probatur
1190 440 1222 502 in
1243 439 1270 500 Τ
1268 461 1290 500 r.
1308 439 1340 499 de

261 545 378 606 Punit.

302 658 351 723 88.
399 658 496 722 Prob.
542 657 601 738 (A)
620 657 793 737 Scriptura
815 659 1004 738 negativum
1030 668 1161 721 tantum
1186 675 1340 737 argumen-

261 773 332 826 tum
353 761 415 823 hhc
434 761 477 824 de
498 781 531 822 re
552 760 701 841 praebet3
730 761 894 841 siquidem
911 761 1027 824 nullibi
1050 761 1170 842 legitur
1187 759 1280 822 fidem
1295 767 1339 820 aut

260 875 386 928 statum
409 866 526 946 gratiae
551 863 669 944 requiri
695 863 736 924 ad
754 862 900 925 validam
917 872 1203 927 sacramentorum
1220 863 1338 925 admini·

261 969 464 1031 strationem.

304 1071 362 1151 (Β)
386 1070 510 1132 Tradit.
556 1068 606 1150 (a)
622 1069 678 1131 Ex
684 1070 788 1151 praxi
803 1069 956 1134 Ecclesia.
1002 1071 1172 1134 Constans
1188 1071 1272 1133 enim
1292 1069 1338 1130 luit

262 1176 292 1237 in
309 1173 458 1237 Ecclesia
470 1174 585 1254 praxis
599 1193 664 1234 non
683 1172 910 1255 rebaptizandi
924 1193 981 1236 eos
994 1174 1051 1254 qui
1068 1175 1111 1237 ab
1127 1174 1286 1237 haereticis
1295 1173 1338 1234 de·

261 1279 331 1341 bito
348 1278 450 1340 modo
465 1276 625 1357 baptizati
651 1275 803 1351 luerant;
827 1286 959 1339 constat
975 1296 1020 1338 ex
1038 1278 1218 1339 testimonio
1232 1276 1267 1339 S.
1284 1276 1337 1338 Ste-

254 1381 367 1462 phani,
379 1381 434 1461 qui
451 1400 545 1442 suam
563 1379 764 1442 decisionem
780 1379 955 1442 universali
973 1376 1083 1442 firmat
1099 1381 1338 1443 consuetudine:

260 1485 366 1547 “nihil
385 1485 567 1558 innovetur,
580 1483 635 1556 ait,
649 1483 709 1544 nisi
726 1485 815 1562 quod
831 1484 990 1546 traditum
1007 1493 1058 1545 est
1070 1483 1125 1560 ''¹;
1149 1505 1193 1546 ex
1211 1485 1337 1546 testimo-

262 1589 317 1648 nio
342 1586 375 1649 S.
403 1585 563 1648 llincentii
584 1585 689 1647 Lirin.
706 1587 896 1648 dicentis2:
919 1590 936 1616 “
948 1585 1169 1667 Agrippinum
1187 1586 1338 1666 Carthagi-

261 1691 372 1751 nensis
389 1689 451 1770 Ep.
468 1689 593 1770 primus
609 1688 758 1750 omnium
784 1686 984 1761 mortalium,
1000 1697 1116 1748 contra
1132 1687 1276 1750 divinum
1297 1707 1338 1748 ca·

261 1812 391 1866 nonem,
405 1801 520 1855 contra
536 1790 729 1852 universalis
744 1789 902 1852 Ecclesiae
919 1789 1077 1870 regulam,
1093 1801 1210 1854 contra
1224 1810 1337 1854 sensum

261 1896 409 1958 omnium
426 1894 711 1969 consacerdotum,
729 1903 844 1956 contra
868 1911 993 1954 morem
1019 1913 1057 1956 ac
1082 1893 1231 1958 instituta
1253 1895 1339 1974 majo-

261 2020 342 2073 rum,
358 1998 633 2079 rebaptizandum
655 2018 727 2059 esse
747 1995 968 2071 censebat...”;
992 2015 1036 2057 ex
1059 1997 1130 2076 ipsa
1149 1997 1185 2059 S.
1205 1995 1342 2078 Cyprirni

260 2103 476 2176 consessione,
488 2101 544 2181 qui
562 2119 628 2161 non
646 2107 747 2179 negat
763 2097 849 2158 hanc
861 2096 1147 2171 consuetudinem,
1161 2098 1219 2160 sed
1236 2108 1338 2178 putans

261 2228 333 2272 eam
352 2207 500 2288 legitima
516 2205 643 2266 ratione
660 2203 796 2264 minime
819 2199 949 2262 fundari
968 2200 1146 2280 respondet
1166 2223 1173 2262 :
1196 2207 1339 2262 “nonest

260 2314 301 2374 de
318 2308 556 2372 consuetudine
574 2305 864 2387 praescribendum,
880 2302 938 2364 secl
964 2303 1092 2364 ratione
1108 2302 1300 2365 vincendum
1311 2303 1339 2380 ’';

261 2416 339 2477 item
357 2431 399 2473 ex
417 2409 613 2470 Firmilznni
633 2407 850 2479 confessione,
867 2404 922 2485 qui
946 2404 1069 2485 pariter
1090 2406 1243 2485 agnoscit
1264 2405 1338 2467 illam

260 2513 533 2580 consuetudinem
550 2513 703 2585 existere,
720 2510 872 2590 quamvis
896 2509 999 2570 addat
1023 2509 1254 2571 consuetudini
1273 2509 1338 2570 veri·

260 2632 363 2685 tatem
388 2639 459 2681 esse
483 2617 746 2699 praelerendam;
773 2611 865 2692 atqui
883 2609 1042 2672 Ecclesiae
1067 2609 1260 2673 universalis
1281 2631 1339 2693 pra·
1374 2665 1375 2678 ,

260 2726 322 2798 xis,
342 2723 374 2784 in
401 2742 434 2783 re
459 2719 501 2782 ad
528 2719 628 2782 fidem
652 2717 847 2799 pertinente,
869 2722 905 2775 ut
930 2714 961 2774 in
986 2733 1062 2774 casu
1088 2723 1213 2787 nostr0,
1235 2716 1339 2793 inquo

259 2822 466 2890 connedlitur
488 2842 563 2885 cum
592 2823 751 2901 dogmate
777 2816 959 2878 validitatis
984 2815 1147 2896 Baptismi
1176 2816 1339 2879 aliorumve

259 2937 541 2992 sacramentorum
559 2926 628 2986 sine
645 2921 710 2985 fide
726 2921 931 2994 collatorum,
943 2929 993 2982 est
1010 2917 1224 2982 ineluetabile
1240 2922 1338 2983 verita·

259 3034 301 3096 tis
318 3038 559 3112 argumentum,
576 3036 612 3089 ut
633 3023 759 3088 dietum
776 3035 826 3086 est
850 3025 882 3085 in
906 3023 936 3084 T
933 3023 1010 3085 rull
1026 3023 1065 3086 du
1080 3023 1240 3087 Fontibus
1260 3025 1287 3086 Τ
1284 3025 1339 3084 licu-

259 3133 367 3214 logicis
382 3131 426 3212 (n.
445 3131 564 3210 23·24).

261 3236 310 3320 (b)
322 3235 378 3297 Ex
388 3233 552 3295 Patribus.
603 3233 723 3306 Patres,
736 3229 920 3312 praesertim
937 3251 1016 3292 vero
1030 3229 1064 3292 S.
1077 3231 1291 3311 Augustinus,
1303 3231 1339 3290 in·

258 3337 364 3404 vinus
380 3337 548 3418 dogmatis
565 3335 718 3397 catholici
739 3334 892 3398 defensor
907 3344 1023 3396 contra
1040 3334 1248 3410 Donatistae,
1265 3335 1338 3397 illam

258 3445 430 3507 veritatem
448 3461 513 3502 non
531 3439 637 3501 solum
655 3450 815 3512 asserunt,
828 3439 885 3500 sed
903 3438 1003 3500 etiam
1021 3437 1118 3499 variis
1135 3437 1339 3521 comparatio-

258 3548 355 3611 nibus
379 3545 564 3613 illustrant;
600 3543 693 3616 sicut,
718 3542 881 3623 inquiunt,
903 3561 1008 3603 semen
1032 3541 1175 3604 sordidis
1203 3542 1338 3606 manibus

258 3660 376 3724 satum,
394 3647 607 3709 nihilominus
625 3641 808 3720 fructificat,
824 3655 856 3707 et
872 3665 959 3724 aqua
975 3664 1033 3725 per
1048 3644 1182 3707 canales
1207 3645 1338 3727 lapideos

258 3754 378 3814 ierreos
396 3751 518 3812 aliosve
535 3749 706 3829 aequaliter
723 3749 844 3829 irrigat,
856 3747 1064 3828 sigillumque
1079 3749 1217 3830 regium,
1230 3751 1292 3812 sive
1306 3748 1337 3808 sit

258 3857 407 3930 ferreum,
424 3856 491 3916 sive
515 3873 661 3928 aureum,
685 3853 770 3933 regis
795 3852 974 3932 imaginem
1000 3852 1161 3935 imprimit
1171 3855 1193 3929 ³,
1214 3864 1246 3917 et
1267 3854 1337 3914 sicut

294 4083 299 4106 ¹
314 4076 397 4144 Apud
414 4077 494 4144 Cypr.
510 4078 564 4144 Ep.
581 4091 623 4140 74.
639 4107 674 4116 -
687 4085 696 4107 ²
711 4079 908 4131 Conimonitnr.
923 4095 947 4134 c.
963 4093 988 4146 9.

291 4168 301 4200 ³
317 4164 359 4214 lta
373 4163 401 4214 S.
416 4163 598 4230 Augicstinus
608 4181 618 4215 .·
632 4163 733 4230 “Quid
748 4165 797 4218 tibi
811 4165 877 4220 facit
891 4167 980 4218 malus
994 4165 1131 4232 minister,
1144 4168 1192 4220 ubi
1206 4170 1335 4222 bonusest

262 4245 422 4300 Dominus?
459 4249 525 4300 Non
544 4249 750 4303 contaminatur
768 4250 873 4304 donum
888 4251 1001 4317 Christi,
1016 4252 1083 4322 quia
1101 4269 1151 4324 per
1171 4253 1248 4308 illum
1266 4266 1334 4324 purus
