2770 4652
384 209 439 258 DE
458 207 698 260 sncmmmo
717 204 868 254 MISSAE.
1106 197 1175 248 ⁴43

358 325 411 332 ..—

123 391 177 470 (C)
195 391 315 472 Quoad
333 401 506 471 utrumque
519 415 530 454 .·
547 389 706 462 Christus,
719 407 762 450 cx
779 385 949 462 dieli5,est
965 404 1040 446 vere
1056 393 1089 444 et
1107 402 1175 444 rea-

78 493 153 554 liter
174 514 319 574 praesens
343 495 375 556 in
400 494 617 570 Eucharistia‚
634 495 804 555 incruente
828 489 1027 564 immolatur,
1047 497 1080 549 et
1103 505 1175 547 sese

78 595 154 657 Deo
168 607 204 659 ut
220 595 390 660 villimam
407 596 504 659 offert
528 617 587 678 pro
609 595 714 669 nobis,
730 597 800 656 sive
817 593 858 656 ad
875 593 1006 654 veniam
1024 610 1084 671 pro
1100 610 1174 672 pec-

77 700 160 760 catis
181 699 408 774 obtinendam,
424 700 493 762 sive
510 700 552 761 ad
570 698 848 780 interpellandum
865 715 927 777 pro
942 693 1058 770 nobis;
1081 693 1173 772 atqui

76 799 146 863 fieri
162 803 274 882 nequit
291 812 328 864 ut
344 805 437 864 tanta
452 803 622 865 oblatione
638 801 798 883 placatus
811 801 903 862 Deus
920 818 985 861 non
1004 805 1175 860 moveatur

74 903 118 964 ad
143 906 345 984 poenitentiae
368 907 494 967 donum
516 905 648 986 aliaque
670 903 854 985 spiritualia
875 900 1034 964 beneficia
1058 919 1175 961 concc-

75 1007 203 1070 denda:
221 1009 296 1070 talis
312 1009 400 1069 enim
417 1008 544 1071 oblatio
560 1017 611 1070 est
624 1007 743 1070 infiniti
761 1007 880 1069 valoris
892 1015 925 1068 et
939 1005 1086 1067 maxime
1100 1003 1174 1065 Deo

74 1111 309 1190 acceptabilis;
333 1131 419 1193 ergo
472 1113 543 1174 Nec
566 1111 679 1173 obstat
703 1110 872 1174 Christum
901 1129 967 1170 non
992 1128 1063 1169 esse
1087 1126 1173 1168 nunc

75 1214 107 1274 in
125 1223 213 1277 statu
230 1217 346 1278 orandi
361 1237 368 1291 ;
393 1216 468 1279 licet
490 1217 579 1278 enim
597 1215 748 1278 Christus
765 1215 797 1275 in
815 1212 901 1274 coelo
916 1211 968 1273 vel
985 1212 1017 1272 in
1036 1209 1096 1274 SS.
1115 1211 1174 1274 Sa-

73 1328 243 1380 cramento
270 1338 336 1380 non
364 1329 436 1382 oret
462 1323 501 1380 ea
527 1318 678 1380 oratione
705 1336 780 1397 quae
804 1313 972 1378 <telettum
999 1313 1173 1394 potestatis

74 1419 239 1499 importat,
261 1439 337 1482 vere
360 1431 471 1483 tamen
498 1422 586 1483 Patri
610 1439 704 1482 suam
728 1417 933 1480 voluntatem
958 1424 1174 1498 repraesentat

73 1521 213 1583 circaea
229 1542 304 1603 quae
321 1523 391 1586 vult
408 1523 597 1585 hominibus
614 1520 773 1584 concedi:
789 1531 823 1583 et
839 1521 910 1582 haec
927 1528 977 1581 est
990 1519 1096 1580 oratio
1109 1517 1174 1580 late

72 1633 215 1703 sumpta,
227 1645 303 1704 quae
319 1645 360 1686 eo
375 1625 539 1688 efficacior
555 1635 605 1687 est
622 1626 654 1687 in
671 1625 785 1687 divino
801 1622 961 1685 sacrificio
977 1642 1043 1704 quo
1057 1621 1173 1682 Domi-

74 1745 134 1786 nus
152 1726 296 1806 seipsum
313 1697 523 1792 humiliorem
542 1727 627 1788 lacit.

116 1839 153 1888 2⁰
169 1827 219 1891 De
234 1830 400 1910 modoque
414 1828 604 1911 luyiesmodi
617 1829 745 1909 effellus
753 1828 986 1908 producuntur.

116 1927 183 1995 168.
229 1930 474 1995 Proenotanda:
498 1933 612 1995 Missae
635 1930 831 1992 sacrificium
852 1950 932 1998 suos
946 1925 1084 1990 effei‘tus
1100 1949 1174 2009 pro·

73 2031 192 2094 ducere
216 2044 348 2113 potest:
372 2035 422 2114 (a)
446 2057 485 2096 ex
501 2046 591 2115 opere
608 2045 742 2115 operato,
760 2034 812 2097 vel
831 2055 870 2097 ex
887 2045 976 2114 opere
995 2033 1175 2113 operantis:

73 2133 170 2211 priori
189 2136 298 2210 modo,
310 2136 337 2197 si
354 2135 490 2200 effectus
508 2147 686 2198 causentur
701 2158 744 2198 ex
761 2137 925 2218 dignitate
942 2137 987 2198 rei
1003 2135 1125 2198 oblatae
1142 2145 1175 2198 et

73 2235 265 2318 principalis
282 2237 467 2317 offerenti33
484 2241 666 2321 posteriori,
679 2239 704 2300 si
723 2258 766 2300 ex
785 2238 903 2299 merito
919 2237 1101 2298 sacerdotis
1117 2244 1175 2298 aut

73 2335 217 2402 fidelium
232 2341 467 2422 producuntur.
513 2343 686 2424 Siquidem
705 2353 771 2404 tres
787 2350 864 2403 sunt
880 2341 1057 2404 offerentes
1075 2342 1107 2402 in
1124 2359 1174 2401 sa-

72 2440 192 2503 crificio
211 2443 344 2507 Missae:
368 2445 531 2519 sacerdos»,
549 2445 709 2518 Ecclesia,
727 2443 899 2522 Christus;
923 2445 1077 2506 sacerdos
1100 2463 1174 2524 pro·

73 2543 143 2621 prio
159 2547 294 2607 nomine
315 2548 485 2611 celebrans
501 2569 586 2629 opus
602 2549 737 2631 aliquod
755 2548 850 2630 ponit
866 2549 956 2630 quod
973 2558 1024 2610 est
1041 2547 1175 2609 merito-

72 2643 164 2720 rium,
180 2647 438 2713 satislaetorium
460 2661 494 2713 et
517 2653 781 2733 impetratorium
806 2673 849 2713 ex
870 2673 970 2733 opere
989 2651 1157 2733 operantis
1165 2672 1173 2728 ;

73 2746 220 2811 Ecclesia
237 2752 308 2832 ipsa
325 2773 383 2833 per
399 2755 606 2817 sacerdotem
624 2754 795 2830 sacrificat,
807 2765 841 2817 et
854 2756 925 2836 ejus
939 2775 1051 2836 preces
1065 2753 1173 2816 effica-

72 2849 153 2912 ciam
171 2851 296 2916 habent
320 2857 413 2935 quasi
434 2876 477 2918 ex
503 2877 602 2937 opere
626 2869 772 2938 operat0,
789 2868 826 2919 ut
848 2855 974 2920 dilium
992 2866 1042 2919 est
1059 2857 1113 2918 ubi
1131 2857 1173 2916 de

71 2956 386 3034 sacramentalibus;
410 2959 545 3020 tandem
572 2959 723 3022 Christus
747 2961 892 3040 seipsum
918 2959 1024 3034 offert,
1045 2967 1078 3020 et
1101 2958 1172 3019 haec

71 3055 194 3118 oblatio
210 3078 308 3120 suum
324 3060 454 3123 obtinet
470 3060 625 3124 efledlum
643 3083 688 3123 ex
705 3082 804 3143 opere
820 3073 966 3143 operatu.

112 3159 162 3238 (b)
194 3159 424 3238 Infallibiliter
448 3164 498 3226 vel
527 3186 586 3245 per
614 3165 750 3227 modurn
783 3167 1043 3246 impetrationis:
1073 3167 1171 3247 priori

71 3265 178 3336 modo,
209 3265 236 3324 si
268 3285 399 3347 semper
430 3279 463 3331 et
496 3271 526 3331 in
560 3270 651 3330 omni
684 3289 761 3330 casu
793 3270 982 3332 obtineatur
1012 3267 1171 3345 elicitum

71 3364 241 3437 posteriori
260 3367 369 3440 modo,
385 3367 412 3428 si
437 3367 573 3433 effecius
591 3392 657 3433 non
675 3373 864 3434 obtineatur
881 3373 942 3434 nisi
960 3373 1077 3453 positis
1093 3391 1171 3433 con·

4 3503 5 3518 r
71 3463 259 3542 ditionibus
272 3489 347 3549 quae
364 3470 504 3534 deficere
521 3485 669 3555 possunt.
708 3476 753 3555 (c)
765 3475 958 3538 lnirnediete
968 3476 1023 3537 vel
1028 3475 1171 3544 mediate,

72 3579 167 3642 prout
190 3567 328 3632 offellus
352 3573 424 3634 sine
447 3573 515 3637 ullo
539 3578 737 3641 intermedio
759 3579 957 3653 obtineatur,
982 3578 1032 3639 vel
1056 3587 1172 3639 contra

74 3673 238 3735 mediante
254 3675 364 3755 aliqua
382 3679 581 3743 conditione.

113 3779 179 3857 169.
234 3773 298 3861 (A)
326 3777 456 3842 Certum
475 3794 524 3844 est
544 3785 688 3867 effellum
711 3787 916 3848 latreuticum
935 3795 965 3847 et
984 3783 1170 3846 eucharisti-

73 3896 138 3939 cum
161 3900 201 3941 er
220 3890 309 3959 opere
328 3893 468 3961 operato,
490 3896 522 3947 et
544 3889 673 3967 quidem
698 3887 918 3967 infallibiliter
936 3897 967 3949 et
988 3887 1172 3950 immediate

73 3977 226 4054 obtinet·
251 4003 337 4058 nam,
355 3985 618 4067 independenter
641 4011 660 4052 a
685 3991 803 4052 merito
827 3990 1007 4053 sacerdotis
1023 3991 1073 4053 vel
1093 3991 1170 4054 fide-

76 4079 157 4159 lium,
175 4107 233 4167 per
252 4088 357 4149 solam
381 4090 645 4151 immolationem
663 4090 786 4153 Christi
811 4090 842 4152 in
868 4092 973 4165 altari,
991 4091 1082 4153 Deus
1100 4112 1170 4172 per·

74 4181 282 4252 lenissimam
314 4191 543 4254 adorationem
575 4203 608 4254 et
639 4193 780 4255 eximias
811 4196 992 4275 gratiarum
1023 4194 1171 4259 actiones

4 4335 5 4390 ,
75 4293 198 4372 accipit,
214 4314 318 4374 quum
336 4295 380 4356 ibi
399 4307 573 4359 renovetur
590 4298 741 4360 adoratio
764 4307 797 4360 ct
821 4298 891 4360 laus
908 4300 1075 4380 condigna
1091 4299 1170 4360 olim
