2770 4646
223 180 277 229 DE
296 181 687 234 SACRAMENTORUM
707 183 974 234 EFFECTIBUS.
1087 181 1148 233 179

58 358 274 436 operationem
299 361 444 443 Spiritus
468 361 500 425 S.
516 381 615 442 super
637 360 869 443 baptismalem
886 383 1017 443 aquam,
1033 383 1148 444 opera·

58 458 133 519 tioni
147 459 287 541 Spiritus
298 483 402 544 aquas
415 463 623 526 fecundantis
636 464 731 544 (Gen.
746 466 770 541 1,
782 467 832 546 2);
847 487 934 550 erg0,
947 467 1032 528 sicut
1045 485 1150 548 aquae,

59 563 114 622 sub
141 562 279 644 Spiritus
311 567 448 638 influxu,
476 567 582 649 pisces
612 588 650 629 ac
678 569 808 649 reptilia
838 570 1077 650 produxerunt,
1103 568 1148 630 ita

60 663 258 746 baptismalis
278 691 365 751 aqua
383 671 450 732 vim
475 670 576 732 habet
599 670 757 734 divinitus
781 671 923 734 infusam
943 671 1149 736 Christianos

60 767 221 848 efficiendi,
240 773 445 855 spiritualem
470 774 573 836 vitam
597 774 645 834 eis
672 773 843 854 largiendo
855 785 873 835 ¹.
919 772 990 835 Alii
1012 775 1149 836 tandem

60 871 171 936 docent
187 895 253 942 non
270 897 313 938 ex
331 878 456 939 meritis
473 876 692 939 ministrantis
708 876 758 938 vel
776 876 994 956 suscipientis
1009 878 1066 938 sed
1087 877 1148 938 vir·

60 983 122 1036 tute
145 998 163 1038 a
187 977 320 1042 Christo
343 984 487 1060 accepta,
504 977 656 1041 homines
672 976 890 1041 sanitificari:
912 982 929 1009 ‘⁶
941 979 1018 1040 Non
1034 998 1148 1042 eorum

61 1077 174 1141 meritis
190 1082 344 1160 aquibus
361 1083 574 1156 ministratur,
592 1101 652 1143 nec
668 1101 782 1144 eorum
799 1081 919 1162 quibus
936 1082 1149 1155 ministratur,

58 1179 108 1239 sed
125 1184 255 1263 propria
271 1180 448 1247 sandiitate
463 1195 496 1246 et
512 1183 650 1246 veritate
666 1192 802 1265 propter
824 1202 899 1244 eum
924 1203 943 1244 a
966 1201 1033 1262 quo
1056 1184 1148 1246 insti-

58 1287 141 1343 tutus
157 1294 214 1359 est,
231 1287 316 1348 male
339 1285 510 1350 utentibus
534 1287 575 1348 ad
600 1288 789 1368 perniciem,
805 1286 889 1348 bene
912 1287 1082 1349 utentibus
1105 1289 1147 1350 ad

56 1385 187 1449 salutem
201 1389 217 1414 ”
233 1389 285 1468 (S.
301 1391 387 1472 Aug.
404 1400 520 1453 contra
536 1389 774 1466 Cresconium).

57 1483 102 1564 (b)
118 1488 282 1570 Expram'
294 1492 449 1555 Ecclesioe.
496 1491 646 1575 Semper,
662 1494 693 1555 in
713 1491 871 1564 Ecclesia,
887 1493 1046 1574 baptizati
1070 1505 1148 1558 sunt

57 1586 190 1666 infantes
214 1603 246 1654 et
270 1604 411 1656 ornantes
421 1619 435 1668 ,·
466 1596 534 1658 imo
565 1598 730 1678 pleraeque
759 1595 1017 1658 l'rotestantium
1048 1596 1147 1661 sedlae

55 1692 147 1755 etiam
165 1695 263 1758 hodie
280 1696 424 1759 infantes
436 1697 607 1779 baptizant
619 1721 626 1776 ;
643 1699 735 1780 atqui
749 1697 774 1758 si
788 1708 994 1761 sacramenta
1006 1701 1147 1780 gratiam

56 1813 95 1854 ex
111 1815 206 1877 opere
222 1809 361 1879 operato
379 1820 445 1862 non
463 1800 645 1877 conserunt,
662 1801 719 1862 sed
737 1801 844 1863 solum
866 1799 964 1863 fidem
988 1803 1147 1879 excitant,

55 1906 89 1956 ut
101 1896 225 1980 fingunt
240 1903 477 1978 Protestautes,
487 1904 563 1967 talis
576 1903 761 1985 baptismus
773 1903 911 1964 omnino
924 1903 1086 1967 invalidus
1097 1917 1148 1969 est

55 2018 91 2059 ac
106 2001 226 2064 inutilis
236 2023 244 2080 ;
267 2024 370 2085 quum
387 2025 494 2087 neque
511 2006 663 2081 infantes,
674 2025 780 2086 neque
792 2014 950 2068 amentes·
960 2005 1036 2068 fidei
1053 2006 1147 2072 aetus

54 2102 117 2164 sint
138 2125 284 2186 capaces.
332 2107 430 2189 Ergo,
476 2109 553 2171 Vim
581 2109 679 2189 hujus
706 2109 893 2190 argumenti
920 2109 1148 2174 Protestantes

54 2219 228 2286 senserunt,
260 2220 294 2272 et
324 2211 370 2273 ita
401 2213 628 2294 respondent:
666 2212 766 2292 juxta
796 2211 990 2288 Lutlrerum,
1019 2216 1146 2295 parvuli

54 2307 234 2374 miraculose
263 2312 408 2388 credunt,
438 2335 512 2378 cum
545 2315 764 2395 baptizantur,
796 2316 870 2377 Deo
901 2316 973 2378 illos
1001 2315 1146 2396 juvante.

54 2409 117 2472 Sed
133 2425 256 2488 contra,
274 2425 404 2478 tantum
423 2417 618 2479 miraculum
635 2419 705 2479 sine
722 2417 918 2499 probatione
940 2419 1071 2482 admitti
1092 2442 1148 2483 ne-

52 2512 129 2592 quit,
143 2525 175 2576 et
192 2515 359 2579 Lutherus
375 2519 501 2580 nullam
522 2519 751 2600 probationem
774 2521 858 2582 tanti
883 2522 1027 2601 portenti
1044 2522 1147 2587 affert.

52 2613 153 2693 Juxta
175 2617 351 2682 Calvinum
372 2632 406 2684 et
424 2621 572 2702 Hodgffl,
588 2622 778 2703 Baptismus
800 2619 981 2686 infantibus
1003 2626 1147 2705 prodest,

53 2719 181 2796 quando
198 2723 338 2784 rationis
355 2744 447 2787 usum
465 2726 643 2804 attingunt,
659 2734 691 2788 et
708 2726 921 2788 recordantur
944 2747 979 2787 se
1002 2727 1150 2809 baptiza-

54 2831 100 2882 tos
123 2823 245 2901 fuisse;
276 2836 355 2889 tunc
378 2828 466 2889 enim
491 2845 605 2888 eorum
628 2825 710 2888 fides
733 2828 908 2890 excitatur.
954 2827 1020 2890 Sed
1044 2830 1150 2908 primo

54 2925 142 2987 multi
169 2947 264 2989 usum
293 2928 430 2991 rationis
457 2946 523 2990 non
552 2927 722 3009 attingunt
748 2938 782 2990 et
808 2936 920 2989 tamen
948 2931 1148 2994 sacramenti

54 3031 186 3105 gratiam
215 3032 397 3112 recipiunt3
424 3033 558 3113 insuper
580 3033 750 3111 quomodo
777 3031 823 3092 illi
846 3031 902 3111 qui
926 3033 1149 3112 supervivunt,

54 3149 114 3192 rem
145 3152 245 3212 quam
278 3133 369 3196 nullo
401 3135 502 3214 modo
532 3145 763 3216 perceperunt,
792 3135 954 3197 recordari
986 3139 1149 3217 possunt?

54 3231 199 3297 Tandem
226 3235 417 3318 Baptismus
442 3257 519 3300 suos
544 3236 681 3301 effedlus
709 3246 859 3317 tempore
882 3257 948 3317 quo
974 3237 1150 3313 confertur,

54 3357 111 3399 non
135 3348 260 3420 postea,
277 3340 469 3420 regulariter
491 3342 673 3421 producere
695 3339 804 3402 debet.
849 3340 955 3420 Juxta
978 3340 1069 3416 alios
1087 3342 1150 3403 Bac

54 3445 188 3519 ptismus
211 3443 354 3526 parvulis
381 3443 412 3504 in
440 3441 505 3505 fide
533 3443 692 3504 Ecclesiae
720 3443 894 3516 confertur,
918 3445 975 3506 sed
1002 3442 1073 3504 haec
1100 3453 1150 3506 est

54 3562 133 3605 mera
157 3545 394 3624 aequivocatio;
418 3565 495 3608 narn
519 3545 600 3608 fides
622 3544 818 3626 justificans
840 3545 941 3625 juxta
961 3545 1049 3626 ipsos
1073 3547 1149 3622 Pro-

54 3653 217 3720 testantes,
231 3667 295 3709 non
313 3658 364 3709 est
381 3647 463 3710 fides
480 3648 667 3709 communis
686 3647 853 3720 Ecclesiae,
867 3647 922 3707 sed
941 3643 1022 3706 fides
1040 3666 1150 3727 perso·

55 3749 138 3822 nalis,
154 3759 188 3810 et
204 3749 383 3830 unicuique
398 3750 539 3830 propria.

82 3924 144 3978 ¹Sic
159 3919 259 3976 iterum
275 3923 488 3992 chrysostomus
500 3923 528 3992 (1.
540 3923 600 3990 cit.)
615 3941 620 3976 :
642 3925 660 3950 “
673 3923 796 3976 Primum
810 3922 977 3976 dicebatur:
994 3924 1151 3992 producant

54 4021 126 4079 aquae
136 4007 236 4077 reptile
249 4008 352 4062 animae
362 4007 481 4063 viventis
495 4009 575 4077 (Gen.
590 4011 612 4073 1,
624 4010 685 4076 20);
705 4027 738 4062 ex
749 4025 804 4076 quo
815 4018 908 4061 autern
919 4007 1050 4077 Jordanis
1065 4009 1150 4063 fluen-

54 4099 230 4167 taingressus
243 4106 286 4150 est
302 4095 452 4162 Dominus,
465 4113 521 4149 non
541 4096 662 4165 amplius
679 4096 789 4164 reptilia
808 4097 966 4151 animarum
986 4098 1148 4164 viventium,

55 4185 95 4238 sed
107 4184 219 4238 animas
232 4181 384 4236 rationales
399 4182 533 4251 Spiritum
548 4184 575 4236 S.
590 4183 712 4237 serentes
726 4199 799 4252 aqua
813 4184 941 4253 producit
950 4186 972 4240 ''.

82 4270 209 4339 ²Hodge,
224 4269 402 4339 systematic.
418 4271 530 4332 Theoi,
547 4271 598 4323 rol.
615 4271 670 4338 ΙΙΙ,
687 4288 713 4340 p.
733 4285 792 4340 590.
