2770 4652
431 175 487 228 DE
505 177 795 230 POENITENTIA.
1087 171 1155 224 ⁴69

61 365 130 425 gata
139 367 166 414 et
178 357 207 413 in
220 356 298 414 coelo
311 377 317 414 :
337 367 366 414 et
379 375 578 429 quaecumque
587 357 730 415 solveritis
741 371 829 428 super
839 363 955 420 terram,
965 360 1050 410 erunt
1059 349 1155 407 soluta

62 455 89 500 et
102 445 133 501 in
145 445 222 502 coelo
232 444 257 510 ”,
272 455 320 503 et:
343 444 509 517 “Quorum
524 444 692 503 remiseritis
705 452 836 516 peccata,
849 441 1038 499 remittuntur
1050 438 1106 504 eis;
1126 447 1156 496 et

60 549 185 601 quorum
200 531 384 598 retinueritis,
395 541 506 589 retenta
519 540 587 588 sunt
596 531 612 556 ''
626 552 632 588 ε
645 531 684 589 ad
695 547 799 588 omnes
809 527 918 588 Christi
930 526 1032 585 fideles
1041 524 1152 582 indiffe-

59 628 191 676 renteret
202 618 377 690 promiscue,
388 628 491 675 contra
501 618 715 675 institutionem
726 617 814 687 hujus
822 614 1008 679 sacramenti,
1017 614 1058 671 ita
1068 612 1157 668 luisse

59 705 150 772 dicta,
163 717 194 764 ut
207 706 303 778 quivis
317 715 494 777 potestatem
510 705 618 762 babeat
634 704 804 762 remittendi
822 712 943 775 peccata
960 700 1079 774 publica
1092 698 1157 770 qui·

59 791 129 850 dem
146 810 198 864 per
217 792 439 862 corredtionem,
456 792 481 849 si
499 802 652 865 correptus
667 791 848 864 acquieverit
858 810 867 863 3
885 799 997 847 secreta
1016 804 1085 846 vero
1103 803 1157 858 per

59 891 253 951 spontaneam
266 879 495 944 confessionem,
510 879 689 952 cuicumque
702 879 818 937 iactam.

57 1007 59 1012 ,
95 967 190 1025 Docet
210 984 341 1039 quoque,
357 967 446 1024 etiam
464 967 648 1036 Sacerdotes,
661 967 712 1038 qui
732 975 856 1039 peccato
875 963 991 1022 mortali
1007 971 1154 1022 tenentur.

58 1071 111 1124 per
124 1054 259 1112 virtutem
275 1053 399 1127 Spiritus
412 1053 505 1112 sandti
519 1055 548 1111 in
562 1054 748 1113 ordinatione
760 1055 909 1119 collatam,
920 1063 1062 1123 tanquam
1072 1048 1155 1108 Chri-

57 1141 92 1197 sti
120 1141 278 1206 ministros,
304 1141 489 1200 functionem
515 1143 682 1201 remittendi
709 1151 836 1214 peccata,
864 1156 1018 1208 exercere3
1044 1152 1156 1207 eosque

57 1240 145 1293 prave
158 1226 274 1296 sentire,
291 1227 384 1300 quiin
399 1229 484 1285 malis
497 1229 707 1287 Sacerdotibus
726 1228 803 1286 hanc
821 1235 997 1300 potestatem
1014 1240 1075 1281 non
1092 1239 1156 1280 esse

55 1311 252 1371 contendunt.
646 1320 648 1324 ’

92 1389 237 1469 Quamvis
249 1409 349 1460 autem
362 1401 511 1461 absolutio
529 1402 696 1461 Sacerdotis
715 1401 802 1461 alieni
826 1400 961 1460 beneficii
982 1399 1018 1457 sit
1037 1398 1157 1469 dispen-

55 1484 138 1552 satio,
158 1495 258 1544 tamen
278 1506 338 1544 non
358 1499 402 1546 est
421 1489 517 1546 solum
537 1489 651 1548 nudum
675 1488 868 1547 ministerium
892 1487 938 1546 vel
959 1482 1154 1543 annuntiandi

56 1570 262 1644 Evangelium,
284 1574 330 1634 vel
352 1575 521 1635 declarandi
545 1577 665 1635 remissa
687 1595 752 1634 esse
774 1587 905 1649 peccata,
926 1573 979 1632 sed
1000 1571 1158 1629 adinstar

55 1659 302 1731 allusjudicralr's,
317 1679 378 1733 quo
391 1663 429 1720 ab
444 1664 516 1736 ipso,
533 1664 612 1722 velut
628 1682 645 1721 a
658 1664 759 1734 judice
775 1663 920 1722 sententia
934 1657 1156 1733 pronuntiatur;

55 1754 144 1815 atque
159 1745 228 1804 ideo
242 1765 300 1804 non
315 1747 405 1808 debet
418 1750 567 1822 poenitens
579 1750 656 1808 adeo
668 1750 725 1809 sibi
735 1750 773 1808 de
783 1751 836 1808 sua
846 1749 937 1822 ipsius
948 1747 1007 1806 lide
1017 1743 1152 1811 blandiri,

57 1841 87 1887 ut
107 1833 198 1890 etiam
219 1834 242 1890 si
266 1835 346 1893 nulla
369 1836 407 1893 illi
430 1837 507 1895 adsit
529 1838 675 1908 contritio,
696 1848 747 1894 aut
769 1836 920 1895 Sacerdoti
942 1834 1058 1892 animus
1080 1829 1157 1910 serio

54 1919 162 1988 agendi
177 1929 207 1977 et
220 1938 287 1978 vere
299 1921 473 1980 absolvendi
487 1924 571 1993 desit,
583 1934 667 1996 putet
678 1935 776 1981 tamen
788 1941 827 1994 se,
839 1931 959 1995 propter
968 1938 1051 1978 suam
1061 1917 1154 1975 solam

55 2003 156 2073 fidem,
169 2024 237 2070 vere
249 2018 279 2065 et
292 2025 391 2066 comm
407 2009 473 2067 Deo
486 2027 550 2068 esse
563 2010 732 2069 absolutum
740 2030 748 2081 ;
767 2028 823 2068 nec
835 2010 915 2067 enim
929 2007 1002 2065 fides
1018 2006 1081 2063 sine
1094 2021 1156 2076 poe-

55 2090 180 2149 nitentia
194 2094 396 2152 remissionem
412 2095 501 2153 ullam
515 2107 704 2168 peccatorum
719 2107 885 2168 praestaret:
899 2111 954 2159 nec
968 2096 991 2151 is
1003 2101 1088 2162 esset,
1099 2090 1155 2147 nisi

56 2179 157 2236 salutis
174 2198 235 2238 suae
254 2181 533 2254 negligentissimus,
549 2184 599 2253 qui
619 2183 807 2241 Sacerdotem
826 2183 895 2254 joco
908 2200 939 2240 se
952 2181 1155 2240 absolventem

55 2279 257 2337 cognosceret,
271 2280 300 2326 et
313 2286 373 2327 non
386 2269 486 2340 alium,
503 2272 579 2328 serio
591 2280 740 2342 agentem,
755 2271 859 2330 sedulo
871 2270 1040 2342 requireret.

243 2423 348 2483 CAP.
372 2425 407 2484 7.
433 2424 487 2483 De
510 2437 673 2484 casuum
697 2424 970 2481 reservatione.

89 2557 242 2630 Quoniam
256 2558 343 2629 igitur
356 2569 458 2617 natura
470 2569 500 2618 et
513 2558 586 2617 ratio
597 2559 701 2630 judicii
718 2559 790 2617 illud
808 2558 948 2630 exposcit,
965 2568 997 2616 ut
1010 2559 1156 2617 sententia

56 2645 84 2701 in
103 2645 241 2703 subditos
260 2645 403 2704 duntaxat
423 2647 547 2714 seratum
572 2665 744 2720 persuasum
763 2665 881 2720 semper
900 2647 928 2703 in
947 2647 1081 2706 Ecclesia
1098 2647 1155 2704 Dei

55 2732 118 2797 luit,
134 2741 164 2789 et
179 2732 363 2791 verissimum
382 2751 446 2791 esse
466 2733 603 2806 Synodus
620 2734 685 2794 haec
703 2734 868 2802 confirmat,
884 2734 992 2791 nullius
1011 2735 1156 2792 momenti

55 2817 275 2876 absolutionem
293 2837 358 2877 eam
377 2838 442 2878 esse
459 2820 578 2891 debere,
593 2839 682 2894 quam
701 2822 845 2880 Sacerdos
863 2821 891 2876 in
908 2838 977 2878 eum
994 2821 1113 2892 profert,
1126 2821 1156 2876 in

55 2922 146 2975 quem
172 2906 349 2964 ordinariam
374 2919 426 2964 aut
451 2907 674 2980 subdelegatam
705 2927 766 2966 non
794 2908 885 2966 habet
907 2905 1153 2978 jurisdictionem.

55 2992 242 3063 llagnopere
256 3010 325 3050 vero
337 2993 376 3052 ad
390 2992 550 3052 Christiani
564 2995 666 3068 populi
681 2995 868 3066 disciplinam
880 2993 1026 3066 pertinere
1035 2993 1155 3050 sanstis-

53 3077 136 3134 simis
153 3078 289 3136 Patribus
308 3081 417 3138 nostris
435 3081 530 3138 visum
550 3092 603 3152 est,
619 3092 651 3138 ut
668 3081 812 3139 atrociora
831 3080 969 3152 quaedam
982 3090 1012 3138 et
1024 3079 1157 3152 graviora

53 3164 178 3222 crimina
190 3182 251 3222 non
266 3183 283 3222 a
296 3165 456 3238 quibusvis
465 3167 518 3225 sed
528 3185 545 3224 a
554 3167 678 3224 summis
688 3166 831 3224 duntaxat
842 3166 1051 3225 Sacerdotibus
1060 3165 1156 3225 absol-

53 3260 211 3321 verentur,
234 3253 314 3310 unde
334 3253 440 3312 merito
461 3253 620 3312 Pontifices
641 3253 760 3311 maximi
781 3273 834 3326 pro
853 3256 991 3327 suprema
1011 3261 1157 3326 potestate

53 3337 108 3395 sibi
124 3339 154 3394 in
169 3338 303 3396 Ecclesia
318 3340 471 3398 universali
486 3340 600 3409 tradita,
613 3357 716 3398 causas
736 3341 850 3412 aliquas
869 3341 1025 3398 criminum
1044 3341 1156 3415 gravio·

53 3443 98 3483 res
111 3442 167 3483 suo
182 3435 341 3497 potuerunt
354 3428 493 3499 peculiari
507 3428 620 3499 judicio
634 3446 788 3486 reservare.
828 3429 936 3500 Neque
954 3424 1155 3486 dubitandum

53 3522 107 3578 est,
123 3511 246 3586 quando
261 3513 450 3584 omniaque
467 3531 484 3570 a
501 3515 567 3572 Deo
584 3524 661 3584 sunt,
677 3515 813 3573 ordinata
826 3525 902 3585 sunt,
920 3514 991 3585 quin
1004 3513 1063 3571 hoc
1076 3513 1156 3571 idem

54 3599 216 3671 Episcopis
228 3599 368 3658 omnibus
382 3601 411 3657 in
425 3602 478 3658 sud
495 3601 604 3673 cuique
622 3602 743 3660 dioecesi
758 3604 787 3659 in
801 3602 1029 3661 aedificationem
1044 3611 1154 3666 tamen,

54 3703 115 3743 non
130 3687 160 3743 in
174 3686 415 3758 destructionem,
433 3688 527 3758 liceat,
544 3706 598 3760 pro
612 3689 667 3745 illis
681 3689 710 3745 in
724 3689 860 3748 subditos
874 3689 980 3748 tradita
993 3705 1080 3760 supra
1094 3689 1156 3745 reli-

54 3791 131 3845 quos
144 3774 295 3832 inferiores
308 3773 483 3833 Sacerdotes
495 3775 670 3834 auctoritate
687 3777 849 3848 praesertim
863 3776 961 3847 quoad
975 3775 1033 3842 illa,
1048 3775 1157 3846 quibus

55 3859 371 3918 excommunicationis
390 3878 514 3918 censura
532 3879 647 3919 annexa
665 3874 718 3920 est.
759 3864 848 3919 Hanc
867 3872 967 3921 autem
980 3859 1156 3920 delictorum

56 3947 294 4014 reservationem,
314 3965 481 4005 consonum
507 3959 550 4005 est
575 3948 684 4006 divinae
706 3949 883 4018 auctoritati,
905 3967 966 4006 non
989 3958 1104 4007 tantum
1126 3950 1157 4006 in

56 4036 176 4094 externa
189 4034 301 4107 politia,
316 4035 471 4093 sedetiam
485 4053 584 4092 coram
601 4036 667 4092 Deo
679 4037 738 4093 vim
753 4037 871 4095 habere.

91 4123 305 4180 Verumtamen
319 4123 367 4194 pie
380 4122 555 4190 admodum,
568 4139 606 4180 ne
616 4122 672 4181 haic
683 4123 748 4195 ipsa
760 4123 917 4181 occasione
929 4123 1036 4196 aliquis
1049 4133 1159 4195 pereat,

58 4210 87 4266 in
100 4210 206 4268 eadem
221 4209 355 4266 Ecclesia
371 4209 426 4268 Dei
440 4209 622 4268 custoditum
636 4228 753 4283 semper
765 4211 828 4282 luit,
844 4221 876 4269 ut
890 4211 971 4268 nulla
982 4209 1019 4268 sit
1031 4225 1157 4268 reserva-

58 4296 99 4354 tio
112 4296 142 4353 in
155 4294 280 4354 articulo
293 4295 415 4353 mortis:
434 4305 524 4367 atque
542 4296 610 4355 ideo
628 4314 732 4354 omnes
746 4296 921 4356 Sacerdotes
934 4295 1083 4369 quoslibet
1096 4311 1158 4368 poe·
