2776 4644
221 181 240 229 8
651 174 706 222 DE
724 173 894 220 Gnarus.
1373 168 1374 248 l

218 352 366 423 diligunt:
392 349 444 420 qui
468 357 568 404 autem
591 347 720 417 diligunt
742 365 824 412 eum,
849 357 879 404 ut
903 347 1028 416 ipsemet
1051 355 1192 412 testatur,
1216 361 1345 406 serrant
1374 320 1375 378 l

218 454 370 496 sermones
383 437 456 505 eius.
497 433 589 505 Quod
604 433 706 503 utique
719 451 787 490 cum
801 433 903 490 divino
916 433 1026 489 auxilio
1040 445 1185 504 praestare
1198 447 1343 506 possunt.
1375 474 1376 512 ,

221 523 304 580 Licet
321 523 402 580 enim
422 521 450 576 in
469 519 525 575 hac
542 519 656 575 mortali
671 519 738 586 vital,
752 519 937 589 quanmmrr's
953 521 1051 575 sardii
1065 527 1095 574 et
1100 521 1193 590 justi,
1209 523 1245 577 in
1264 524 1345 579 lerrlr
1375 515 1376 522 '

220 611 323 667 saltem
342 619 371 666 et
389 606 573 678 quotidiana,
587 623 653 675 quae
667 606 755 662 etiam
769 606 895 662 venialia
907 605 1058 674 dicuntur,
1067 615 1187 676 parata
1207 611 1344 681 quanta·-
1376 626 1377 664 t

220 695 397 768 quemdam,
412 711 471 750 non
487 703 643 764 propterea
661 691 800 748 desinunt
820 709 884 748 esse
901 692 980 762 justi.
1023 693 1103 748 Nam
1118 695 1276 763 justorum
1292 698 1343 752 illa

221 803 276 842 vox
300 793 345 840 est
372 792 399 838 et
426 779 555 843 humilis,
580 790 610 836 et
634 797 737 836 verax:
764 779 915 836 “Dimitte
941 781 1026 836 nobis
1051 781 1158 839 debita
1186 785 1341 841 nostra'':
1377 778 1378 806 ³

221 889 282 942 quo
300 869 340 939 fit,
356 879 388 924 ut
404 867 472 938 justi
492 867 546 937 ipsi
566 883 602 922 eo
622 866 715 936 magis
734 882 765 921 se
782 865 928 936 obligatos
945 867 984 923 ad
1002 868 1229 926 ambulandum
1246 871 1277 926 in
1294 872 1339 926 rii

222 958 340 1028 justitiae
359 955 468 1012 sentire
487 953 626 1019 debeant,
640 953 722 1023 quod
740 951 853 1008 liberati
868 955 928 1023 jam
948 973 964 1011 a
983 968 1121 1027 peccato,
1134 960 1212 1015 servi
1233 973 1341 1016 autem

222 1043 290 1100 laeli
307 1043 381 1108 lleo,
394 1039 499 1106 sobrie,
511 1040 599 1108 juste,
615 1051 644 1096 et
659 1038 706 1108 pie
720 1039 858 1107 viventes
873 1040 1016 1110 proficere
1036 1045 1155 1114 possint
1177 1057 1231 1117 per
1251 1046 1341 1104 Chri·
1379 1084 1380 1122 ,

129 1117 134 1128 ¹
221 1143 300 1188 stum
325 1130 437 1203 Jesum,
461 1143 624 1198 perquem
649 1141 801 1180 accessum
828 1124 996 1184 habuerunt
1023 1129 1051 1185 in
1078 1131 1207 1200 gratiam
1236 1132 1337 1188 istam.

224 1219 306 1275 Deus
317 1233 448 1286 namque
457 1215 510 1271 sua
521 1213 613 1284 gratia
622 1209 884 1281 semeljustr'ficalos
893 1231 948 1268 non
959 1213 1069 1285 deserit,
1084 1217 1147 1272 m'sr'
1155 1218 1193 1273 nb
1202 1219 1244 1274 eis
1251 1219 1341 1290 prius
1380 1238 1381 1282 l

221 1299 377 1356 deseratur.

259 1382 364 1451 Itaque
386 1395 475 1435 nemo
494 1377 550 1433 sibi
574 1376 602 1432 in
626 1375 688 1433 solrl
710 1373 768 1431 lide
792 1375 916 1433 blandiri
938 1379 1037 1446 debet,
1057 1393 1170 1451 putans
1192 1383 1253 1441 side
1273 1385 1339 1440 soli.
1381 1390 1382 1428 t

222 1469 362 1527 heredem
379 1483 443 1523 esse
460 1463 663 1533 constitutum,
682 1463 936 1536 hereditatemque
952 1479 1200 1539 consecuturum,
1217 1473 1337 1528 etiamsi

223 1555 343 1614 Christo
356 1571 417 1610 non
431 1550 637 1622 compatiatur,
652 1559 682 1606 ut
694 1559 724 1606 et
737 1550 984 1621 conglorificetur.
1026 1554 1106 1611 Nam
1122 1560 1180 1614 “et
1196 1557 1338 1616 Christus
1382 1542 1383 1590 l

223 1643 287 1713 ipse
296 1640 320 1709 ’'‚
335 1649 365 1696 ut
386 1639 481 1709 inquit
502 1637 674 1708 Apostolus,
695 1637 787 1692 “cum
807 1649 882 1694 esset
908 1638 998 1694 Filius
1018 1639 1083 1709 Dei,
1099 1640 1210 1699 didicit
1228 1661 1265 1699 ex
1281 1645 1335 1713 eis,
1383 1696 1384 1734 1

223 1747 290 1801 quae
304 1745 407 1800 passus
421 1736 473 1794 est,
487 1724 689 1782 obedientiam
698 1745 705 1794 3
724 1734 753 1781 et
770 1737 1003 1796 consummatus
1020 1727 1116 1784 latius
1130 1740 1177 1786 est
1190 1731 1337 1788 omnibus
1383 1735 1384 1752 ¹

223 1817 500 1890 obtemperantibus
525 1813 581 1872 sibi
606 1829 695 1868 causa
721 1811 822 1867 salutis
847 1823 964 1870 aeternae
975 1815 990 1838 ’'
1000 1815 1017 1869 ¹.
1059 1815 1226 1888 Propterea
1252 1819 1334 1890 Apo·

224 1905 317 1963 stolus
338 1904 400 1975 ipse
420 1911 522 1958 monet
546 1899 730 1970 justificatos
749 1897 869 1955 dicens:
889 1900 1044 1957 “Nescitis
1063 1903 1149 1973 quod
1173 1903 1207 1972 ii,
1226 1905 1279 1976 qui
1306 1906 1336 1960 in
1384 1911 1385 1916 ’

224 1992 321 2050 stadio
335 1999 464 2056 currunt,
478 2005 583 2044 omnes
601 1985 722 2056 quidem
742 1995 869 2052 currunt,
883 1987 936 2044 sed
950 2005 1027 2044 unus
1044 1989 1156 2060 accipit
1177 1990 1337 2048 bravium?

224 2081 266 2136 sic
278 2077 395 2144 currite,
409 2085 441 2132 ut
454 2071 723 2144 comprehendatis.
763 2071 828 2140 Ego
845 2071 932 2141 igitur
949 2073 989 2128 sic
1008 2091 1104 2140 curro,
1120 2094 1183 2133 non
1202 2079 1287 2148 quasi
1304 2079 1334 2135 in

225 2167 369 2222 incertum
385 2184 390 2219 :
411 2163 452 2219 sic
466 2177 577 2233 pugno,
591 2176 651 2216 non
665 2157 748 2228 quasi
762 2175 858 2214 aerem
874 2160 1030 2216 verberans
1044 2181 1050 2217 :
1070 2163 1125 2220 sed
1139 2165 1255 2235 castigo
1268 2183 1334 2222 cor·
1386 2154 1387 2224 l

225 2270 280 2325 pus
294 2260 439 2317 meamet
454 2248 482 2302 in
497 2247 665 2304 servitutem
681 2242 793 2312 redigo,
804 2261 840 2300 ne
851 2244 925 2302 sorte
936 2263 1004 2302 cum
1019 2248 1083 2304 aliis
1094 2250 1335 2319 praedicaverim,

225 2341 288 2410 ipse
299 2334 580 2408 reprobuseffrciar''
590 2337 606 2389 ².
640 2332 716 2389 Item
729 2330 865 2401 princeps
875 2332 1087 2402 Apostolorum
1102 2335 1225 2394 Petrus:
1241 2343 1257 2366 ¹‘
1269 2337 1333 2394 Sat·

225 2425 311 2497 agite,
325 2435 356 2494 ut
370 2441 421 2494 per
435 2421 514 2478 bona
528 2436 618 2491 opera
631 2428 739 2474 certam
754 2425 879 2472 vestram
894 2419 1080 2476 vocationem
1100 2431 1129 2478 et
1147 2421 1332 2480 eletstionem

226 2511 354 2568 faciatis:
374 2508 438 2564 haec
451 2507 529 2563 enim
544 2504 693 2569 facientes,
707 2519 766 2557 non
781 2502 942 2572 peccabitis
956 2505 1120 2576 aliquando
1133 2507 1176 2566 '’³.

262 2596 352 2654 Unde
371 2602 496 2656 constat,
511 2608 562 2648 eos
579 2589 752 2646 orthodoxae
771 2588 920 2659 religionis
939 2591 1084 2650 doclrinae
1103 2595 1263 2666 adversari,
1276 2601 1330 2668 qui

226 2683 339 2747 dicunt,
354 2683 467 2752 justum
484 2679 513 2735 in
532 2677 614 2736 omni
628 2675 709 2734 bono
723 2691 813 2747 opere
827 2678 930 2734 saltem
945 2681 1097 2738 venialiter
1116 2701 1252 2754 peccare,
1267 2699 1327 2755 am,

226 2768 309 2841 quod
322 2765 535 2825 intolerabilius
549 2774 602 2831 est,
615 2781 718 2834 poenas
728 2773 851 2820 aeternas
862 2765 965 2821 mereri
979 2785 985 2821 :
1002 2775 1093 2837 atque
1104 2768 1195 2826 etiam
1207 2773 1329 2842 eosqui

226 2865 359 2912 statuunt
372 2854 402 2909 in
416 2851 558 2910 omnibus
569 2849 713 2921 operibus
725 2851 819 2921 justos
834 2867 964 2920 peccare,
978 2853 1000 2907 si
1023 2853 1052 2908 in
1072 2853 1128 2910 illis
1147 2873 1232 2913 suam
1253 2858 1330 2929 ipso-

227 2960 291 2999 rum
311 2940 478 2998 socordiam
498 2937 663 3006 excitand0,
680 2947 710 2993 et
727 2955 791 2994 sese
808 2937 846 2994 ad
864 2939 1042 2996 currendum
1063 2941 1092 2997 in
1112 2943 1211 3001 stadio
1226 2945 1330 3002 cohor·

228 3029 329 3097 tand0,
345 3045 413 3084 cunr
429 3027 495 3096 hoc,
513 3035 544 3082 ut
559 3025 586 3080 in
602 3023 699 3095 primis
713 3023 892 3094 glorificetur
909 3024 999 3094 Deus
1018 3029 1189 3086 mercedem
1209 3048 1330 3103 quoque

228 3115 379 3171 intuentur
396 3123 536 3170 aeternam
547 3130 554 3180 ;
581 3128 650 3167 cum
669 3110 810 3181 scriptum
831 3109 887 3166 sit:
907 3111 925 3139 “
937 3111 1081 3169 Incliuavi
1100 3132 1151 3171 cor
1171 3134 1271 3173 meum
1290 3121 1328 3176 ad

227 3201 378 3258 faciendas
391 3198 617 3269 iustificationes
629 3207 693 3253 tuas
707 3205 827 3268 propter
836 3196 1058 3256 retributionem
1069 3201 1101 3232 ”⁴
1113 3221 1120 3270 ;
1133 3211 1162 3259 et
1173 3202 1213 3260 de
1225 3203 1329 3276 Moyse

227 3289 306 3347 dicat
321 3287 491 3358 Apostolus,
510 3284 592 3356 quod
609 3285 627 3310 “
639 3283 815 3355 respiciebat
829 3283 858 3338 in
872 3287 1139 3344 remunerationem
1149 3289 1164 3316 ’'
1174 3291 1193 3346 ⁵.

360 3405 465 3465 CAP.
494 3403 548 3460 12.
575 3402 931 3461 praedestinationis
956 3407 1205 3464 temerariam

432 3494 779 3566 praesumptionem
803 3499 1016 3556 cavendam
1041 3513 1136 3557 esse.

264 3607 362 3664 Nemo
382 3621 513 3678 quoque,
538 3601 681 3673 quamdiu
704 3603 733 3658 in
757 3602 812 3658 hac
834 3605 1010 3662 mortalitate
1030 3605 1143 3676 vivitur,
1166 3606 1205 3664 de
1224 3627 1328 3668 arcano

227 3696 334 3753 divinae
349 3690 616 3765 praedestinationis
631 3691 770 3760 mysterio
783 3707 877 3760 usque
896 3692 972 3748 adeo
993 3710 1171 3762 praesumere
1184 3693 1282 3766 debet,
1299 3707 1328 3754 ut

228 3791 310 3840 certo
324 3789 442 3848 statuat,
458 3796 489 3835 se
509 3777 633 3834 onrnino
652 3793 716 3832 esse
736 3776 764 3831 in
786 3794 910 3833 numero
929 3778 1229 3849 praedestinatorum:
1249 3785 1327 3854 quasi

227 3884 328 3924 serum
342 3875 428 3935 esset,
444 3863 528 3935 quod
546 3862 725 3933 iustificatus
738 3873 787 3919 aut
800 3863 927 3934 amplius
942 3883 1065 3936 peccare
1078 3883 1139 3922 uon
1154 3869 1258 3937 possit,
1269 3882 1326 3934 aut.

227 3955 250 4012 εἰ
265 3953 441 4026 peccaverit,
456 3961 567 4007 certam
581 3948 636 4006 sibi
651 3949 883 4021 resipiscentiam
898 3951 1069 4020 promittere
1082 3951 1200 4011 debeat.
1243 3955 1326 4020 Nam,

229 4042 283 4098 nisi
298 4058 334 4096 ex
345 4038 463 4110 speciali
474 4035 652 4104 rerulalrimr,
667 4035 737 4092 sciri
748 4055 804 4091 uon
814 4043 913 4106 polest,
930 4055 998 4108 quos
1011 4037 1094 4094 Deus
1105 4039 1163 4095 sr'bi
1172 4041 1290 4113 elegerit.

263 4191 271 4221 ¹
286 4189 385 4255 Heln,
399 4190 434 4256 V,
447 4188 500 4255 8·9.
515 4219 547 4226 -
561 4185 572 4215 ²
584 4189 603 4241 I
614 4188 688 4252 Cor„
706 4189 755 4253 lX,
767 4203 855 4260 ²4⁴7·
870 4219 903 4226 —
916 4189 926 4219 ³
939 4191 974 4243 Il
985 4190 1070 4256 Pan,
1086 4193 1108 4256 Ι,
1129 4209 1167 4246 10.

261 4277 343 4340 ⁴l'5.,
357 4274 495 4338 CXVIH,
513 4287 569 4325 112.
587 4303 619 4310 -=
633 4265 641 4297 ⁵
656 4271 750 4336 Hebe,
766 4271 816 4334 Xl,
833 4273 872 4325 26.
