2776 4644
244 77 288 126 ⁴0
703 79 843 130 CAPUT
860 79 886 128 1.

280 257 455 326 (Cllnstant
466 257 588 315 iterum:
603 261 618 288 “
631 259 724 332 Quod
738 277 798 316 non
811 270 856 317 est
867 277 903 316 ea·
908 259 971 330 fide
984 269 1140 330 peccatum
1153 267 1196 314 est
1206 257 1220 282 ''
1229 265 1253 322 ¹;
1266 273 1329 325 ergo

246 344 388 410 infideles,
403 344 454 416 qui
468 344 556 402 fidem
571 363 630 403 non
646 347 765 417 habent,
782 347 898 404 nonnisi
914 363 1038 418 peccare
1050 355 1185 418 possunt.

250 495 252 500 ¹
280 430 363 502 Resp.
404 431 490 502 Nego
502 449 688 503 consequeus
707 445 736 490 et
755 433 1010 505 consequentiam,
1026 449 1104 500 naui,
1118 429 1251 502 inspedto
1267 446 1328 484 con-

246 527 335 584 textu,
348 534 408 574 non
421 517 516 588 agitur
527 518 566 575 de
579 518 638 576 fide
651 519 827 590 theologica,
840 520 894 578 sed
907 521 945 578 de
956 520 1030 575 bonci
1036 519 1107 590 fide,
1120 534 1150 575 et
1160 535 1261 575 seusus
1273 529 1310 572 est
1323 537 1328 571 :

245 621 333 660 omne
346 604 428 674 quod
442 621 501 660 non
515 615 558 661 est
572 623 607 662 ex
620 605 701 663 bona
714 605 781 676 fide,
797 606 851 664 sed
870 605 1024 664 didlamint
1044 604 1232 662 conscientiae
1245 619 1329 672 oppo-

246 688 331 750 nitur,
353 697 507 758 peccatum
526 698 589 759 est3
608 707 677 746 nam
697 690 823 760 quaestio
842 701 885 748 est
904 691 943 748 de
959 689 1141 760 idolothytis,
1157 706 1207 746 seu
1220 688 1257 744 de
1270 687 1330 741 cilio

246 773 332 830 idolis
344 771 454 840 oblato
463 787 502 843 et,
511 775 626 832 etiamsi
640 776 669 832 iu
683 793 715 833 se
728 777 813 834 liceat
827 777 865 834 de
879 777 934 834 illis
947 777 1113 845 comedere,
1127 787 1224 832 tamen
1235 787 1329 845 peccat

245 858 293 916 ille
315 861 363 932 qui
386 859 425 918 de
444 859 495 930 eia,
518 871 621 918 contra
640 862 831 920 conscientiae
854 863 1016 928 didlamen,
1036 862 1177 932 comedit,
1199 872 1229 918 ut
1248 861 1330 916 fusius

245 945 333 1002 alibi²
345 946 373 1002 S.
393 946 499 1003 Paulus
514 947 576 1018 ipse
589 948 725 1019 explicat.

280 1035 330 1104 (D)
345 1033 494 1104 Oin‘ciun!
505 1035 628 1093 iterum:
651 1037 749 1094 “Sine
764 1037 823 1096 fide
837 1039 1020 1110 impossibile
1033 1051 1076 1096 est
1090 1039 1206 1110 placere
1221 1035 1327 1093 Deo⁰t

244 1120 328 1192 Resp.
376 1120 558 1192 Dt'stt'nguo:
582 1122 611 1178 in
637 1123 741 1180 ordine
765 1125 993 1196 supernaturali,
1020 1123 1150 1188 corruda·
1180 1123 1209 1179 in
1237 1120 1330 1178 ordine

245 1207 385 1278 neutrali,
399 1225 475 1278 nego.
516 1207 561 1264 Ex
573 1219 712 1266 contextu
727 1211 806 1267 eninr
820 1221 936 1268 constat
947 1211 975 1267 S.
990 1211 1114 1266 Paulum
1125 1209 1163 1266 de
1174 1207 1232 1266 fide
1241 1224 1330 1277 super-

245 1295 366 1351 naturali
380 1311 467 1365 agere
481 1295 509 1350 in
524 1294 628 1354 ordine
640 1297 678 1354 ad
692 1298 825 1368 salutem,
838 1316 874 1355 ac
884 1297 1010 1370 proinde
1019 1298 1058 1355 ad
1068 1315 1161 1369 opera
1170 1304 1329 1368 supernatu-

244 1381 322 1446 ralia,
334 1381 406 1438 nihil
416 1391 516 1438 autem
526 1381 576 1438 hic
585 1384 623 1440 de
634 1383 774 1456 operibus
783 1387 973 1454 naturalibus,
985 1385 1092 1442 dicere.
1128 1384 1213 1442 Idem
1222 1397 1328 1452 respon-

244 1487 309 1525 sum
323 1469 399 1526 valet
412 1468 513 1539 quoad
526 1485 630 1527 omnes
644 1481 739 1528 textus
753 1489 829 1542 quos
842 1482 1008 1543 congerunt
1020 1470 1188 1540 adversarii,
1201 1480 1229 1526 et
1239 1469 1266 1523 in
1275 1467 1329 1538 qui·

246 1555 299 1612 bus
313 1555 478 1614 declaratur
491 1573 546 1612 nos
560 1557 631 1613 nihil
646 1557 717 1615 boni
733 1558 838 1628 facere,
854 1558 929 1616 velte
943 1570 993 1616 aut
1007 1559 1136 1630 cogitare
1157 1575 1242 1630 posse
1255 1555 1328 1611 nisia

246 1642 330 1699 Deo:
344 1641 519 1713 plerumque
529 1644 604 1698 enirn
617 1645 713 1715 agitur
726 1645 764 1702 de
777 1645 894 1702 adlibus
906 1645 1103 1712 salutaribus:
1116 1645 1139 1701 si
1153 1661 1222 1701 rero
1235 1643 1262 1698 in
1274 1641 1328 1712 qui-

245 1729 371 1786 busdam
385 1729 423 1787 de
437 1730 560 1785 naturali
574 1732 747 1801 operatione
766 1743 877 1803 agatur,
895 1750 999 1790 sensus
1013 1741 1056 1789 est
1071 1731 1111 1788 nil
1126 1748 1213 1803 posse
1225 1748 1241 1786 a
1254 1727 1328 1783 nobis

244 1817 342 1888 peragi
357 1817 421 1873 sine
437 1816 491 1874 Dei
506 1818 629 1874 naturali
643 1836 799 1875 concursu.

279 1905 327 1976 (Ε)
339 1904 525 1976 objiciuntur
534 1905 653 1976 insuper
664 1905 806 1962 nonnulla
819 1907 946 1976 Parrum,
961 1905 1121 1977 praesertim
1134 1905 1163 1962 S.
1175 1899 1328 1974 Augustini,

244 1991 337 2060 effata,
361 1991 470 2062 quibus
490 1991 598 2048 dicitur
617 2007 707 2062 opera
728 1991 893 2048 infidelium
914 2011 979 2050 esse
1001 2003 1132 2064 peccata,
1157 1991 1329 2058 liberumque

243 2079 395 2136 arbitrium
409 2097 443 2136 ex
457 2096 488 2134 se
502 2078 619 2134 nonnisi
634 2078 673 2136 ad
687 2077 874 2149 peccandum
884 2083 900 2135 ⁴.

278 2167 361 2236 Resp.
408 2165 477 2221 Non
498 2163 658 2223 diffitemur
677 2165 742 2221 loca
762 2165 933 2234 hujusmodi
953 2165 1083 2222 difficilia
1100 2183 1165 2222 esse
1181 2161 1326 2220 intellectu.

245 2253 383 2310 Attamen
402 2270 490 2309 sensu
510 2252 659 2309 catholico
679 2253 819 2324 pleraque
838 2252 942 2310 saltem
961 2253 1083 2324 intelligi
1097 2262 1230 2324 possunt.
1265 2250 1328 2318 Sup-

244 2341 328 2411 ponit
338 2339 475 2396 videlicet
487 2339 671 2410 Augustinus
685 2339 837 2396 hominem
852 2339 890 2397 ad
904 2339 994 2397 finem
1007 2351 1036 2398 et
1050 2351 1158 2397 statum
1172 2347 1327 2410 supernam·

245 2427 333 2484 talem
347 2427 529 2484 destinatum
544 2427 643 2494 luisse,
656 2445 691 2483 ex
706 2426 764 2484 hoc
784 2445 854 2484 reto
870 2437 946 2484 statu
965 2445 1018 2498 per
1034 2437 1190 2499 peccatum
1203 2425 1327 2496 originale
1368 2467 1369 2535 1

245 2513 396 2582 excidisse,
412 2523 440 2570 et
455 2513 573 2569 nonnisi
593 2531 645 2584 per
664 2513 755 2571 fidem
770 2530 858 2585 posse
871 2515 1008 2585 reparari.
1051 2515 1131 2571 Hinc
1144 2515 1239 2570 omnis
1250 2510 1325 2568 aelio.

245 2615 311 2669 quae
330 2598 369 2655 ad
388 2598 478 2656 finem
498 2599 751 2671 supernaturalem
771 2617 831 2656 non
849 2601 954 2668 tendit,
968 2619 1028 2657 non
1044 2600 1141 2658 solum
1155 2599 1271 2662 inutilis,
1284 2594 1325 2653 sed

245 2687 332 2742 etiam
351 2687 428 2744 mala
443 2686 483 2744 ab
501 2687 565 2758 ipso
584 2697 712 2756 vocatur,
730 2688 799 2758 quia
819 2687 949 2745 deflectit
968 2687 1007 2744 ab
1027 2687 1132 2744 ordine
1151 2704 1240 2758 quem
1261 2686 1325 2740 Del<

245 2773 417 2844 constituit;
435 2791 497 2844 quo
514 2791 602 2831 sensu
622 2773 742 2830 scribit:
769 2773 956 2846 “Quidquid
977 2773 1048 2831 boni
1067 2774 1100 2830 lit
1118 2771 1158 2830 ab
1176 2773 1290 2830 homine
1304 2779 1325 2823 et

245 2875 304 2914 non
319 2870 438 2930 propter
451 2859 508 2916 hoc
523 2861 563 2926 lit,
577 2861 791 2932 propterquod
806 2860 866 2917 fieri
881 2861 991 2918 debere
1005 2878 1071 2918 vera
1085 2861 1230 2932 sapientia
1242 2855 1324 2931 praeri-

245 2945 295 3015 pit,
309 2947 362 3002 etsi
376 2947 474 3004 officio
489 2947 623 3006 videatur
637 2947 759 3017 bonum,
772 2947 836 3019 ipso
850 2967 910 3004 non
925 2949 1006 3006 tedio
1020 2947 1079 3006 fine
1087 2955 1231 3019 peccatum
1244 2957 1283 3004 est
1292 2943 1323 2995 ”l

245 3031 325 3087 'l'alis
338 3044 437 3090 nutem
452 3035 531 3091 aelio
545 3044 589 3092 est
603 3034 725 3105 quidem
736 3042 882 3105 peccalum
902 3035 1059 3103 anteriore,
1073 3035 1143 3105 quia
1157 3031 1324 3092 deordinatio

245 3127 297 3185 est,
308 3119 382 3176 sicut
394 3121 457 3191 ipsa
468 3122 710 3192 coucupiscentia
722 3139 788 3192 quae
799 3121 837 3178 alt
849 3122 1019 3194 Augustino
1030 3123 1138 3194 pariter
1147 3133 1323 3192 vocaturpec·

245 3214 358 3276 cattum
373 3205 432 3262 imo
446 3225 525 3277 saepe
539 3207 592 3263 erit
606 3219 762 3278 peccatum
771 3209 907 3279 snrnrnle,
919 3210 942 3266 si
956 3208 1023 3282 quis
1036 3227 1071 3266 ex
1082 3208 1171 3280 prava
1181 3207 1324 3266 intentione

245 3291 343 3360 gratim
365 3293 518 3350 resistendi
540 3303 622 3364 agat;
649 3293 701 3351 sed
722 3311 783 3352 non
806 3295 899 3366 liquet
922 3306 1052 3353 mentem
1076 3295 1232 3366 Augustini
1253 3293 1322 3350 sutae

245 3379 344 3434 onmia
359 3377 522 3436 infidelium
537 3397 638 3451 opera,
649 3390 770 3452 propter
782 3381 878 3437 solum
894 3380 962 3440 fidei
977 3381 1322 3453 defeetun1,essepeccrtr

246 3463 387 3528 suturalia,
402 3483 494 3536 quum
508 3465 578 3523 alibi
592 3477 732 3534 agnoscat
747 3467 883 3538 quadam
898 3469 1001 3525 saltem
1016 3485 1106 3539 opera
1119 3467 1157 3524 ab
1170 3467 1213 3524 eis
1226 3459 1321 3539 perailt

245 3568 308 3608 esse
322 3551 408 3610 laude
422 3551 538 3620 digital.
579 3552 709 3610 Aliunde
722 3553 745 3608 si
759 3555 897 3624 quaedam
914 3555 1068 3612 sententiae
1082 3572 1142 3610 non
1157 3555 1267 3625 possint
1277 3561 1321 3608 tan

247 3637 373 3704 benigne
400 3639 533 3708 intelligi,
558 3639 598 3694 nil
625 3639 762 3710 prohibet
787 3641 884 3698 dicere
907 3641 935 3699 S.
960 3641 1124 3698 Dodlorem
1147 3641 1220 3698 dum
1243 3635 1320 3712 gratia
1363 3655 1364 3658 ’

1228 3755 1321 3772 d*

282 3821 287 3846 ¹
304 3817 379 3872 turn.
396 3817 474 3884 xlv,
489 3835 529 3886 ῃ.
547 3849 580 3856 --
594 3821 603 3844 ’
618 3821 634 3872 Ι
647 3819 709 3872 Cor.
726 3821 811 3884 l'lll,
828 3835 850 3886 7.
865 3853 899 3860 -
912 3829 921 3860 ³
932 3823 1016 3876 Hebr.
1031 3822 1083 3886 Xl,
1096 3823 1121 3875 6.

280 3907 288 3936 ⁴
303 3905 332 3958 S.
345 3905 468 3972 nequest.
483 3905 518 3958 de
533 3905 626 3958 (lestis
643 3905 755 3974 Pelagii,
770 3923 794 3962 n.
811 3921 855 3976 35;
870 3911 952 3963 Cout
969 3907 1113 3980 Julianum
1129 3909 1178 3976 tv,
1193 3923 1220 3977 3;
1231 3908 1263 3963 de
1275 3901 1319 3973 Spl·

246 3987 296 4044 rittt
310 4001 337 4044 et
353 3989 389 4044 lit.
405 4009 426 4044 c.
446 3991 500 4052 lll.
517 4007 543 4046 tt.
561 4001 640 4060 sete.

279 4072 380 4130 lisinii.
388 4077 515 4144 sulum..
532 4075 578 4130 lib.
599 4077 645 4140 tv,
660 4093 682 4132 r.
701 4089 724 4144 3,
739 4095 764 4132 tt.
783 4095 822 4132 ao.

278 4157 289 4170 ⁴
310 4161 328 4170 ““
379 4161 460 4216 ‘ratitil
476 4161 591 4228 t'lun'ur',
605 4179 627 4217 c.
646 4179 690 4232 tq,
709 4167 741 4218 ‹n-
756 4167 907 4234 l'nltinltil,
920 4187 943 4223 c.
959 4171 991 4223 26
1004 4179 1058 4224 ete.
