2770 4652
251 163 317 214 508
456 164 513 214 DE
532 163 823 216 POENITENTIAE
843 165 1147 222 SACRAMENTO.

410 395 426 482 §
447 398 509 460 111.
527 398 584 459 Du
608 411 742 460 ramus
767 411 1006 463 nmnmunms
1030 415 1194 466 acmaus

614 539 642 596 l.
666 538 722 598 De
745 539 985 598 contritione.

292 683 341 750 50.
393 681 424 729 10
446 667 531 748 Ejus
552 665 697 747 definitio
708 677 727 726 ¹.
773 662 833 745 (A)
857 664 1033 742 Contriti0,
1048 687 1068 730 a
1084 689 1166 731 voce
1187 681 1328 743 conterere,

134 802 139 814 ·
249 772 446 853 ctyrnologn'cc
460 767 625 834 adlionem
642 769 797 850 designat
812 771 879 848 qua
894 769 1038 834 solidum
1055 792 1176 854 corpus
1191 775 1231 837 ad
1252 777 1329 837 mini·

250 897 321 942 mas
342 885 452 958 partes
473 873 640 936 reducitur
652 893 660 950 ;
687 869 897 952 metaphorice
912 883 1024 936 autem
1047 874 1137 938 illam
1160 878 1329 958 dispositio

250 1001 325 1044 nem
352 983 418 1061 quii
444 997 500 1039 cor
522 985 660 1058 peccato
687 975 878 1038 induratum
905 975 1070 1057 frangitur
1096 989 1130 1041 et
1157 981 1329 1043 emollescit.

252 1085 341 1146 Hinc
367 1079 488 1146 Cateclr.
503 1079 673 1140 Romanus
697 1073 757 1161 (de
781 1078 898 1141 Poenit.
921 1099 950 1140 n.
968 1076 1053 1163 33):
1080 1088 1096 1114 “
1109 1081 1214 1146 Rene
1235 1093 1329 1147 autem

250 1185 458 1250 contritionis
473 1202 595 1244 nomen
613 1180 740 1262 peccati
756 1181 971 1242 detestationi
984 1232 990 1243 .
1002 1232 1008 1244 .
1019 1233 1025 1245 .
1038 1185 1080 1246 ad
1097 1185 1330 1266 significandam

247 1292 314 1352 vim
331 1286 454 1350 doloris
472 1284 665 1366 impositum
682 1293 742 1356 est,
757 1281 858 1346 dulia
878 1285 1095 1349 similitudine
1117 1307 1138 1349 a
1161 1289 1256 1351 rebus
1276 1309 1330 1351 cor·

248 1392 355 1474 porcis
371 1410 446 1471 quae
463 1387 653 1451 minutatim
671 1405 756 1448 saxo
771 1395 830 1449 aut
846 1387 977 1449 duriore
993 1389 1104 1470 aliqua
1121 1393 1258 1454 materia
1269 1413 1331 1454 con-

248 1496 437 1576 fringuntur
454 1517 461 1554 :
489 1501 525 1554 ut
541 1511 582 1552 eo
597 1489 761 1552 vocabulo
776 1490 1000 1553 declararetur
1014 1493 1114 1555 corda
1137 1505 1258 1570 nostra,
1271 1516 1331 1576 qua

247 1592 862 1678 superbiaobduruerunt‚poenitentiae
873 1594 903 1655 vi
914 1596 1333 1677 contundiatqueconteri’'.

248 1701 397 1762 Vocatur
412 1698 513 1758 etiam
529 1695 634 1758 cordis
647 1696 851 1776 compununt,
866 1697 945 1778 quia
960 1673 1247 1779 duemadmodum
1263 1701 1333 1764 ferro

247 1802 377 1866 tumida
400 1800 509 1862 ulcera
532 1809 704 1876 secantur;
732 1800 778 1861 ita
802 1799 911 1875 corda,
930 1801 1024 1882 quasi
1048 1801 1208 1884 scalpello
1229 1805 1334 1867 contri·

247 1902 347 1965 tionis
377 1899 541 1974 adhibit0‚
568 1899 770 1972 inciduntur,
797 1909 833 1961 ut
864 1902 991 1980 peccati
1024 1901 1231 1966 mortiferum
1261 1907 1334 1966 vims

247 2013 372 2087 queant
398 2003 535 2078 elicere;
569 2021 671 2083 quare
698 2010 732 2063 et
757 2002 867 2063 scissio
891 2003 996 2065 cordr's
1022 2025 1041 2066 a
1067 2006 1161 2086 Joele
1189 2008 1335 2090 propheti

247 2107 414 2190 appellata
430 2117 478 2169 est
496 2129 502 2167 :
530 2109 545 2134 ‘⁴
557 2104 798 2168 Convertimini
815 2105 857 2166 ad
875 2125 928 2168 me
945 2107 977 2167 in
994 2108 1185 2171 totocorde
1200 2121 1331 2172 vestm.¹

247 2221 280 2274 et
295 2209 430 2273 scindite
446 2208 546 2270 corda
561 2217 671 2268 vestra
682 2207 698 2231 ”
708 2217 728 2267 ².

291 2328 339 2395 51.
386 2315 447 2394 (B)
471 2312 591 2394 Quoad
617 2330 693 2385 rem,
717 2330 736 2370 a
765 2309 954 2372 Tridentino
976 2309 1183 2376 definiturs:
1219 2313 1335 2375 “aninu'

247 2417 338 2478 dolor
351 2438 389 2478 ac
402 2415 569 2477 detestatio
583 2415 622 2476 dc
630 2424 756 2494 peccato
771 2413 936 2475 conamisso
950 2435 1022 2475 cum
1031 2415 1197 2496 proposito
1209 2439 1268 2479 non
1276 2427 1333 2497 pcr-

248 2519 345 2582 candi
358 2519 397 2580 de
411 2528 508 2580 cetero
518 2518 543 2580 '’.
596 2517 726 2580 Dicitur
742 2517 792 2596 (a)
808 2516 916 2578 animi
935 2517 1034 2594 dolor,
1050 2538 1107 2580 seu
1132 2518 1275 2593 afflietio,
1288 2521 1332 2581 tri·

250 2623 348 2696 stitia,
365 2621 453 2684 intus
477 2621 625 2683 animum
650 2640 777 2702 angens
793 2629 827 2681 et
842 2620 991 2682 crucians
1008 2642 1014 2695 ;
1040 2641 1144 2701 quum
1162 2624 1250 2685 enim
1272 2643 1332 2704 pec·

250 2735 360 2788 catum
388 2725 430 2785 sit
456 2743 624 2787 summum
653 2723 777 2785 malum
806 2721 942 2798 morale,
969 2733 1125 2803 peccator
1150 2726 1274 2788 sincere
1300 2723 1331 2786 ad

250 2830 360 2891 Deum
378 2836 553 2903 revertens,
569 2827 611 2888 de
627 2824 756 2889 delictis
773 2847 792 2888 a
808 2845 843 2886 se
859 2826 1044 2887 commissis
1060 2847 1127 2888 non
1149 2838 1261 2908 potest
1280 2847 1331 2889 non

248 2931 380 2995 tristari.
426 2931 511 3011 Quae
527 2929 662 3011 quidem
680 2929 823 3002 tristitia,
840 2928 915 2991 licet
931 2929 1089 3009 primario
1106 2930 1242 3004 interna,
1258 2950 1330 2992 com.

249 3035 393 3096 muniter
408 3033 555 3096 exterius
572 3030 803 3094 manifestatur
818 3051 825 3105 ;
853 3049 912 3092 nec
935 3039 1046 3092 tamen
1069 3031 1226 3112 lacrymae
1244 3033 1332 3094 aliare

249 3136 399 3198 moeroris
422 3135 517 3215 signa
540 3133 730 3214 hujusmodi
756 3132 973 3212 requiruntur,
989 3152 1091 3213 quum
1108 3133 1262 3198 voluntas
1280 3133 1331 3194 sin·

248 3259 321 3301 cere
333 3239 445 3300 dolere
457 3238 575 3312 valeat,
585 3239 664 3318 quin
682 3237 761 3298 talia
777 3237 872 3316 signa
888 3234 1110 3297 exhibeantur
1124 3259 1130 3312 ;
1152 3237 1203 3316 (b)
1215 3238 1330 3298 detesta-

248 3343 292 3404 tio
314 3341 353 3402 de
368 3351 494 3421 peccato
516 3342 690 3415 contraisse,
713 3341 732 3402 i.
755 3361 780 3402 e.
805 3339 918 3401 odium
944 3340 1079 3419 peccati,
1097 3340 1277 3420 procedens
1296 3357 1330 3398 ex

249 3445 439 3524 cognitione
455 3444 525 3523 ejus
543 3443 679 3504 malitiae
696 3442 924 3524 malorumque
937 3442 1329 3526 eiiedtuum,conjundlum

248 3531 323 3611 cum
341 3543 575 3608 retraftatione
591 3565 701 3626 pravae
718 3548 907 3619 voluntatis,
924 3549 969 3609 ita
993 3556 1029 3610 ut
1053 3559 1209 3629 peccator
1223 3549 1330 3609 sincere
1356 3531 1357 3536 ἵ

248 3650 362 3710 dicat:
401 3649 426 3709 si
460 3667 590 3728 possem
622 3649 664 3708 de
695 3667 782 3710 novo
809 3669 915 3730 agere,
943 3649 1059 3712 vellem
1089 3669 1154 3712 non
1184 3655 1329 3732 peccasse

249 3750 354 3812 Dolor
366 3759 399 3812 et
414 3752 593 3814 detestatio
610 3751 656 3812 ita
672 3750 915 3816 connedluntur
927 3763 964 3816 ut
979 3754 1035 3834 qui
1051 3774 1147 3816 suum
1164 3757 1330 3817 detestatur

249 3863 422 3932 peccatum
438 3854 481 3915 de
496 3873 537 3915 eo
551 3855 674 3928 doleat,
690 3865 723 3916 et
746 3856 801 3935 qui
823 3857 865 3917 dc
884 3877 924 3918 eo
942 3857 1034 3920 dolet
1058 3856 1139 3919 illud
1162 3854 1329 3919 necessario

284 4017 293 4047 ¹
307 4013 336 4063 S.
352 4012 447 4064 Tironi.
463 4015 607 4080 Supplem.
621 4031 648 4082 q.
668 4017 689 4069 1.
702 4033 727 4068 a.
747 4031 771 4078 1;
792 4017 909 4079 Snnree,
925 4017 997 4085 disp.
1017 4018 1056 4069 IV
1062 4037 1068 4081 3
1089 4017 1255 4070 Salrrmntic.
1268 4017 1325 4082 disp,

250 4096 319 4157 v11;
340 4095 542 4163 Bellornn'nns,
556 4100 571 4152 l.
591 4101 627 4164 11,
642 4117 664 4152 c.
679 4116 707 4165 4:
727 4101 849 4168 Dronin,
863 4121 888 4172 q.
908 4105 990 4168 1V,c.
1010 4119 1037 4168 1;
1058 4105 1196 4170 Biltnarr,
1210 4106 1273 4159 diss
1290 4101 1327 4155 tl'.

249 4197 274 4232 n.
293 4193 317 4242 ¹3
335 4181 368 4231 de
380 4181 561 4247 Arrgusn’nis,
575 4201 601 4252 p.
622 4187 642 4250 l,
656 4203 681 4238 a.
698 4207 725 4255 4;
746 4189 892 4252 Pnlnn'ern',
906 4191 944 4243 th.
959 4205 1003 4256 203
1023 4192 1128 4260 Eggn,
1139 4208 1166 4244 n.
1182 4191 1233 4260 568
1244 4207 1275 4259 sq

286 4265 375 4326 tloel,
392 4267 429 4326 ΙΙ,
449 4283 487 4318 12.
505 4255 560 4306 -'³
574 4271 649 4324 Sess.
667 4274 746 4334 ΧΙΧ,
763 4291 822 4339 cap.
839 4291 864 4340 4.
