2770 4646
275 178 331 228 DE
351 177 740 228 SACRAMENTORUM
760 176 898 227 CAUSA
1081 175 1137 225 211

47 354 239 432 contractus
254 360 402 439 sequitur
423 359 510 440 leges
532 356 730 433 contractus,
746 369 779 420 ct
797 359 885 421 valet
906 377 980 420 cum
1000 376 1137 438 suspen·

47 458 114 517 siva
129 461 312 523 conditione
326 462 439 524 statim
455 481 493 522 ac
509 462 656 524 conditio
672 461 877 542 adimpletur.

88 559 145 622 Ad
166 562 342 626 liceitatem
365 562 454 645 quod
478 561 615 645 spet'tat,
630 562 854 626 conditionem
878 580 1046 643 apponere
1069 581 1136 623 non

48 659 121 723 licet
142 664 211 725 sine
232 665 324 746 gravi
350 669 448 726 causa
462 687 469 741 ;
498 686 571 727 eam
599 665 706 728 verbis
732 669 918 748 exprimere
944 664 1137 747 plerumque

47 769 204 844 convenit,
228 769 295 831 imo
319 771 351 831 in
377 767 544 831 nonnullis
566 769 696 830 casibus
718 789 738 830 a
760 768 885 831 Rituali
908 767 1137 850 praescribitur,

47 877 81 928 ut
95 880 280 950 exponetur
294 871 350 934 ubi
365 872 408 934 de
423 870 560 952 singulis
576 872 798 933 sacramentis.

85 1017 149 1066 roa.
195 1007 292 1065 Thesis
301 1015 334 1080 ψ’
346 1038 357 1071 .·
372 1006 528 1070 Intentio
543 1004 650 1069 debet:
663 1022 746 1069 esse
761 1004 999 1068 determinata
1009 1002 1055 1067 ad
1066 1019 1137 1067 cer-

46 1103 117 1162 tam
133 1119 332 1180 personam,
347 1103 404 1166 vet
418 1102 464 1166 ad
478 1107 613 1166 certam
629 1103 825 1166 materiam.
872 1103 1007 1167 Certum
1023 1112 1081 1164 est.

87 1202 302 1270 Sacramenta
317 1208 406 1268 enim
423 1225 489 1268 non
505 1203 722 1268 conficiuntur
740 1207 772 1268 in
791 1226 920 1287 genere,
935 1207 993 1268 sed
1010 1206 1043 1267 in
1059 1225 1136 1268 con-

46 1317 148 1384 creto;
163 1311 255 1392 atqui
267 1309 384 1372 confici
397 1319 566 1390 nequeunt
578 1309 611 1370 in
623 1318 777 1372 concreto
790 1310 852 1372 nisi
865 1309 1004 1373 intentio
1016 1309 1138 1372 habea·
1221 1315 1227 1338 ¹

47 1419 97 1470 tur
118 1415 333 1477 consecrandi
356 1412 456 1476 talem
480 1414 652 1476 materiam
674 1414 706 1476 in
728 1414 926 1494 particulari,
948 1422 1006 1476 aut
1028 1411 1139 1493 baptis

47 1515 139 1576 randi
164 1516 266 1579 talem
292 1535 488 1598 personam;
511 1535 599 1597 ergo
644 1516 774 1580 Sufficit
797 1526 908 1579 autem
933 1526 970 1579 ut
995 1515 1137 1578 intentio

48 1615 200 1696 dirigatur
219 1621 262 1683 ad
286 1639 460 1701 personam
483 1627 691 1700 praesentem,
706 1639 924 1701 quaecumque
939 1620 989 1682 sit.
1036 1619 1137 1683 Unde

47 1718 153 1782 valida
178 1733 229 1786 est
255 1724 420 1787 absolutio
446 1725 493 1786 sic
518 1723 622 1786 data:
651 1724 753 1804 “Ego
780 1724 916 1787 absolvo
941 1743 1057 1786 omnes
1084 1722 1136 1784 hic

49 1829 168 1886 stantes
178 1825 204 1900 ’',
226 1828 284 1889 sed
303 1827 448 1890 invalida
470 1836 521 1891 est
543 1825 633 1888 haec:
664 1830 755 1908 “ego
778 1827 915 1890 absolvo
934 1836 1002 1889 tres
1018 1846 1062 1888 ex
1083 1823 1137 1887 hic

49 1927 208 1989 stantibus
216 1929 243 1990 ’'.

90 2027 303 2093 Corollarium
320 2055 332 2094 .·
362 2032 398 2097 Si
422 2033 571 2095 minister
595 2034 678 2096 duas
705 2033 905 2096 intentiones
927 2032 1049 2096 habeat
1074 2032 1136 2093 sibi

49 2127 181 2195 invicem
197 2136 451 2210 contrarias,illa
465 2137 669 2199 attendenda
685 2147 736 2200 est
750 2157 835 2218 quae,
845 2135 997 2200 omnibus
1009 2133 1137 2216 specta·

50 2232 87 2292 tis
107 2235 371 2312 circumstantiis,
394 2239 582 2320 principalis
604 2249 655 2301 est
675 2248 709 2301 et
731 2239 996 2320 praedominans;
1019 2257 1048 2325 y.
1063 2255 1093 2318 g.
1110 2237 1136 2298 si

48 2336 116 2414 quis
130 2339 264 2413 diceret,
280 2340 382 2403 “volo
397 2340 531 2422 quidem
553 2342 729 2423 baptizare,
745 2341 802 2403 sed
822 2339 899 2403 nolo
921 2339 1027 2403 iacere
1046 2340 1137 2421 quod

50 2435 192 2503 Ecclesia
206 2443 360 2506 Romana
377 2441 454 2508 iacit
464 2445 488 2521 ’',
501 2446 643 2528 supponi
656 2455 766 2527 potest
778 2445 968 2528 baptizandi
981 2441 1137 2507 intentio-

48 2559 118 2604 nem
141 2563 213 2606 esse
240 2547 486 2626 praevalentem,
508 2549 711 2630 proindeque
737 2548 941 2629 baptismum
964 2567 1036 2610 esse
1058 2546 1137 2610 vali-

48 2644 140 2724 dam;
164 2667 259 2710 secus
275 2669 361 2726 ver0,
376 2651 404 2712 si
419 2653 582 2714 contraria
599 2651 739 2714 intentio
755 2661 845 2714 certo
860 2651 1062 2732 praevaleret.

392 2801 463 2858 111.
488 2801 542 2859 De
565 2801 789 2860 attentione.

87 2949 156 3016 103.
196 2937 352 3001 Attentio
366 2949 417 3002 est
431 2939 617 3004 voluntaria
632 2939 811 3021 applicatio
826 2940 945 3002 mentis
958 2940 999 3001 ad
1012 2959 1138 3020 eaquae

49 3049 252 3122 peraguntur.
287 3041 424 3123 Duplex
437 3053 507 3104 est:
528 3055 560 3104 10
571 3042 708 3116 interna,
720 3063 764 3104 sc.
775 3063 814 3107 ea
826 3062 901 3125 quae
915 3041 972 3104 suit
981 3041 1138 3119 definita;

50 3153 80 3199 20
93 3153 232 3220 externa,
247 3165 291 3207 sc.
306 3165 346 3208 ea
364 3165 438 3226 quae
459 3145 607 3208 excludit
626 3166 760 3208 onmem
779 3155 953 3209 externam
972 3142 1137 3208 actionem

49 3263 115 3308 cum
131 3250 319 3311 attentione
335 3251 464 3311 interna
478 3250 616 3330 physice
633 3249 879 3330 impossibilem.

88 3348 136 3412 Ad
153 3349 358 3412 valtiiitatem
373 3352 569 3413 sacramenti
587 3371 652 3412 non
670 3352 843 3431 requiritur
858 3351 1009 3432 attentio,
1022 3351 1083 3412 nisi
1100 3371 1138 3414 ea

50 3469 114 3528 quae
129 3451 252 3514 sufficit
268 3462 305 3514 ut
321 3453 457 3515 materia
473 3463 506 3515 et
523 3453 627 3514 forma
640 3453 752 3514 debite
764 3463 937 3534 ponantur.
976 3453 1076 3528 Ratio
1089 3463 1139 3515 est

50 3556 118 3632 quia
138 3556 282 3619 attentio
300 3553 437 3620 actualis
459 3578 524 3619 non
547 3557 719 3638 requiritur
740 3557 781 3618 ad
806 3553 917 3618 aetum
934 3574 1008 3619 vere
1024 3554 1138 3616 huma-

50 3675 128 3722 num.
182 3660 375 3741 Requiritur
397 3647 509 3722 tamen
529 3661 570 3722 ad
593 3659 770 3734 licer'ratem,
786 3669 819 3720 et
835 3657 944 3719 omnis
958 3653 1139 3731 distractio

51 3760 222 3825 voluntaria
240 3763 271 3825 in
288 3783 323 3824 se
339 3773 396 3825 aut
412 3763 444 3825 in
461 3767 568 3836 causa,
585 3764 618 3825 in
641 3760 848 3824 confectione
867 3759 1074 3835 sacramenti,
1089 3770 1139 3821 est

51 3877 214 3939 peccatum
234 3865 368 3941 veniale,
383 3875 417 3927 et
437 3864 570 3945 quidem
588 3865 694 3946 majus
711 3883 811 3944 quam
827 3857 997 3924 distractio
1013 3860 1045 3924 in
1062 3863 1139 3923 sim-

52 3965 117 4042 plici
143 3969 317 4046 oratione;
344 3969 420 4042 im0,
443 3968 543 4048 juxta
569 3967 824 4048 probabiliorem
853 3965 1061 4039 sententiam,
1089 3976 1139 4025 est

52 4083 213 4147 peccatum
233 4071 372 4134 mortale
395 4072 427 4133 in
452 4073 524 4153 ipsa
547 4071 793 4132 consecratione
811 4067 1037 4143 Eucharistiae,
1053 4068 1080 4128 si
1096 4068 1139 4128 sit

53 4176 176 4238 omnino
205 4173 398 4248 deliberata,
424 4183 559 4255 propter
588 4173 765 4255 specialem
797 4171 1013 4235 reverentiam
1045 4179 1139 4232 tanto

54 4288 248 4342 sacramento
275 4277 432 4348 debitam.
480 4279 626 4358 insuper,
648 4277 746 4356 juxta
769 4297 894 4351 omnes,
917 4275 944 4336 si
968 4271 1140 4336 distractio
