2808 4664
354 128 409 178 DE
428 128 510 178 DEO
527 129 900 180 REMUNERATORE.
1114 131 1177 181 727

110 305 174 363 Hic
188 316 286 364 autern
301 306 453 378 inquirunt
467 307 596 380 theologi
611 307 766 380 quomodo
780 307 880 365 lumen
899 306 1000 378 gloriae
1018 315 1047 364 et
1066 305 1174 364 intelle·

78 394 143 450 dius
169 399 347 452 concurra'rit
371 396 410 453 ad
436 396 578 454 visionem
608 394 784 454 beatificam.
824 396 865 466 (a)
889 395 977 469 Juxta
1006 393 1175 464 Tlromistas,

77 483 180 540 lumen
194 481 294 553 glorire
307 493 336 540 et
350 483 517 541 intelledius
537 483 631 540 adiive
649 496 828 540 concurrunt
846 493 878 540 ut
892 483 957 539 duce
968 500 1058 539 carisa
1071 483 1176 553 totalcs,

77 570 134 626 sub
148 568 267 626 diverso
280 579 378 628 tamen
398 571 535 642 respectu
549 591 556 626 ε
576 569 676 627 lumen
696 569 796 642 gloriae
810 581 841 627 ut
855 569 951 627 totalis
965 570 1038 627 ratio
1051 569 1179 627 formalis

78 656 216 727 proxima
234 659 293 729 qua
311 657 477 715 intelledius
496 659 626 716 elevatur
645 667 674 715 et
693 657 933 730 proportionatur
951 656 1030 716 actui
1048 656 1181 728 visionis;

77 743 249 802 intellectus
267 754 366 802 autem
384 755 416 802 ut
435 746 614 818 principium
628 743 749 802 eliciens
761 743 914 802 visionem.
954 745 995 813 (b)
1008 744 1096 816 Juxta
1109 744 1180 802 theo·

76 831 156 902 logos
166 830 312 902 societatis,
326 850 361 890 ex
375 832 526 890 intellectu
546 844 575 890 et
594 832 706 890 lumine
719 831 820 903 gloriae
833 831 948 888 terricum
953 830 998 903 fit
1003 831 1181 904 principium

71 917 245 988 proximum
259 918 387 988 visionis,
402 918 441 975 ita
455 929 486 976 ut
501 919 667 977 intelledlus
685 920 765 976 solus
782 918 827 977 vel
845 919 946 976 lumen
960 916 1056 976 s'olum
1071 918 1181 978 nonsit

78 1004 135 1060 nisi
150 1003 327 1075 principium
342 1004 562 1076 inadaequaturn
576 1015 606 1063 et
620 1006 742 1079 partiale
756 1006 875 1065 visionis
890 1006 1042 1065 beatificae.

115 1090 185 1147 Alia
198 1091 304 1162 pariter
316 1091 444 1162 exsurgit
458 1092 594 1163 quaestio,
610 1093 746 1150 videlicet
767 1103 864 1150 utrum
877 1093 977 1150 divina
990 1093 1117 1152 essentia
1130 1111 1182 1166 per

77 1178 211 1249 aliquam
224 1177 448 1235 similitudinem
463 1177 507 1236 vel
521 1179 653 1251 speciem
667 1179 809 1237 videatur.
846 1180 963 1252 Duplex
975 1181 1089 1252 species
1100 1179 1181 1238 intel-

78 1263 201 1336 ligibilis
221 1263 419 1335 distinguitur,
431 1266 569 1337 impressa
589 1277 617 1323 et
635 1275 788 1338 expressa:
806 1267 885 1339 prior
897 1285 932 1324 ea
944 1278 989 1324 est
1002 1267 1100 1338 imago
1116 1284 1183 1338 quae

77 1351 119 1410 ab
134 1351 200 1423 ipso
213 1349 333 1422 objedto
347 1351 376 1407 in
390 1351 539 1410 intelletlu
554 1353 740 1426 imprimitur,
757 1363 847 1426 atque
866 1371 934 1412 eum
954 1353 1130 1412 determinat
1144 1355 1181 1412 ad

78 1440 263 1498 eliciendum
279 1440 486 1498 intellectionis
504 1441 621 1512 adinum
640 1442 784 1515 posterior
797 1452 841 1500 est
856 1441 996 1500 terminus
1010 1440 1182 1499 intelledlio-

79 1530 136 1598 niS,
153 1548 205 1587 seu
226 1528 388 1588 similitudo
407 1530 447 1587 rei
469 1529 625 1588 intelleeiae
647 1530 792 1603 produdia
810 1530 849 1588 ab
869 1531 934 1602 ipso
954 1529 1112 1600 intelletiu,
1131 1547 1182 1602 per

79 1636 174 1690 quam
188 1617 242 1676 sibi
256 1618 392 1690 exprimit
412 1636 473 1676 rem
493 1637 582 1690 quam
602 1619 747 1690 intelligit.
788 1619 905 1692 Quibus
925 1617 1036 1691 positis,
1050 1621 1091 1690 (ι)
1103 1636 1183 1675 corn·

80 1705 214 1762 munirer
227 1715 351 1774 tenetur,
366 1723 434 1761 curn
449 1705 477 1761 S.
494 1705 620 1772 Thoma,
634 1705 777 1763 visionem
797 1705 962 1763 intuitivam
977 1705 1032 1762 Dei
1048 1722 1108 1762 non
1122 1704 1183 1762 fieri

80 1811 136 1864 per
149 1791 261 1863 speciem
276 1792 440 1862 inpressam
454 1799 587 1848 creatam.
627 1791 705 1849 Nam
725 1792 847 1864 quando
865 1792 1018 1862 obiedium
1032 1803 1075 1848 est
1090 1809 1142 1863 per
1153 1809 1185 1849 se

80 1877 277 1950 intelligibile,
294 1889 322 1936 et
336 1879 591 1950 proportionatum
611 1878 781 1946 intellediui,
794 1897 829 1936 ac
849 1879 969 1938 tandem
987 1878 1101 1935 unitum
1115 1896 1184 1936 cum

81 1969 159 2040 ipso,
176 1985 235 2024 non
256 1966 368 2037 indiget
387 1968 486 2038 specie
506 1966 646 2039 impressa
664 1985 681 2024 a
700 1985 731 2024 se
750 1966 902 2036 distindtri,
914 1965 968 2023 sed
986 1967 1184 2038 perseipsum

81 2053 248 2113 intelleeiui
276 2053 375 2110 unitur
400 2071 529 2125 eumque
557 2053 596 2111 ad
627 2053 853 2125 intelligendum
878 2054 1074 2126 determinat;
1104 2057 1186 2124 atqui

80 2141 214 2202 essentia
236 2141 335 2198 divina
356 2151 400 2197 est
421 2158 559 2212 supreme
581 2140 781 2212 intelligibilis,
799 2151 837 2210 et,
859 2158 917 2212 ope
936 2140 1054 2198 luminis
1079 2141 1186 2212 gloriae,

82 2228 249 2287 intellectui
277 2228 434 2284 Beatorum
460 2228 696 2300 proportionatur
721 2229 809 2300 eique
834 2227 937 2285 intime
963 2227 1079 2295 unitur;
1104 2245 1182 2298 ergo

81 2321 128 2388 (b)
143 2317 211 2374 lmo
228 2315 380 2372 Tlrorur'stce
396 2315 504 2372 docent
525 2333 585 2372 non
604 2317 665 2374 dari
686 2316 715 2372 in
735 2316 847 2374 visione
867 2315 1004 2374 beatifica
1016 2315 1128 2387 specr'em
1140 2333 1186 2371 ex-

76 2415 214 2477 pressam
227 2408 361 2469 creatum,
373 2401 412 2458 ab
432 2401 495 2472 ipsa
513 2401 627 2459 visione
644 2402 821 2460 distindtmn.
862 2401 911 2460 Ad
931 2402 988 2460 hoc
1004 2401 1083 2460 eninr
1102 2402 1188 2460 datur

80 2490 202 2563 species
215 2506 351 2560 expressa
365 2499 396 2545 ut
410 2489 438 2544 in
455 2487 504 2545 itta
522 2489 700 2560 intelligatur
718 2489 871 2560 objectum
884 2489 966 2562 quod
981 2506 1041 2546 non
1055 2499 1099 2547 est
1112 2507 1187 2547 sern-

82 2596 139 2650 per
153 2593 281 2648 praesens
295 2574 457 2632 intellectui
472 2575 500 2631 in
516 2575 628 2632 ratione
641 2576 753 2646 cogniti
765 2596 772 2645 ;
791 2577 871 2648 atqui
893 2576 994 2633 divina
1006 2575 1133 2634 essentia
1147 2575 1187 2632 in-

81 2665 256 2724 desinenter
278 2662 438 2719 intellediui
460 2662 547 2719 beato
568 2663 675 2726 unitur,
697 2672 726 2720 et
745 2663 866 2734 quidem
886 2665 915 2720 in
934 2664 1047 2721 ratione
1066 2663 1185 2732 cogniti.

82 2749 274 2812 Contradicit
284 2759 383 2806 tamen
393 2749 510 2818 Suarez,
524 2750 593 2820 quia
604 2749 743 2820 quaelibet
754 2749 831 2806 actio
841 2749 1020 2807 intellectiva
1030 2751 1187 2806 terminum

83 2840 198 2898 habere
216 2837 324 2896 debet:
348 2837 513 2894 bisantem
534 2839 676 2894 terminus
695 2849 738 2895 est
756 2838 853 2909 species
872 2847 1012 2910 expressa.
1054 2837 1189 2908 Respon-

82 2931 161 2988 dent
174 2925 339 2983 Thomistae
357 2924 505 2982 atilionem
527 2926 740 2984 immanentem
759 2944 819 2982 non
840 2927 1005 2983 necessario
1025 2924 1189 2996 producere

83 3015 258 3078 terminum,
274 3011 327 3070 sed
340 3012 530 3071 solummodo
549 3030 718 3085 supponere
737 3012 859 3085 aliquod
878 3011 1030 3083 objectum
1051 3011 1088 3069 ad
1107 3013 1188 3084 quod

83 3101 192 3162 tendat
211 3111 240 3158 et
260 3100 289 3157 in
308 3117 369 3170 quo
388 3099 476 3156 sistat.
516 3100 706 3158 Concludunt
726 3099 814 3171 igitur
832 3099 989 3156 essentiam
1009 3098 1138 3157 divinam
1159 3098 1188 3154 in

84 3189 203 3248 visione
217 3187 303 3245 beata
316 3203 417 3258 gerere
430 3187 507 3245 vices
526 3187 636 3259 speciei
656 3187 805 3259 impressae
824 3196 852 3244 et
871 3203 1023 3258 expressae,
1041 3185 1190 3258 impressae

84 3277 213 3351 quidem
228 3273 409 3346 simpliciter,
421 3292 565 3347 expressae
578 3285 677 3332 autern
692 3274 856 3332 secundnm
871 3273 944 3346 quid
957 3285 986 3331 et
999 3273 1190 3344 incomplete;

84 3364 229 3424 videlicet
250 3361 363 3435 species
382 3379 518 3434 expressa
537 3363 598 3420 duo
618 3362 747 3432 involvit,
764 3361 876 3419 scilicet
895 3360 977 3432 quod
993 3360 1029 3418 sit
1043 3359 1191 3417 intelledia

44 3505 47 3508 .
83 3453 159 3513 acin
172 3462 201 3510 et
214 3450 252 3508 ab
265 3449 323 3506 alio
337 3467 492 3523 expressa;
510 3452 642 3522 jamvero
659 3450 787 3507 essentia
801 3448 901 3505 divina
914 3447 1013 3504 unitur
1027 3444 1188 3504 intelledtui

86 3542 181 3600 beato
197 3548 228 3596 ut
248 3534 396 3594 intellecta
409 3532 487 3601 actu,
500 3531 552 3590 sed
573 3549 633 3589 uon
652 3541 684 3589 ut
703 3529 741 3588 ab
761 3531 826 3605 ipso
845 3552 990 3606 expressa,
1005 3532 1191 3605 proindeque

84 3630 170 3686 vices
183 3624 256 3698 gerit
269 3622 378 3695 speciei
392 3637 538 3693 expressae
552 3637 612 3676 non
626 3620 784 3691 complete,
800 3621 852 3678 sed
867 3622 1031 3680 secundum
1045 3620 1144 3695 quid¹.

133 3753 183 3830 56.
224 3764 259 3813 20
276 3749 329 3811 De
345 3744 548 3810 existentia.
593 3744 665 3805 Hac
678 3745 719 3807 de
733 3767 765 3808 re
778 3756 970 3808 erraverunt
982 3747 1032 3827 (a)
1046 3745 1195 3808 Anomoei

85 3859 178 3940 (saec.
197 3856 271 3935 IV),
290 3863 322 3916 et
345 3851 512 3935 Beguardi
531 3859 562 3911 et
581 3847 737 3928 Begniuoe
756 3847 843 3928 (saec.
862 3847 971 3928 XIV),
993 3847 1049 3927 qui
1073 3848 1191 3909 docue-

87 3971 168 4024 runt
196 3959 303 4020 Deum
329 3956 372 4018 ab
399 3952 568 4017 intelleetu
600 3962 711 4014 creato
739 3952 932 4014 naturaliter
958 3951 1061 4014 videri
1087 3971 1193 4032 posse,

87 4066 217 4149 priores
230 4064 261 4123 in
276 4059 429 4142 praesenti
443 4058 520 4131 vita,
531 4057 728 4138 posteriores
742 4056 773 4116 in
787 4054 890 4117 altera
901 4055 977 4116 vita.
1019 4053 1191 4136 Quosjam

322 4201 355 4205 ..-
409 4199 477 4204 ---
493 4197 553 4202 —
582 4193 810 4201 --—-..—--——
830 4193 905 4198 .-.---
921 4193 992 4198 ..μ-..-
1049 4193 1125 4198 ,-

126 4286 135 4317 r
150 4267 205 4322 Cir.
221 4267 250 4320 S.
271 4263 366 4317 Thoan.
386 4264 406 4331 l,
423 4279 449 4332 q.
471 4277 512 4326 123
530 4258 667 4328 Bellum,
683 4261 727 4316 De
742 4261 804 4315 Deo
818 4259 884 4313 diss.
901 4259 992 4323 1v‚a.
1010 4272 1033 4324 7.
