2808 4664
337 171 392 220 DE
413 173 494 222 DEO
513 173 884 224 REMUNERATORE'.
1106 173 1159 222 711

59 358 91 408 et
119 348 216 411 realis
243 350 294 412 vel
322 350 429 414 solum
456 353 708 436 metaphoricus.
754 353 804 436 (a)
828 355 984 437 Jamvero
1010 353 1161 416 doctrina

58 452 246 514 communis
275 455 407 517 Patrum
432 465 466 518 et
488 455 736 538 Theologorum
763 467 814 520 est
837 459 948 538 ignem
973 457 1064 520 illum
1088 477 1160 520 esse

58 554 185 616 realem.
231 561 247 586 “
262 555 357 618 Certa
369 567 401 619 et
414 558 567 620 catholica
579 561 744 622 sententia
755 569 814 636 est,
825 561 871 622 ait
884 561 912 623 S
913 572 1039 635 uareffl,
1048 560 1158 640 ignem

57 657 114 734 qui
132 667 266 736 paratus
282 669 334 720 est
349 660 483 723 diabolo
500 671 533 723 et
549 661 675 743 angelis
696 661 776 742 ejus,
792 673 828 724 ut
844 664 876 723 in
894 662 951 724 illo
968 662 1160 736 crucientur,

56 779 172 822 verum
189 779 227 822 ac
244 763 414 843 proprium
431 764 543 845 ignem
560 785 754 847 corporeum
772 786 844 828 esse
856 766 879 829 ’'.
926 767 1069 828 Perronc
1086 782 1159 828 eam

55 859 242 925 doctrinam
259 875 294 927 ut
310 875 434 928 certam
452 867 561 943 habet,
577 869 623 930 ita
644 878 681 930 ut
701 869 732 930 in
755 870 892 931 dubium
909 870 1041 949 ¹absque
1057 877 1159 930 teme-

55 965 155 1027 ritate
177 969 285 1028 vocari
308 978 451 1049 nequeat
467 969 512 1050 (n.
529 971 614 1050 730).
661 971 791 1033 Hurter
807 991 881 1034 eam
903 979 1001 1033 vocat
1021 991 1159 1032 commu-

55 1087 130 1129 nem
153 1069 364 1145 sententiam,
382 1091 402 1132 a
425 1076 490 1152 qua
517 1075 728 1136 temerarium
752 1083 840 1136 esset
862 1073 1021 1136 recedere.
1070 1072 1159 1135 Hinc

54 1189 161 1250 quum
178 1173 331 1235 sacerdos
350 1173 558 1236 Mantuensis
575 1176 789 1256 postulaverit
805 1179 974 1257 quomodo
990 1177 1158 1257 agendum

53 1275 97 1335 sit
122 1294 197 1336 cum
222 1277 461 1357 poenitentibus
484 1279 539 1358 qui
563 1289 699 1340 censent
722 1280 833 1360 ignem
858 1280 973 1342 inferni
997 1299 1064 1340 non
1087 1299 1159 1342 esse

53 1378 178 1440 realem
203 1381 259 1442 sed
285 1381 557 1461 metaphoricum,
574 1382 608 1444 S.
627 1381 886 1458 Poenitentz'nria,
904 1400 943 1462 30
959 1382 1045 1463 'Ape
1068 1385 1158 1463 1890,

52 1481 227 1561 respondit
242 1481 432 1561 hujusmodi
450 1487 650 1564 poenitentes
666 1485 842 1566 diligenter
853 1505 925 1548 esse
938 1485 1158 1559 instruendos,

52 1593 86 1644 et
113 1583 298 1665 pertinaces
322 1605 387 1647 non
411 1607 483 1648 esse
509 1587 729 1649 absolvendos
743 1609 750 1665 ;
776 1608 851 1668 quae
875 1588 1010 1668 quidem
1034 1588 1158 1650 decisio

52 1684 248 1749 doctrinalis
267 1708 333 1750 non
358 1699 416 1765 est,
438 1691 495 1751 scd
518 1700 727 1752 tamencum
750 1692 932 1753 reverentia
956 1692 1157 1772 accipienda·

52 1789 281 1854 Confirmatur
297 1792 432 1872 Script.,·
456 1814 533 1856 nam
550 1815 570 1856 a
585 1814 683 1856 sensu
704 1794 835 1856 litterali
854 1815 919 1856 non
936 1805 986 1857 est
1003 1796 1158 1857 receden-

51 1895 146 1970 dum,
161 1895 224 1956 nisi
240 1905 420 1958 contextus
445 1897 494 1958 vel
519 1898 603 1959 ratio
627 1897 785 1960 naturalis
802 1897 833 1958 id
851 1897 1042 1978 postulent;
1065 1898 1157 1978 atqui

50 1997 83 2057 in
103 1995 186 2058 locis
203 1998 257 2060 ubi
275 1999 384 2078 agitur
399 1999 442 2061 de
459 2000 534 2080 igne
551 1999 678 2075 inferni,
695 2008 875 2061 contextus
897 2000 1006 2061 sensui
1025 1999 1157 2063 litterali

50 2099 178 2160 nedum
202 2098 320 2174 obstet,
345 2099 436 2162 illum
461 2100 570 2180 potius
596 2101 742 2188 requirit,
766 2119 867 2180 quum
892 2101 924 2161 in
949 2100 1158 2162 unosaltem

50 2221 130 2263 casu
149 2220 216 2262 vox
234 2207 248 2233 “
262 2203 349 2283 ignis
360 2202 376 2227 ”
393 2204 425 2264 in
443 2205 607 2265 sententia
625 2203 774 2283 judiciali
791 2205 981 2284 reperiatur,
996 2224 1071 2284 quae
1087 2223 1157 2265 om-

49 2325 129 2367 nem
148 2305 377 2387 metaphoram
397 2327 530 2387 prorsus
551 2307 721 2384 excludit;
744 2306 878 2368 aliunde
902 2327 967 2369 non
993 2315 1156 2388 repugnat

48 2419 87 2471 ut
117 2409 210 2471 Deus
234 2428 343 2471 creare
370 2410 475 2490 possit
503 2411 624 2490 ignem,
651 2411 715 2490 qui,
741 2411 981 2490 supernaturali
1009 2410 1155 2492 quadam

48 2511 233 2573 accedente
248 2512 378 2586 virtute,
396 2512 599 2575 substantias
616 2510 802 2593 spirituales
819 2521 972 2594 torquere
989 2513 1100 2594 possit.
1152 2561 1154 2564 .

93 2619 144 2682 28.
191 2615 241 2694 (b)
273 2614 434 2677 Attamen
467 2616 616 2679 nonnulli
650 2618 772 2690 Patres
799 2625 836 2678 ut
868 2617 903 2679 S.
930 2617 1156 2690 Ambrosius2,

51 2716 336 2797 Theophylallush
352 2719 474 2799 aliique
491 2737 574 2798 quos
590 2716 672 2779 citat
689 2716 724 2779 S.
741 2715 963 2795 Hieronymus
972 2734 993 2792 ⁴,
1012 2717 1045 2779 S.
1053 2717 1154 2799 Joan-

47 2841 106 2882 nes
122 2819 280 2893 Damns.⁵,
297 2820 429 2901 insuper
452 2820 589 2902 quidam
610 2819 765 2900 theologi,
781 2829 817 2881 ut
836 2819 1044 2893 Comminus,
1059 2824 1153 2899 puta-

46 2933 127 2987 runt
144 2923 235 2986 illum
252 2925 364 3007 ignem
389 2945 460 2986 esse
485 2922 757 3003 metaphoricum.
805 2921 861 2985 Sic
883 2924 972 2984 enim
992 2931 1154 3003 arguunt:

44 3047 140 3108 saepe
156 3028 277 3108 saepius
295 3028 474 3109 Scriptura,
490 3027 569 3089 dum
592 3025 833 3087 beatitudinem
854 3035 1013 3088 aeternam
1033 3026 1154 3088 descri-

43 3131 107 3203 bit,
124 3129 337 3209 metaphoras
359 3131 504 3204 adhibet,
525 3139 561 3192 ut
587 3129 703 3190 melius
726 3129 909 3211 intelligere
932 3131 1098 3212 possimus
1121 3131 1154 3192 in

42 3251 115 3313 quo
132 3233 293 3295 consistat
308 3252 378 3294 sors
395 3231 575 3294 electorum
591 3253 597 3308 ;
620 3251 699 3312 ergo
716 3232 803 3294 idem
824 3233 887 3295 dici
907 3243 1017 3314 potest
1041 3235 1082 3294 de
1106 3234 1154 3294 in-

42 3335 128 3398 ferni
146 3335 376 3416 descriptione,
393 3336 575 3416 praesertim
600 3355 701 3416 quum
724 3356 792 3398 vox
809 3335 1001 3416 rgnissaepe
1018 3337 1049 3397 in
1068 3335 1153 3399 Scri-

41 3441 146 3519 ptura
163 3437 387 3519 metaphorice
404 3448 587 3518 usurpetur.
629 3438 753 3500 lterum
770 3458 887 3500 omnes
901 3437 1045 3500 latentur
1056 3457 1151 3499 voca·

42 3541 163 3603 bulum
181 3544 196 3572 “
208 3542 353 3602 vcrmis¹¹
372 3540 599 3621 metaphorice
618 3541 846 3621 accipiendum
865 3561 937 3603 esse
954 3542 985 3602 in
1004 3541 1066 3602 hoc
1082 3562 1151 3602 ver-

42 3644 171 3706 siculo:
196 3645 357 3707 “Vermis
377 3665 490 3708 eorum
515 3665 580 3705 non
607 3645 753 3720 moritur,
769 3653 803 3707 et
827 3645 911 3725 ignis
935 3664 1000 3706 non
1026 3646 1152 3707 exstin-

41 3747 209 3830 guitur”;
236 3749 337 3829 atqui,
356 3749 386 3810 vi
408 3747 630 3828 parallelismi,
647 3747 734 3826 rgnis
752 3747 869 3809 eodem
892 3750 992 3810 modo
1012 3748 1151 3829 intelligi

41 3851 169 3929 debet;
197 3872 284 3933 ergo.
306 3890 348 3898 —
375 3852 593 3931 Respondent
618 3861 730 3914 tamen
756 3854 977 3915 communiter
1001 3851 1152 3917 auctores

80 4037 89 4060 ¹
105 4033 150 4085 De
164 4033 272 4100 Angel,
289 4032 306 4086 l.
323 4033 407 4101 Vlll‚
424 4050 448 4086 c.
468 4047 508 4094 12,
523 4049 549 4086 n.
564 4050 588 4101 9.

80 4115 90 4145 ²
106 4119 139 4172 ln
153 4115 236 4188 Luc,
252 4135 274 4173 c.
290 4135 315 4188 7,
329 4121 454 4189 205·206.
470 4121 528 4159 —³
544 4121 576 4172 ln
591 4122 691 4189 Marc,
707 4138 730 4175 c.
746 4137 771 4188 9.
785 4121 842 4161 —‘
857 4123 889 4176 ln
903 4125 959 4176 Isu.
976 4123 1076 4176 LXVl.

80 4205 91 4236 ⁵
105 4207 151 4259 De
166 4206 236 4260 Fide
250 4207 382 4271 Orthod.,
395 4207 411 4260 l.
426 4208 472 4274 lV,
488 4224 511 4260 c.
525 4221 566 4276 27.
597 4208 722 4275 Quorum
736 4208 898 4263 testimonia
911 4210 992 4263 refert
1007 4211 1151 4275 Petavrbs,

41 4311 89 4364 op.
106 4292 164 4359 cit,
177 4293 195 4345 l.
215 4295 270 4358 Ill,
284 4310 305 4347 c.
323 4307 344 4362 5.
