2794 4662
315 207 372 257 DE
391 207 473 258 ΠΕΟ
493 203 865 258 REMUNERATORE.
1072 197 1139 250 695

30 392 229 462 portaretur
249 385 292 447 ab
310 385 449 467 Angelis
474 385 505 446 in
530 385 638 447 sinum
659 384 827 461 Abrahae3
851 393 1000 446 mortuus
1016 389 1066 443 est
1082 400 1138 441 au-

30 497 106 547 tem
125 495 160 548 et
176 488 276 562 dives,
293 497 325 550 et
342 489 490 569 sepultus
506 500 557 550 est
579 489 611 549 in
636 487 763 550 inferno
774 488 811 530 ”1
829 509 836 562 ;
859 485 951 567 atqui
968 483 1139 545 mendicus

30 591 241 651 remunerari
264 601 297 653 et
317 590 410 652 dives
427 590 535 672 puniri
560 611 624 653 non
648 591 765 672 potuit,
781 590 842 652 nisi
867 589 956 671 prius
977 587 1138 667 judicium

32 692 266 755 intercesserit.
314 692 405 755 Addi
430 703 569 774 possunt
593 693 693 756 verba
717 694 750 757 S.
775 692 915 754 l‘auli2:
939 690 1138 770 ‘fStatutum

30 805 85 856 est
102 795 293 859 hominibus
310 797 410 859 semel
428 797 519 873 mori,
536 808 612 878 post
628 798 690 859 hoc
706 807 816 860 autem
831 796 991 876 judicium
1006 794 1043 868 '’;
1064 793 1140 854 licet

29 899 125 960 enim
145 920 164 961 a
181 899 348 962 nonnullis
364 901 406 962 de
422 909 575 963 extremo
588 901 714 980 judicio
738 899 973 980 intelligantur,
991 915 1138 957 commu-

30 1001 110 1062 nius
128 1001 336 1082 accipiuntur
351 1004 393 1065 de
410 1002 597 1083 particulari
608 1003 734 1083 judicio
746 1003 835 1082 quod
851 1010 990 1063 mortem
1004 997 1138 1079 excipit.

31 1104 86 1182 ib)
105 1104 248 1167 Accedit
264 1107 363 1168 etiam
382 1103 562 1169 austoritas
579 1125 644 1167 non
662 1105 768 1167 solum
787 1105 939 1176 Petrum,
956 1103 1012 1164 sed
1037 1101 1137 1162 etiam

34 1205 263 1284 Camillorum,
280 1229 355 1289 quae
371 1208 522 1289 implicite
538 1228 606 1270 rem
623 1208 803 1282 declarant,
819 1206 1009 1268 deliniendo
1025 1204 1138 1266 statim

31 1321 273 1391 postmortem
298 1314 426 1375 animas
447 1334 506 1395 pro
530 1322 618 1376 statu
638 1331 698 1374 suo
722 1311 958 1393 purgatorium,
975 1307 1137 1370 infernum

30 1415 84 1475 vel
110 1414 232 1477 coelum
259 1417 411 1497 ingredi:
437 1417 483 1478 ita
508 1415 690 1497 praesertim
715 1413 938 1476 Florentinum
961 1410 1138 1490 (Deneing.

33 1517 113 1596 588)
129 1537 136 1592 ;
159 1519 249 1599 atqui
267 1518 329 1580 hoc
346 1517 414 1581 lieri
433 1520 546 1598 nequit
559 1520 629 1580 sine
642 1517 766 1599 praevio
777 1516 908 1595 judicio,
944 1514 992 1595 (c)
1005 1513 1038 1575 S.
1057 1511 1138 1574 leo·

30 1637 106 1678 treas
122 1617 221 1696 hujus
238 1619 282 1680 rei
301 1619 462 1680 rationem
480 1619 607 1699 optime
630 1617 756 1680 reddit:
780 1614 957 1696 “Quilibet
974 1615 1072 1675 homo
1088 1620 1138 1674 est

29 1719 211 1798 singularis
235 1721 389 1801 quaedam
414 1740 563 1802 persona,
579 1731 613 1782 et
636 1729 686 1782 est
710 1738 785 1800 pars
810 1719 911 1779 totius
933 1717 1062 1797 generis
1081 1715 1138 1776 hu-

31 1823 127 1882 mani
143 1845 149 1883 :
171 1823 307 1885 undeet
323 1823 449 1903 duplex
466 1823 495 1883 ei
509 1822 671 1902 judicium
689 1820 836 1895 debetur,
850 1838 952 1880 unum
965 1817 1139 1898 singulare,

30 1925 124 2003 quod
143 1925 186 1985 de
202 1945 242 1987 eo
259 1925 315 1987 fiet
332 1935 407 2005 post
425 1935 576 2000 mortem,
593 1924 729 2004 quando
746 1923 880 2002 recipiet
893 1921 993 2001 juxta
1010 1940 1048 1981 ea
1064 1939 1139 1999 quae

30 2028 65 2087 in
86 2047 226 2106 corpore
242 2030 396 2108 gessit...
414 2029 502 2091 aliud
518 2029 679 2109 judicium
697 2027 797 2090 debet
813 2046 885 2088 esse
900 2027 942 2087 de
959 2044 1008 2099 ee,
1024 2043 1138 2085 secun·

29 2132 114 2191 dum
141 2131 230 2209 quod
256 2141 305 2193 est
329 2151 405 2212 pars
429 2133 531 2194 totius
554 2131 684 2212 generis
708 2129 882 2191 humani'’.
928 2127 1021 2207 (Sup.
1042 2147 1071 2206 q.
1089 2127 1139 2202 88,

30 2253 59 2292 a.
86 2249 109 2292 1.
128 2234 170 2294 ad
193 2232 230 2314 1).

76 2358 106 2425 7.
158 2340 223 2428 (Β)
253 2345 290 2406 ln
315 2346 406 2407 omui
428 2344 555 2426 judicio
578 2347 640 2409 tria
663 2345 868 2425 distinguere
897 2341 998 2404 licet:
1030 2361 1139 2403 causae

28 2446 272 2521 discussionem,
295 2448 470 2510 sententiae
492 2449 719 2528 prolationem,
742 2447 891 2527 ejusdem
921 2445 1137 2506 executionem.

27 2551 189 2629 Jamvero
214 2550 245 2611 in
267 2549 394 2629 judicio
418 2552 606 2630 particulari
631 2550 722 2613 nulla
746 2550 807 2611 erit
830 2548 992 2609 discussio
1008 2545 1139 2626 proprie

28 2649 132 2727 dieta,
145 2653 223 2734 quia
236 2655 345 2734 Judex
363 2651 505 2734 persedte
522 2655 695 2735 cognoscit
711 2673 828 2714 omnes
845 2647 991 2713 ultiones
1008 2659 1137 2710 nostras

28 2767 65 2816 et
83 2755 217 2817 intimas
237 2756 479 2836 cogitationes:
501 2756 664 2835 judicium
690 2756 789 2836 igitur
812 2753 868 2815 liet
892 2772 950 2833 per
973 2753 1135 2813 internam

28 2857 310 2920 illuminationem
343 2868 376 2919 et
404 2857 604 2920 locutionem
638 2855 905 2946 intelledtualem,
932 2858 997 2934 qun
1018 2853 1136 2914 -anima

28 2957 118 3019 clare
135 2957 293 3038 percipiet
317 2957 378 3018 sibi
404 2958 538 3020 retribui
563 2959 745 3019 secundum
767 2977 826 3018 sua
843 2956 960 3018 merita
977 2967 1008 3016 et
1025 2955 1135 3016 derne·

28 3061 93 3121 rita
105 3071 126 3120 3.
173 3059 347 3122 Sententia
371 3071 482 3124 autern
509 3062 539 3123 in
565 3063 636 3143 ipsa
660 3063 776 3124 mortis
802 3061 946 3134 instanti,
963 3070 996 3121 et
1014 3061 1044 3120 in
1064 3059 1137 3120 loco

27 3181 98 3242 quo
114 3160 216 3222 homo
234 3164 382 3239 moritur,
398 3165 511 3226 statim
536 3165 701 3245 profertur
724 3185 743 3225 a
769 3165 851 3236 De0,
865 3163 964 3243 juxta
987 3181 1134 3224 commu-

27 3283 107 3325 nem
137 3266 346 3340 sententiam,
373 3287 438 3328 non
468 3276 579 3328 autern
609 3288 627 3329 a
656 3267 789 3330 Christo
812 3266 956 3340 homine,
980 3265 1055 3326 licet
1079 3265 1134 3346 qui

24 3367 197 3448 judicatur
213 3370 432 3432 verisimiliter
449 3372 613 3452 intelligat
630 3392 667 3432 se
682 3371 752 3450 ejus
769 3369 967 3434 autloritate
986 3367 1134 3448 judicari.

29 3471 118 3532 Lata
134 3473 298 3533 sententia
316 3492 396 3533 mox
414 3473 621 3535 exsecutioni
644 3475 830 3548 mandatur,
846 3483 879 3535 et
903 3473 1015 3532 anima
1038 3470 1133 3532 infer-

28 3592 121 3646 num,
138 3575 365 3654 purgatorium
383 3574 432 3637 vel
451 3575 572 3639 coelum
591 3576 780 3656 ingreditur.

65 3793 72 3823 1
87 3778 154 3829 Luc.
170 3775 252 3842 XVl,
266 3791 306 3829 22.
322 3808 356 3816 —
369 3777 379 3807 2
393 3779 490 3844 Heln,
507 3779 557 3843 IX,
572 3793 614 3847 27.

64 3887 75 3916 s
89 3865 334 3917 Commemoratur
347 3864 498 3933 aliquando
515 3867 586 3918 liber
596 3868 719 3934 scriptus
737 3865 764 3918 in
781 3881 837 3935 quo
855 3875 945 3919 totum
959 3865 1133 3930 continetur;

29 3965 85 4018 quo
105 3948 177 4002 libro
195 3948 312 4017 intelligi
328 3950 410 4004 debet
428 3951 473 4003 lux
493 3951 597 4018 divina,
613 3953 632 3978 “
643 3954 698 4019 qud
717 3952 747 4006 fit
766 3962 796 4006 ut
815 3953 915 4021 cuique
928 3968 1013 4020 opera
1026 3969 1077 4006 sua
1089 3954 1133 4006 vel

28 4041 114 4101 bona,
126 4039 170 4092 vel
183 4039 258 4092 mala
271 4037 372 4093 cundia
385 4039 413 4091 in
427 4040 589 4092 memoriam
604 4052 777 4108 revocentur,
792 4051 820 4095 et
832 4041 935 4095 mentis
949 4041 1047 4096 intuitu
1062 4042 1133 4095 mirri

30 4125 174 4180 celeritate
194 4136 351 4192 cernantur,
365 4137 394 4180 ut
413 4136 526 4179 accuset
545 4138 572 4180 et
592 4139 706 4181 excuset
725 4129 899 4182 conscientia
918 4127 1130 4191 conscientiam,

29 4222 113 4280 atque
137 4210 175 4262 ita
198 4211 280 4263 simul
302 4227 400 4264 omnes
422 4221 450 4264 et
471 4210 572 4278 singuli
590 4211 780 4280 judicentur”.
815 4212 858 4277 (S.
881 4213 1071 4281 Augustinus,
1097 4213 1132 4266 de

30 4297 111 4351 Civit.
129 4295 193 4361 Dei,
206 4295 224 4348 l.
241 4297 303 4362 XX,
321 4312 344 4350 c.
362 4295 399 4362 r).
