2738 4646
233 141 300 194 252
509 189 513 200 ,
675 146 813 197 CAPUT
830 146 888 195 111.

228 332 296 385 tem
319 323 499 386 notabilem
521 327 817 402 caeremoniarum
841 326 887 387 ita
910 345 939 386 v.
955 328 986 405 g.
1004 323 1141 386 omissio
1163 319 1315 384 unitionis

228 443 302 486 cum
320 426 394 488 oleo
410 427 722 490 catechumenorum
736 427 787 490 vel
801 428 979 489 chrismate
995 437 1083 489 esset
1098 445 1197 507 grave
1211 442 1315 505 pecca-

228 536 310 600 tum,
319 528 397 609 quia
410 528 461 590 hae
474 525 648 592 unffiones
659 529 837 612 specialem
853 529 978 592 habent
994 526 1262 610 significationem
1273 524 1314 585 ad

228 629 445 692 declarandos
461 632 658 694 sacramenti
675 630 833 707 effedtus3
856 632 933 694 hinc
950 641 1061 694 vetera
1077 630 1151 694 olea
1167 629 1315 692 servanda

228 744 313 810 sunt,
324 733 431 796 donec
446 735 591 798 recentia
607 733 828 798 obtineantur.
868 733 1153 814 Interrogationes
1168 752 1187 794 a
1201 729 1314 793 Rituali

228 838 438 919 prascriptae,
455 837 557 901 latina
580 838 691 921 lingua
711 837 872 900 faciendae
893 846 980 909 sunt,
996 837 1065 911 sed,
1081 854 1183 916 quum
1207 831 1314 914 patrini

122 957 124 962 ·
228 939 312 1002 hanc
329 942 511 1022 generatim
529 961 595 1003 non
614 940 810 1020 intelligant,
822 939 956 1002 easdem
973 938 1128 1000 sacerdos
1145 953 1314 1018 proponere

227 1053 339 1124 potest
355 1043 467 1124 lingua
483 1045 667 1118 vernacula,
684 1044 739 1105 ubi
756 1043 810 1105 hic
826 1063 904 1105 usus
926 1040 1107 1123 praevaluit,
1122 1050 1159 1103 ut
1176 1040 1206 1101 in
1223 1037 1314 1102 Stati-

227 1144 289 1208 bus
306 1145 499 1222 Foederatis,
516 1147 700 1210 dummodo
717 1155 829 1217 tamen
854 1165 893 1208 ea
916 1145 1024 1208 versio
1040 1143 1235 1206 adhibeatur
1248 1159 1314 1221 qua:

227 1246 325 1310 suerit
340 1248 384 1310 ab
400 1248 578 1312 Ordinatio
593 1247 728 1310 sancita.

526 1421 613 1498 Art.
640 1419 694 1498 II.
722 1421 785 1498 De
813 1420 1015 1498 Patrinis¹.

268 1605 317 1669 31.
367 1589 432 1678 (A)
452 1593 575 1656 Patrini
592 1601 669 1656 sunt
685 1593 786 1656 veluti
804 1602 914 1674 patres
931 1591 1127 1674 spirituales,
1146 1593 1201 1674 qui
1218 1589 1313 1672 bapti-

227 1705 337 1758 zatum
355 1696 397 1758 de
413 1716 506 1757 sacro
523 1695 615 1758 sonte
632 1696 751 1771 levant,
764 1705 797 1759 et
814 1696 846 1757 in
864 1715 899 1758 se
918 1695 989 1776 ejus
1005 1715 1117 1757 curam
1134 1694 1312 1776 suscipiunt.

226 1795 356 1860 deseou
373 1808 557 1879 parentum.
604 1797 702 1871 Nam,
719 1808 755 1860 ut
777 1795 865 1860 redte
889 1799 935 1860 ait
959 1797 993 1860 S.
1016 1797 1157 1860 Thomas
1171 1797 1214 1877 (3,
1228 1817 1256 1876 q.
1270 1795 1312 1872 67.

226 1920 253 1962 a.
270 1899 314 1980 7),
329 1900 507 1982 spiritualis
524 1901 730 1981 regeneratio
746 1900 948 1964 assimilatur
963 1901 1087 1964 carnali
1103 1898 1313 1982 generationi;

225 2003 310 2065 sicut
326 2002 482 2084 parvulus
499 2023 611 2065 recens
629 2011 725 2065 natus
744 2003 871 2084 indiget
888 2003 1014 2066 nutrice
1027 2013 1060 2066 et
1073 2003 1264 2085 padagogo,
1275 2001 1313 2060 ita

225 2105 348 2186 pariter
363 2105 420 2185 qui
436 2104 651 2186 spiritualiter
666 2105 848 2167 renascitur
872 2105 999 2187 indiget
1022 2106 1185 2188 spirituali
1201 2104 1313 2167 nutrice
1356 2175 1357 2190 χ

225 2214 259 2266 et
276 2205 471 2285 paedagogo,
486 2214 523 2266 ut
547 2204 579 2265 in
604 2202 670 2266 fide
693 2223 731 2265 ac
755 2205 823 2266 vita
847 2205 1025 2268 christiana
1041 2207 1238 2271 instituatur.
1282 2202 1311 2262 ln
1356 2193 1357 2198 ’

227 2306 401 2387 Baptismo
425 2306 578 2380 solemni,
603 2306 665 2368 sub
687 2306 779 2386 gravi
804 2306 953 2369 adhiberi
977 2307 1077 2371 debet
1101 2328 1186 2370 unus
1208 2305 1312 2369 saltem

225 2408 382 2490 patrinus,
409 2409 478 2470 sive
504 2408 551 2470 vir
577 2408 647 2470 sive
673 2406 798 2483 mulier,
825 2428 885 2471 nec
912 2420 1052 2490 possunt
1077 2409 1226 2472 adhiberi
1250 2407 1312 2489 plus

224 2528 324 2591 quam
341 2508 417 2584 duo,
430 2529 470 2570 ne
484 2508 745 2591 multiplicentur
758 2509 998 2591 impedimenta
1010 2512 1192 2594 spiritualis
1204 2527 1311 2592 cogna-
1355 2549 1356 2567 .

225 2613 331 2674 tionis.
379 2611 413 2675 Si
438 2614 505 2674 duo
528 2613 738 2686 adhibentur,
755 2633 821 2675 non
838 2615 962 2679 debent
978 2636 1050 2678 esse
1066 2617 1135 2679 duo
1152 2635 1256 2679 mares
1270 2609 1310 2673 vel

224 2716 299 2778 duae
332 2714 472 2790 feminae,
495 2719 551 2779 sed
575 2718 625 2779 vir
654 2727 687 2780 et
718 2716 851 2792 femina,
874 2719 992 2781 saltem
1017 2717 1080 2780 sub
1103 2718 1176 2782 levi.
1202 2719 1238 2780 ln
1261 2715 1311 2777 Ba·

225 2819 348 2900 ptismo
364 2820 493 2900 privato
510 2840 575 2881 non
593 2819 768 2901 requiritur
784 2821 943 2901 patrinus
953 2821 1106 2902 quamvis
1119 2819 1313 2884 laudabiliter

224 2921 372 2983 adhiberi
390 2923 503 3001 possit.

270 3019 336 3106 (B)
358 3023 405 3085 Ut
421 3023 493 3104 quis
510 3023 617 3085 valide
635 3023 677 3085 sit
694 3025 853 3105 patrinus,
869 3047 1004 3089 necesse
1020 3037 1070 3090 est
1087 3037 1146 3090 ut:
1163 3027 1212 3108 (a)
1229 3023 1311 3088 ratio·

225 3126 275 3186 nis
297 3144 392 3187 usum
416 3125 539 3189 habeat
559 3136 592 3188 et
615 3127 656 3189 sit
681 3127 890 3208 baptizatus;
913 3129 964 3210 (b)
987 3151 1007 3191 a
1030 3129 1223 3210 parentibus
1239 3125 1313 3190 vela

226 3228 375 3290 Parocho
391 3229 584 3308 designatus
604 3229 702 3292 fuerit
726 3241 762 3292 ut
786 3232 957 3311 patrinus;
981 3233 1029 3314 (c)
1046 3243 1165 3314 tangat
1180 3231 1311 3314 physice.

224 3332 292 3393 sive
309 3350 367 3412 per
383 3351 427 3406 se,
438 3332 507 3392 sive
524 3351 582 3411 pcr
599 3342 854 3413 procuratorem,
872 3335 1079 3416 baptizatum
1093 3337 1167 3418 ipso
1179 3345 1311 3416 tempore

223 3433 403 3496 ablutionis
426 3434 487 3508 vel,
504 3435 617 3495 statim
641 3445 718 3517 post
741 3436 956 3512 ablutionem,
979 3459 997 3500 e
1021 3458 1122 3502 manu
1147 3435 1311 3501 sacerdotis

223 3557 298 3599 eum
316 3537 472 3617 accipiat;
492 3535 544 3616 (d)
560 3536 682 3598 habeat
701 3539 920 3603 intentionem
939 3561 1059 3604 munus
1076 3541 1209 3623 patrinii
1225 3537 1310 3602 susci·

224 3641 344 3720 piendi.
391 3639 555 3702 Convenit
572 3640 672 3701 etiam
690 3641 839 3721 patrinos
855 3662 927 3704 esse
941 3643 1011 3724 jam
1029 3644 1180 3724 puberes,
1195 3664 1232 3707 ac
1247 3659 1310 3704 con·

224 3741 380 3814 firmatos
399 3743 474 3804 licet
492 3741 523 3804 id
541 3762 607 3804 non
626 3743 780 3806 absolute
797 3745 988 3825 requiratur.

268 3839 332 3927 (C)
350 3843 478 3916 Validc,
490 3863 555 3904 non
573 3855 685 3907 autem
704 3846 793 3909 licite
810 3849 930 3929 patrini
949 3870 1020 3911 essc
1037 3860 1199 3931 possunt:
1217 3849 1260 3930 (a)
1273 3865 1310 3908 re·
1350 3899 1351 3926 ,

223 3947 330 4027 ligiosi
348 3947 518 4026 utriusque
535 3967 633 4008 sexus
649 3958 727 4011 vota
745 3949 907 4012 solemnia
928 3953 1065 4014 edentes
1089 3952 1176 4033 quia,
1193 3957 1310 4034 propter

258 4137 311 4188 tS.
328 4135 501 4202 Alphonsus,
521 4138 652 4200 146-160;
672 4141 812 4210 lt'onings,
828 4159 855 4195 n.
876 4145 938 4212 1265
960 4161 1016 4214 sq.;
1035 4146 1129 4212 Marc,
1146 4164 1172 4200 n.
1191 4146 1251 4212 1483
1263 4159 1308 4210 sq.;

223 4221 349 4284 Lclrmk„
363 4233 397 4284 70
410 4237 451 4288 sq.
459 4238 467 4288 ;
487 4223 601 4286 Sabelli,
618 4226 735 4294 603-64;
757 4228 1057 4299 &Hermi-Paludem}
1074 4249 1101 4285 n.
1115 4234 1146 4286 81
1164 4249 1206 4303 sq.
