2752 4648
258 174 314 224 DE
332 175 624 226 SACRAMENTO
642 175 961 227 EUCHARISTIAE.
1093 173 1158 226 ³73

71 347 202 413 Domini.
239 351 290 431 (a)
303 352 395 414 Talis
411 362 461 414 est
477 353 566 414 enim
579 363 694 434 aperta
706 350 859 416 dostrina
874 349 941 416 Col.
958 349 1046 416 Cone.
1063 351 1094 412 T
1091 349 1157 413 rid.

69 451 153 529 (part.
170 467 196 514 2.
213 473 243 515 n.
261 454 304 534 8),
327 455 359 516 in
382 475 450 536 quo
472 454 614 518 dicitur:
637 459 653 486 ⁴⁴
669 455 755 534 lpsae
777 463 887 516 autem
914 454 1009 535 panis
1031 462 1065 516 et
1086 451 1155 515 vini

68 554 180 633 species
194 575 306 619 veram
331 567 364 619 et
387 557 576 620 absolutam
598 558 796 620 sacramenti
814 557 975 619 rationem
993 556 1118 619 habent
1130 553 1155 618 ”.

13 759 14 768 ἵ
68 667 111 748 (b)
127 669 208 734 illud
230 673 404 736 constituit
424 675 603 736 essentiam
628 675 826 736 sacramenti
848 674 938 756 quod
954 682 1005 736 est
1021 674 1154 755 signum

67 771 208 836 sensibile
229 783 262 836 et
283 795 490 856 permanens,
512 776 654 856 gratiam
680 776 859 850 conserens,
882 786 915 839 et
943 773 1133 857 significans
1146 795 1155 852 ;

13 879 14 910 t
67 872 145 951 atqui
160 874 287 954 species
302 884 505 937 consecrata:
521 883 599 938 sunt
614 875 747 956 signum
764 875 919 937 sensibile
931 885 964 937 et
976 895 1021 936 ex
1034 894 1069 936 se
1082 893 1154 955 per-

66 993 201 1048 manens,
224 995 300 1057 quae
323 977 497 1042 continent
520 998 639 1059 corpus
663 977 801 1040 Domini
825 978 985 1058 quamdiu
1015 978 1154 1058 integra:

66 1089 249 1157 supersunt;
272 1080 413 1160 gratiam
436 1079 624 1162 significant
645 1099 721 1160 quae
745 1078 844 1141 datur
864 1100 921 1161 per
943 1079 1079 1143 modum
1096 1077 1154 1140 ali·

13 1181 14 1184 ’
66 1182 165 1256 menti,
188 1191 222 1244 et
245 1183 381 1246 tandem
406 1185 547 1264 gratiam
572 1193 720 1258 causant,
743 1183 821 1264 quia
844 1182 1017 1244 continent
1044 1182 1152 1263 ipsum

65 1285 167 1362 gratiae
184 1284 332 1363 sontem;
355 1306 443 1367 ergo

13 1455 15 1480 ,
99 1405 144 1472 81.
198 1410 260 1490 (Β)
291 1410 509 1474 Eucharistiae
540 1420 794 1487 sacramentum,
825 1411 901 1474 licet
930 1410 993 1473 sub
1023 1409 1153 1472 duabus

65 1512 224 1590 speciebus
240 1523 444 1588 contentum,
461 1523 639 1577 esttamen
656 1515 791 1577 unicum
813 1523 1068 1589 sacramentum,
1085 1532 1151 1575 non

13 1683 14 1688 η
64 1615 268 1678 materialiter
280 1617 425 1698 quidem,
441 1618 499 1680 sod
507 1615 705 1697 formaliter.

64 1725 107 1808 (a)
120 1729 173 1792 Ex
191 1731 222 1792 T
219 1731 281 1794 nu
297 1731 477 1794 definiente
501 1741 628 1812 septem
653 1751 725 1793 esse
748 1704 964 1805 sacramenta,
981 1750 1041 1794 nec
1058 1731 1152 1812 plura

65 1851 115 1894 nec
130 1836 301 1916 pauciora;
320 1834 472 1915 jamvero
495 1835 521 1897 si
544 1835 701 1897 adessent
717 1835 784 1896 duo
800 1844 1004 1897 sacramenta
1021 1834 1151 1897 Eucha-

13 1921 14 1978 Ῡ
66 1934 161 2011 ristiae,
176 1958 280 2001 unum
302 1938 364 2001 sub
387 1939 496 2020 specie
512 1938 617 2019 panis,
633 1937 772 2000 alterurn
790 1937 852 1999 sub
867 1937 976 2018 specie
991 1937 1068 2012 vini,
1085 1957 1150 1999 non

64 2049 188 2118 septem,
204 2041 263 2103 sed
280 2038 357 2103 o8to
373 2050 581 2103 sacramenta
597 2041 803 2103 numeranda
819 2048 930 2102 essent
944 2061 951 2116 ;
973 2058 1060 2119 ergo

65 2150 194 2232 (unat.
217 2155 319 2218 Tleeol.
367 2156 418 2218 Ibi
435 2155 523 2217 enim
548 2165 598 2216 est
620 2155 754 2217 unicum
762 2153 954 2233 formaliter
966 2173 1152 2216 sacramen·
1182 2167 1192 2176 '

65 2259 123 2315 tum
140 2255 194 2317 ubi
211 2265 262 2317 est
279 2255 376 2318 unica
393 2276 443 2317 res
459 2256 645 2338 significata
661 2265 694 2318 et
710 2267 846 2319 causata
856 2278 864 2333 ;
885 2257 976 2337 atqui
990 2257 1065 2318 duae
1078 2275 1151 2337 spe-

64 2355 118 2417 cies
134 2357 358 2421 eucharistica
370 2359 502 2421 unicam
521 2381 589 2423 rem
607 2359 794 2441 significant
807 2371 840 2422 et
852 2343 1049 2441 producunt,
1059 2379 1151 2446 nem·
1211 2389 1214 2396 ¹

65 2475 98 2534 pe
112 2460 250 2539 gratiam
274 2481 333 2542 per
356 2462 493 2524 modum
516 2460 712 2539 relectionis,
728 2484 785 2526 seu
808 2465 995 2542 alimoniae;
1019 2465 1061 2526 ad
1079 2484 1150 2545 per-

65 2557 171 2625 tectam
187 2565 276 2624 enim
291 2562 502 2627 refedtionem
516 2566 584 2626 duo
595 2564 761 2628 elementa
774 2567 991 2648 requiruntur,
1003 2588 1045 2628 sc.
1058 2567 1151 2638 cibus

64 2671 91 2722 et
104 2675 207 2746 potus,
224 2686 262 2728 ac
278 2668 418 2748 proinde
440 2669 568 2748 species
590 2669 686 2748 panis
704 2677 739 2730 et
760 2669 827 2730 vini
850 2669 981 2731 unicam
998 2669 1151 2749 spiritua·

65 2760 118 2828 lem
134 2766 355 2844 refectionem,
365 2789 403 2830 ac
416 2769 555 2851 proinde
568 2769 701 2832 unicum
715 2769 896 2832 formaliter
907 2780 1151 2833 sacramentum

64 2872 265 2936 constituunt.

98 3001 143 3064 82
188 2995 248 3079 (C)
268 2995 450 3062 Corollaria
462 3021 474 3061 :
494 2998 544 3078 (a)
562 2998 617 3060 Ex
634 2999 696 3059 hoc
713 2998 861 3078 sequitur
877 3016 942 3058 non
960 2997 1035 3079 plus
1051 2998 1150 3081 recipi

13 3179 14 3184 ἵ
64 3100 115 3163 sub
132 3101 261 3163 duabus
280 3100 453 3181 speciebus
475 3101 569 3181 panis
589 3109 622 3163 et
643 3101 710 3163 vini
730 3119 829 3180 quam
854 3098 916 3160 sub
939 3105 1004 3162 und
1020 3102 1151 3182 specie;

65 3219 140 3278 narn,
150 3223 194 3265 ex
210 3199 309 3266 dictis
325 3223 432 3283 supra,
447 3205 605 3285 quaelibet
621 3203 746 3285 species
762 3212 871 3265 totum
889 3202 1056 3266 Christum
1074 3223 1151 3267 con-

64 3304 143 3368 tinet.

64 3415 212 3498 (b)1tem
237 3416 292 3479 ilie
314 3417 371 3498 qui
395 3418 503 3499 plures
528 3419 705 3500 particulas
734 3417 840 3492 simul,
865 3428 923 3480 aut
950 3420 1051 3480 etiam
1075 3432 1151 3499 post

65 3516 151 3583 breue
177 3519 387 3583 intervallum
415 3521 566 3602 suscipit,
592 3521 727 3584 unicum
755 3528 998 3582 sacramentum
1026 3523 1150 3602 recipit,

64 3624 130 3700 quia
159 3625 230 3685 haec
257 3624 299 3685 ad
328 3624 458 3685 unicam
488 3623 671 3686 referuntur
697 3622 900 3705 spiritualem
930 3619 1151 3713 mammem,

65 3728 186 3790 unicum
202 3726 390 3789 convivium
407 3725 591 3789 efformant.

64 3835 105 3917 (c)
120 3840 167 3904 Ut
182 3849 426 3901 sacramentum
442 3858 519 3900 vere
535 3838 741 3919 suscipiatur,
758 3857 892 3900 necesse
907 3848 958 3900 est
973 3849 1010 3900 ut
1025 3841 1151 3919 species

65 3935 252 4004 consecrata²
269 3941 463 4023 perveniant
479 3940 521 4002 ad
538 3941 748 4003 stomachum
773 3947 950 4020 antequam
968 3940 1151 4004 dissolvan-

65 4046 129 4121 tur;
149 4063 222 4105 curn
240 4044 328 4105 enim
345 4044 408 4104 hoc
423 4051 666 4104 sacramentum
683 4042 726 4105 sit
742 4042 930 4104 institutum
943 4063 1002 4125 per
1014 4045 1150 4108 modum

66 4143 228 4221 alimoniae,
247 4146 397 4226 sequitur
419 4132 507 4226 leges
531 4141 717 4208 resedionis
742 4143 943 4222 materialis;
966 4145 1150 4208 cavendum

66 4255 110 4306 est
125 4246 219 4328 igitur
235 4267 277 4310 ne
292 4266 394 4309 sacrae
409 4247 535 4327 species
553 4247 584 4307 in
601 4267 657 4308 ore
673 4247 904 4312 dissolvantur.
