2794 4662
235 194 303 245 628
605 194 660 246 DE
680 193 972 250 mummolum.

235 376 375 458 diligere
399 397 520 439 uxores
544 389 619 440 suas·
643 386 679 441 ut
702 364 841 460 corpora
864 397 931 440 sua.
987 376 1054 459 Qui
1078 396 1177 439 suam
1202 396 1348 438 uxorem

238 481 355 562 diligit,
382 482 527 563 seipsum
555 482 671 563 diligit.
723 482 832 544 Nemo
859 483 948 544 enirn
976 473 1111 544 carnehr
1139 499 1242 542 suam
1271 481 1351 542 odio

237 584 354 647 habuit
370 607 376 646 :
401 586 460 648 sed
478 587 580 649 nutrit
597 596 630 648 et
645 585 733 648 fovet
745 605 829 660 earn,
840 585 924 647 sicut
936 595 970 648 et
980 584 1132 649 Christus
1145 584 1350 646 Ecclesiam.

238 687 328 767 Quia
355 687 506 750 membra
533 708 646 750 sumus
674 689 820 769 corporis
845 688 926 768 ejus,
949 689 1114 750 decarne
1136 686 1220 766 ejus,
1249 689 1353 750 etde

237 789 367 852 ossibus
391 791 469 871 ejus.
518 792 657 873 Propter
680 791 743 853 hoc
767 791 930 871 relinquet
953 790 1054 852 homo
1078 801 1211 871 patrem
1240 810 1352 862 suum,

239 901 271 954 et
289 901 428 957 matrem
446 897 550 970 s'uam,
568 905 601 958 et
617 893 801 957 adhaerebit
817 893 914 955 uxori
931 913 1020 968 suae;
1044 901 1077 954 et
1093 901 1194 954 crunt
1218 893 1299 955 duo
1323 895 1351 954 in

238 1015 336 1057 carne
352 1000 426 1061 tina.
474 997 722 1060 Sacramentum
739 999 803 1060 hoc
817 1016 974 1078 magnum
988 1005 1047 1071 est,
1061 1015 1124 1077 ego
1136 1007 1262 1060 autem
1277 998 1353 1058 dico

238 1099 270 1160 in
289 1099 421 1162 Christo
437 1110 470 1162 et
488 1102 519 1162 in
539 1100 689 1162 Ecclesia
700 1102 739 1163 ''.¹
784 1101 942 1181 Jamvero
957 1121 1000 1162 ex
1017 1100 1068 1161 his
1086 1100 1256 1180 Apostoli
1283 1123 1353 1164 ver-

238 1201 297 1276 bis,
327 1200 578 1265 Matrimonium
610 1203 826 1265 christianum
858 1202 908 1284 (a)
939 1213 990 1264 est
1019 1202 1157 1282 sagorum·
1183 1223 1353 1272 sacrum,-

241 1303 290 1384 (b)
301 1305 433 1385 signum
443 1306 580 1387 gratim·
604 1307 652 1388 (c)
664 1307 811 1388 gratiam
820 1307 981 1387 producit,
994 1309 1136 1388 ideoque
1151 1319 1206 1369 est
1226 1329 1313 1371 vere
1325 1325 1354 1373 et

239 1410 369 1489 proprie
386 1421 639 1474 sacramentum.

284 1526 334 1576 10.
375 1511 696 1593 (AlMatrimonium
708 1512 923 1575 christianum
934 1512 1355 1597 nliqm'dsacn'szgm'ficat,

239 1615 393 1679 videlicet
416 1617 571 1678 unionem
591 1616 713 1679 Christi
737 1637 812 1678 cum
832 1616 988 1679 Ecclesia.
1036 1617 1173 1680 Etenim
1195 1617 1355 1700 Aposto

240 1718 290 1779 lus
307 1717 501 1780 christianos
510 1719 677 1799 ‘conjuges
693 1718 843 1780 hortatur
857 1729 895 1784 ut
912 1739 1034 1782 uxores
1050 1719 1116 1781 sint
1132 1720 1214 1781 viris
1233 1723 1354 1784 subdi-

239 1830 292 1894 tae,
308 1821 392 1882 sic'ut
410 1820 560 1884 Ecclesia
577 1821 709 1884 Christo
729 1822 857 1902 (22-24)
874 1831 907 1885 ct
924 1831 960 1885 ut
976 1822 1034 1882 viri
1059 1829 1184 1883 uxores
1201 1824 1356 1905 diligant

239 1924 323 1986 sicut
341 1923 490 1988 Christus
509 1923 693 1988 Ecclesiam
711 1926 849 2007 (25-28),
865 1925 943 2007 quia
966 1925 1083 1988 eodem
1109 1927 1215 1988 modo
1241 1947 1288 1990 ac
1312 1931 1358 1990 vir

237 2039 289 2092 est
307 2039 413 2110 «caput
429 2030 544 2092 uxoris
560 2039 593 2093 et
609 2050 696 2092 uxor
713 2031 771 2093 viri
789 2049 914 2111 corpus,
930 2031 976 2091 sic
994 2029 1144 2092 Christus
1166 2041 1221 2094 est
1248 2047 1357 2114 caput

240 2132 399 2195 Ecclesiae
416 2142 449 2195 et
467 2133 617 2196 Ecclesia
634 2133 755 2197 Christi
773 2154 893 2216 corpus
909 2133 989 2216 (23).
1037 2131 1137 2196 Unde
1153 2154 1237 2214 quae
1260 2136 1357 2198 Ada-

239 2255 313 2299 mus
329 2236 371 2298 de
389 2235 460 2298 Eva
477 2237 712 2316 pronuntiavit,
729 2237 835 2318 ipsam
858 2257 929 2298 esse
950 2256 987 2297 os
1009 2236 1051 2297 de
1072 2236 1206 2298 ossibus
1223 2239 1309 2318 ejus
1326 2255 1356 2304 et
1394 2271 1395 2274 ¹

238 2359 371 2401 carnem
388 2340 544 2401 decarne
561 2337 640 2419 ejus,
657 2359 751 2419 aeque
767 2360 845 2403 vera
868 2349 946 2404 sunt
968 2339 1010 2401 de
1028 2339 1182 2402 Ecclesia
1206 2343 1356 2406 relative

239 2443 281 2504 ad
300 2442 477 2516 Christum,
490 2463 567 2504 nam
585 2443 735 2506 membra
750 2463 864 2506 sumus
880 2443 1027 2524 corporis
1041 2441 1175 2518 Christi,
1188 2442 1235 2506 de
1251 2467 1355 2508 carne

240 2543 309 2623 ejus
325 2553 358 2605 et
374 2543 416 2605 de
432 2546 561 2607 ossibus
577 2545 648 2625 ejus
667 2541 711 2631 (v.
727 2541 794 2628 30).
841 2545 935 2610 Sicut
953 2544 1052 2625 igitur
1064 2545 1225 2626 relinquit
1242 2549 1356 2612 homo

240 2655 366 2728 patrem
382 2665 476 2708 suum
491 2657 523 2708 er
541 2658 679 2710 matrem
697 2668 789 2711 suam
805 2658 837 2711 et
850 2648 997 2710 adhaeret
1014 2648 1110 2710 uxori
1128 2669 1209 2726 suae,
1219 2662 1261 2713 et
1276 2665 1352 2716 sunt

239 2749 307 2812 cluo
335 2750 366 2812 in
395 2770 579 2813 carneuna
605 2749 649 2834 (v.
669 2749 737 2836 31),
763 2753 808 2813 ita
834 2751 936 2813 Filius
961 2750 1023 2811 Dei
1049 2750 1209 2832 relinquit
1235 2758 1350 2818 sinum

241 2853 346 2916 Patris
369 2862 403 2916 et
426 2853 573 2914 adhaeret
591 2853 749 2920 Ecclesia:
773 2875 831 2935 per
852 2855 968 2935 gratiae
989 2855 1351 2928 communicationem.

238 2967 359 3020 etcum
376 2956 533 3019 Ecclesiae
547 2957 704 3020 membris
717 2978 817 3020 unum
832 2978 951 3040 corpus
965 2958 1142 3037 mysticum
1156 2961 1351 3022 constituit.

241 3060 316 3120 Hoc
333 3069 383 3121 est
399 3068 642 3122 sacramentum
661 3060 679 3124 i.
692 3080 717 3122 e.
729 3060 828 3140 juxta
844 3061 910 3122 vim
927 3080 1045 3139 graecae
1061 3061 1152 3122 vocis
1168 3063 1352 3150 puori-,pion

239 3162 416 3243 mysticum
439 3162 580 3242 signum,
597 3171 630 3224 et
651 3182 809 3242 magnum
827 3163 972 3245 quidem,
989 3175 1059 3227 turn
1076 3165 1155 3246 quia
1181 3187 1351 3248 magnam

239 3285 307 3336 rem
321 3264 496 3345 significat,
510 3285 628 3346 nempe
641 3285 800 3346 sponsum
815 3266 981 3330 Christum
998 3277 1031 3329 et
1048 3287 1210 3348 sponsam
1228 3269 1352 3333 Eccle-

238 3371 320 3431 siam
336 3391 343 3445 ;
366 3379 437 3434 tum
455 3369 532 3449 quia
550 3369 633 3431 miro
650 3372 750 3432 modo
772 3370 858 3432 hanc
874 3369 1131 3432 sacratissimam
1150 3391 1221 3432 rem
1243 3375 1351 3454 signi·

238 3471 315 3534 licat
341 3469 387 3558 (v.
412 3467 480 3555 32).
534 3471 624 3552 Ergo
649 3473 895 3536 matrimonium
922 3465 1187 3536 Christianorum
1213 3475 1350 3557 aliquid

237 3577 319 3638 sacri
337 3574 507 3656 significat.

282 3696 329 3747 11.
379 3674 444 3764 (B)
462 3678 666 3759 Estsrgnum
677 3680 799 3760 gratie
810 3679 1057 3762 maleficentia·
1082 3701 1160 3742 nam
1174 3683 1350 3762 significat

238 3783 394 3844 unionem
413 3781 533 3844 Christi
551 3802 626 3845 cum
645 3781 806 3858 Ecclesih;
830 3785 921 3863 atqui
939 3783 1010 3845 haec
1026 3783 1105 3845 unio
1123 3804 1183 3864 per
1198 3790 1350 3866 gratiam

237 3883 501 3948 sanetificantem
526 3883 702 3966 perficitur,
722 3885 821 3965 juxta
845 3887 925 3950 illud
950 3886 1135 3969 Apostoli:
1160 3889 1352 3956 “Christus

237 3987 358 4050 dilexit
386 3987 569 4050 Ecclesiam
598 3997 632 4050 et
663 3989 809 4070 scipsum
843 3990 980 4053 tradidit
1011 4011 1072 4073 pro
1099 3995 1151 4064 eri,
1180 4003 1218 4055 ut
1255 3997 1351 4058 illam

236 4087 499 4172 rnrrdlificoret”;
532 4109 611 4169 ergo
643 4091 892 4155 matrimonium
924 4091 1142 4156 christianum
1173 4096 1352 4176 significat

238 4189 379 4267 gratiam
396 4188 665 4256 sanctificantem.

273 4311 398 4385 1ΕρΙιων.
415 4319 449 4384 V,
464 4331 552 4384 22·32.
