<?xml version="1.0" encoding="UTF-8"?>
<!DOCTYPE html PUBLIC "-//W3C//DTD XHTML 1.0 Transitional//EN"
    "http://www.w3.org/TR/xhtml1/DTD/xhtml1-transitional.dtd">
<html xmlns="http://www.w3.org/1999/xhtml" xml:lang="en" lang="en">
 <head>
  <title>
</title>
<meta http-equiv="Content-Type" content="text/html;charset=utf-8" />
  <meta name='ocr-system' content='tesseract 3.04.00' />
  <meta name='ocr-capabilities' content='ocr_page ocr_carea ocr_par ocr_line ocrx_word'/>
</head>
<body>
  <div class='ocr_page' id='page_1' title='image "./synopsistheolog01tanqgoog_0058.png"; bbox 0 0 2776 4644; ppageno 0'>
   <div class='ocr_carea' id='block_1_1' title="bbox 381 131 1160 188">
    <p class='ocr_par' dir='ltr' id='par_1_1' title="bbox 381 131 1160 188">
     <span class='ocr_line' id='line_1_1' title="bbox 381 131 1160 188; baseline -0.01 0"><span class='ocrx_word' id='word_1_1' title='bbox 381 138 436 188; x_wconf 80' lang='lat' dir='ltr'>DE</span> <span class='ocrx_word' id='word_1_2' title='bbox 454 138 614 187; x_wconf 63' lang='lat' dir='ltr'>Getam</span> <span class='ocrx_word' id='word_1_3' title='bbox 634 134 830 187; x_wconf 79' lang='lat' dir='ltr'>ACTUALI.</span> <span class='ocrx_word' id='word_1_4' title='bbox 1117 131 1160 180; x_wconf 69' lang='lat'>⁴3</span> 
     </span>
    </p>
   </div>
   <div class='ocr_carea' id='block_1_2' title="bbox 1080 245 1160 253">
    <p class='ocr_par' dir='ltr' id='par_1_2' title="bbox 1080 245 1160 253">
     <span class='ocr_line' id='line_1_2' title="bbox 1080 245 1160 253; baseline 0 0"><span class='ocrx_word' id='word_1_5' title='bbox 1080 245 1160 253; x_wconf 72' lang='lat' dir='ltr'>——n</span> 
     </span>
    </p>
   </div>
   <div class='ocr_carea' id='block_1_3' title="bbox 58 314 1160 1015">
    <p class='ocr_par' dir='ltr' id='par_1_3' title="bbox 59 314 1160 792">
     <span class='ocr_line' id='line_1_3' title="bbox 61 314 1160 398; baseline -0.001 -21"><span class='ocrx_word' id='word_1_6' title='bbox 61 314 198 378; x_wconf 85' lang='lat' dir='ltr'>Certum</span> <span class='ocrx_word' id='word_1_7' title='bbox 224 327 274 380; x_wconf 92' lang='lat' dir='ltr'>est</span> <span class='ocrx_word' id='word_1_8' title='bbox 298 328 414 381; x_wconf 90' lang='lat' dir='ltr'>contra</span> <span class='ocrx_word' id='word_1_9' title='bbox 438 317 644 398; x_wconf 82' lang='lat' dir='ltr'>Pelagianos,</span> <span class='ocrx_word' id='word_1_10' title='bbox 662 316 835 380; x_wconf 90' lang='lat' dir='ltr'>Unitarios</span> <span class='ocrx_word' id='word_1_11' title='bbox 858 324 893 377; x_wconf 91' lang='lat' dir='ltr'>et</span> <span class='ocrx_word' id='word_1_12' title='bbox 911 315 1160 390; x_wconf 90' lang='lat' dir='ltr'>Rationalistas‚</span> 
     </span>
     <span class='ocr_line' id='line_1_4' title="bbox 59 418 1158 500; baseline 0.004 -24"><span class='ocrx_word' id='word_1_13' title='bbox 59 419 123 495; x_wconf 86' lang='lat' dir='ltr'>qni,</span> <span class='ocrx_word' id='word_1_14' title='bbox 150 431 329 500; x_wconf 90' lang='lat' dir='ltr'>peccatum</span> <span class='ocrx_word' id='word_1_15' title='bbox 361 419 526 500; x_wconf 70' lang='lat' dir='ltr'>originale*</span> <span class='ocrx_word' id='word_1_16' title='bbox 549 428 719 499; x_wconf 85' lang='lat' dir='ltr'>negantes,</span> <span class='ocrx_word' id='word_1_17' title='bbox 744 419 951 481; x_wconf 89' lang='lat' dir='ltr'>contendunt</span> <span class='ocrx_word' id='word_1_18' title='bbox 988 418 1158 480; x_wconf 92' lang='lat' dir='ltr'>hominem</span> 
     </span>
     <span class='ocr_line' id='line_1_5' title="bbox 59 521 1158 603; baseline -0.001 -21"><span class='ocrx_word' id='word_1_19' title='bbox 59 542 157 602; x_wconf 86' lang='lat' dir='ltr'>posse</span> <span class='ocrx_word' id='word_1_20' title='bbox 170 525 326 586; x_wconf 91' lang='lat' dir='ltr'>omnibus</span> <span class='ocrx_word' id='word_1_21' title='bbox 339 524 695 598; x_wconf 90' lang='lat' dir='ltr'>tentationibus,etiam</span> <span class='ocrx_word' id='word_1_22' title='bbox 708 522 872 603; x_wconf 88' lang='lat' dir='ltr'>gravibus,</span> <span class='ocrx_word' id='word_1_23' title='bbox 883 521 1024 603; x_wconf 87' lang='lat' dir='ltr'>propriis</span> <span class='ocrx_word' id='word_1_24' title='bbox 1035 521 1158 582; x_wconf 88' lang='lat' dir='ltr'>viribus</span> 
     </span>
     <span class='ocr_line' id='line_1_6' title="bbox 59 619 1160 706; baseline 0.002 -23"><span class='ocrx_word' id='word_1_25' title='bbox 59 626 219 702; x_wconf 89' lang='lat' dir='ltr'>resistere,</span> <span class='ocrx_word' id='word_1_26' title='bbox 235 625 268 688; x_wconf 83' lang='lat' dir='ltr'>et</span> <span class='ocrx_word' id='word_1_27' title='bbox 293 636 397 688; x_wconf 90' lang='lat' dir='ltr'>totam</span> <span class='ocrx_word' id='word_1_28' title='bbox 422 627 529 706; x_wconf 86' lang='lat' dir='ltr'>legem</span> <span class='ocrx_word' id='word_1_29' title='bbox 558 626 741 688; x_wconf 83' lang='lat' dir='ltr'>naturalem</span> <span class='ocrx_word' id='word_1_30' title='bbox 765 619 958 704; x_wconf 83' lang='lat' dir='ltr'>adimplere,</span> <span class='ocrx_word' id='word_1_31' title='bbox 973 624 1160 686; x_wconf 90' lang='lat' dir='ltr'>dummodo</span> 
     </span>
     <span class='ocr_line' id='line_1_7' title="bbox 60 725 354 792; baseline 0.017 -6"><span class='ocrx_word' id='word_1_32' title='bbox 60 725 146 788; x_wconf 71' lang='lat' dir='ltr'>reete</span> <span class='ocrx_word' id='word_1_33' title='bbox 163 730 354 792; x_wconf 84' lang='lat' dir='ltr'>instruatur.</span> 
     </span>
    </p>

    <p class='ocr_par' dir='ltr' id='par_1_4' title="bbox 58 830 1158 1015">
     <span class='ocr_line' id='line_1_8' title="bbox 99 830 1158 917; baseline 0 -25"><span class='ocrx_word' id='word_1_34' title='bbox 99 844 149 906; x_wconf 82' lang='grc' dir='ltr'>4ο.</span> <span class='ocrx_word' id='word_1_35' title='bbox 204 845 235 892; x_wconf 89' lang='lat'>1⁰</span> <span class='ocrx_word' id='word_1_36' title='bbox 246 833 382 894; x_wconf 82' lang='lat' dir='ltr'><em>Dicitur</em></span> <span class='ocrx_word' id='word_1_37' title='bbox 398 830 454 917; x_wconf 85' lang='lat' dir='ltr'>(a)</span> <span class='ocrx_word' id='word_1_38' title='bbox 472 838 488 863; x_wconf 86' lang='lat'><strong>“</strong></span> <span class='ocrx_word' id='word_1_39' title='bbox 500 853 565 893; x_wconf 91' lang='lat' dir='ltr'>non</span> <span class='ocrx_word' id='word_1_40' title='bbox 582 842 695 912; x_wconf 90' lang='lat' dir='ltr'>potest</span> <span class='ocrx_word' id='word_1_41' title='bbox 712 831 880 894; x_wconf 81' lang='lat' dir='ltr'>moraliter</span> <span class='ocrx_word' id='word_1_42' title='bbox 890 831 915 906; x_wconf 85' lang='lat'>”,</span> <span class='ocrx_word' id='word_1_43' title='bbox 925 831 1004 911; x_wconf 90' lang='lat' dir='ltr'>quia</span> <span class='ocrx_word' id='word_1_44' title='bbox 1019 831 1072 893; x_wconf 89' lang='lat' dir='ltr'>hic</span> <span class='ocrx_word' id='word_1_45' title='bbox 1088 834 1158 913; x_wconf 86' lang='lat' dir='ltr'>agi-</span> 
     </span>
     <span class='ocr_line' id='line_1_9' title="bbox 58 933 1155 1015; baseline 0.003 -22"><span class='ocrx_word' id='word_1_46' title='bbox 58 943 109 994; x_wconf 88' lang='lat' dir='ltr'>tur</span> <span class='ocrx_word' id='word_1_47' title='bbox 124 933 169 996; x_wconf 92' lang='lat' dir='ltr'>de</span> <span class='ocrx_word' id='word_1_48' title='bbox 187 937 386 1015; x_wconf 77' lang='lat' dir='ltr'>impotentia</span> <span class='ocrx_word' id='word_1_49' title='bbox 404 955 469 996; x_wconf 91' lang='lat' dir='ltr'>non</span> <span class='ocrx_word' id='word_1_50' title='bbox 487 936 626 1015; x_wconf 74' lang='lat' dir='ltr'>physica</span> <span class='ocrx_word' id='word_1_51' title='bbox 643 936 700 996; x_wconf 91' lang='lat' dir='ltr'>sed</span> <span class='ocrx_word' id='word_1_52' title='bbox 719 934 834 996; x_wconf 92' lang='lat' dir='ltr'>morali</span> <span class='ocrx_word' id='word_1_53' title='bbox 854 957 859 994; x_wconf 94' lang='lat'><strong>:</strong></span> <span class='ocrx_word' id='word_1_54' title='bbox 895 933 1030 1014; x_wconf 91' lang='lat' dir='ltr'>physica</span> <span class='ocrx_word' id='word_1_55' title='bbox 1049 935 1155 1014; x_wconf 92' lang='lat' dir='ltr'>impo-</span> 
     </span>
    </p>
   </div>
   <div class='ocr_carea' id='block_1_4' title="bbox 59 1035 1160 2048">
    <p class='ocr_par' dir='ltr' id='par_1_5' title="bbox 59 1035 1160 2048">
     <span class='ocr_line' id='line_1_10' title="bbox 59 1035 1159 1118; baseline 0.004 -24"><span class='ocrx_word' id='word_1_56' title='bbox 59 1037 163 1099; x_wconf 85' lang='lat' dir='ltr'>tentia</span> <span class='ocrx_word' id='word_1_57' title='bbox 180 1048 231 1099; x_wconf 89' lang='lat' dir='ltr'>est</span> <span class='ocrx_word' id='word_1_58' title='bbox 248 1037 401 1100; x_wconf 88' lang='lat' dir='ltr'>absoluta</span> <span class='ocrx_word' id='word_1_59' title='bbox 419 1038 621 1118; x_wconf 85' lang='lat' dir='ltr'>incapacitas</span> <span class='ocrx_word' id='word_1_60' title='bbox 645 1035 756 1100; x_wconf 69' lang='lat' dir='ltr'>astum</span> <span class='ocrx_word' id='word_1_61' title='bbox 781 1037 943 1110; x_wconf 87' lang='lat' dir='ltr'>eliciendi,</span> <span class='ocrx_word' id='word_1_62' title='bbox 959 1058 987 1098; x_wconf 91' lang='lat' dir='ltr'>v.</span> <span class='ocrx_word' id='word_1_63' title='bbox 1010 1058 1039 1118; x_wconf 89' lang='lat' dir='ltr'>g.</span> <span class='ocrx_word' id='word_1_64' title='bbox 1057 1037 1159 1100; x_wconf 92' lang='lat' dir='ltr'>homo</span> 
     </span>
     <span class='ocr_line' id='line_1_11' title="bbox 59 1139 1154 1222; baseline 0.004 -23"><span class='ocrx_word' id='word_1_65' title='bbox 59 1139 198 1219; x_wconf 88' lang='lat' dir='ltr'>physice</span> <span class='ocrx_word' id='word_1_66' title='bbox 215 1143 382 1222; x_wconf 87' lang='lat' dir='ltr'>impotens</span> <span class='ocrx_word' id='word_1_67' title='bbox 399 1143 507 1203; x_wconf 86' lang='lat' dir='ltr'>estad</span> <span class='ocrx_word' id='word_1_68' title='bbox 524 1140 723 1216; x_wconf 87' lang='lat' dir='ltr'>volandum;</span> <span class='ocrx_word' id='word_1_69' title='bbox 757 1141 891 1202; x_wconf 90' lang='lat' dir='ltr'>moralis</span> <span class='ocrx_word' id='word_1_70' title='bbox 915 1150 1024 1202; x_wconf 91' lang='lat' dir='ltr'>autem</span> <span class='ocrx_word' id='word_1_71' title='bbox 1048 1142 1154 1222; x_wconf 91' lang='lat' dir='ltr'>impo-</span> 
     </span>
     <span class='ocr_line' id='line_1_12' title="bbox 60 1243 1158 1326; baseline 0.002 -22"><span class='ocrx_word' id='word_1_72' title='bbox 60 1246 164 1306; x_wconf 89' lang='lat' dir='ltr'>tentia</span> <span class='ocrx_word' id='word_1_73' title='bbox 184 1255 237 1308; x_wconf 90' lang='lat' dir='ltr'>est</span> <span class='ocrx_word' id='word_1_74' title='bbox 257 1267 388 1308; x_wconf 90' lang='lat' dir='ltr'>summa</span> <span class='ocrx_word' id='word_1_75' title='bbox 408 1243 585 1309; x_wconf 86' lang='lat' dir='ltr'>difficultas</span> <span class='ocrx_word' id='word_1_76' title='bbox 609 1245 650 1306; x_wconf 90' lang='lat' dir='ltr'>ad</span> <span class='ocrx_word' id='word_1_77' title='bbox 674 1244 799 1323; x_wconf 88' lang='lat' dir='ltr'>aliquid</span> <span class='ocrx_word' id='word_1_78' title='bbox 824 1247 1092 1326; x_wconf 67' lang='lat' dir='ltr'>agendumque</span> <span class='ocrx_word' id='word_1_79' title='bbox 1115 1247 1158 1307; x_wconf 88' lang='lat' dir='ltr'>de</span> 
     </span>
     <span class='ocr_line' id='line_1_13' title="bbox 60 1343 1158 1430; baseline 0.005 -25"><span class='ocrx_word' id='word_1_80' title='bbox 60 1343 146 1409; x_wconf 67' lang='lat' dir='ltr'>fatto</span> <span class='ocrx_word' id='word_1_81' title='bbox 162 1369 346 1430; x_wconf 90' lang='lat' dir='ltr'>nunquam,</span> <span class='ocrx_word' id='word_1_82' title='bbox 362 1349 411 1410; x_wconf 90' lang='lat' dir='ltr'>vel</span> <span class='ocrx_word' id='word_1_83' title='bbox 437 1349 501 1410; x_wconf 86' lang='lat' dir='ltr'>sere</span> <span class='ocrx_word' id='word_1_84' title='bbox 524 1367 695 1427; x_wconf 89' lang='lat' dir='ltr'>nunquam</span> <span class='ocrx_word' id='word_1_85' title='bbox 713 1357 894 1428; x_wconf 87' lang='lat' dir='ltr'>superatur,</span> <span class='ocrx_word' id='word_1_86' title='bbox 911 1347 988 1410; x_wconf 86' lang='lat' dir='ltr'>licet</span> <span class='ocrx_word' id='word_1_87' title='bbox 1008 1349 1158 1410; x_wconf 85' lang='lat' dir='ltr'>absolute</span> 
     </span>
     <span class='ocr_line' id='line_1_14' title="bbox 60 1449 1158 1532; baseline 0.005 -24"><span class='ocrx_word' id='word_1_88' title='bbox 60 1453 206 1529; x_wconf 90' lang='lat' dir='ltr'>superari</span> <span class='ocrx_word' id='word_1_89' title='bbox 224 1453 345 1532; x_wconf 90' lang='lat' dir='ltr'>possit:</span> <span class='ocrx_word' id='word_1_90' title='bbox 373 1473 400 1513; x_wconf 91' lang='lat' dir='ltr'>v.</span> <span class='ocrx_word' id='word_1_91' title='bbox 420 1472 449 1532; x_wconf 89' lang='lat' dir='ltr'>g.</span> <span class='ocrx_word' id='word_1_92' title='bbox 473 1471 592 1512; x_wconf 90' lang='lat' dir='ltr'>manus</span> <span class='ocrx_word' id='word_1_93' title='bbox 608 1449 753 1511; x_wconf 90' lang='lat' dir='ltr'>hominis</span> <span class='ocrx_word' id='word_1_94' title='bbox 771 1471 836 1513; x_wconf 89' lang='lat' dir='ltr'>non</span> <span class='ocrx_word' id='word_1_95' title='bbox 853 1461 964 1532; x_wconf 91' lang='lat' dir='ltr'>potest</span> <span class='ocrx_word' id='word_1_96' title='bbox 981 1451 1158 1528; x_wconf 83' lang='lat' dir='ltr'>moraliter,</span> 
     </span>
     <span class='ocr_line' id='line_1_15' title="bbox 60 1550 1158 1634; baseline 0.003 -23"><span class='ocrx_word' id='word_1_97' title='bbox 60 1553 184 1633; x_wconf 88' lang='lat' dir='ltr'>absque</span> <span class='ocrx_word' id='word_1_98' title='bbox 198 1555 265 1616; x_wconf 94' lang='lat' dir='ltr'>ullo</span> <span class='ocrx_word' id='word_1_99' title='bbox 277 1556 507 1627; x_wconf 90' lang='lat' dir='ltr'>instrumento,</span> <span class='ocrx_word' id='word_1_100' title='bbox 515 1553 672 1615; x_wconf 89' lang='lat' dir='ltr'>circulum</span> <span class='ocrx_word' id='word_1_101' title='bbox 687 1550 831 1634; x_wconf 69' lang='lat' dir='ltr'>perfecte</span> <span class='ocrx_word' id='word_1_102' title='bbox 845 1553 1025 1614; x_wconf 93' lang='lat' dir='ltr'>rotundum</span> <span class='ocrx_word' id='word_1_103' title='bbox 1036 1554 1158 1614; x_wconf 90' lang='lat' dir='ltr'>descri-</span> 
     </span>
     <span class='ocr_line' id='line_1_16' title="bbox 60 1645 1156 1742; baseline 0.005 -29"><span class='ocrx_word' id='word_1_104' title='bbox 60 1655 150 1730; x_wconf 89' lang='lat' dir='ltr'>bere;</span> <span class='ocrx_word' id='word_1_105' title='bbox 176 1653 235 1742; x_wconf 90' lang='lat' dir='ltr'>(b)</span> <span class='ocrx_word' id='word_1_106' title='bbox 249 1664 265 1688; x_wconf 77' lang='lat'>‘¹</span> <span class='ocrx_word' id='word_1_107' title='bbox 279 1659 349 1719; x_wconf 90' lang='lat' dir='ltr'>sine</span> <span class='ocrx_word' id='word_1_108' title='bbox 358 1645 506 1737; x_wconf 73' lang='lat' dir='ltr'>gratuito</span> <span class='ocrx_word' id='word_1_109' title='bbox 521 1655 644 1717; x_wconf 68' lang='lat' dir='ltr'>araxilzb</span> <span class='ocrx_word' id='word_1_110' title='bbox 656 1654 672 1678; x_wconf 92' lang='lat'>”</span> <span class='ocrx_word' id='word_1_111' title='bbox 682 1677 696 1726; x_wconf 86' lang='lat'>,·</span> <span class='ocrx_word' id='word_1_112' title='bbox 724 1655 844 1736; x_wconf 92' lang='lat' dir='ltr'>quibus</span> <span class='ocrx_word' id='word_1_113' title='bbox 861 1656 968 1718; x_wconf 92' lang='lat' dir='ltr'>verbis</span> <span class='ocrx_word' id='word_1_114' title='bbox 986 1677 1052 1718; x_wconf 90' lang='lat' dir='ltr'>non</span> <span class='ocrx_word' id='word_1_115' title='bbox 1070 1657 1156 1718; x_wconf 88' lang='lat' dir='ltr'>affir-</span> 
     </span>
     <span class='ocr_line' id='line_1_17' title="bbox 62 1760 1159 1840; baseline 0.005 -23"><span class='ocrx_word' id='word_1_116' title='bbox 62 1777 191 1820; x_wconf 84' lang='lat' dir='ltr'>mamus</span> <span class='ocrx_word' id='word_1_117' title='bbox 207 1761 287 1822; x_wconf 89' lang='lat' dir='ltr'>illud</span> <span class='ocrx_word' id='word_1_118' title='bbox 305 1760 458 1823; x_wconf 89' lang='lat' dir='ltr'>absolute</span> <span class='ocrx_word' id='word_1_119' title='bbox 474 1769 506 1822; x_wconf 90' lang='lat' dir='ltr'>et</span> <span class='ocrx_word' id='word_1_120' title='bbox 524 1779 633 1840; x_wconf 90' lang='lat' dir='ltr'>perse</span> <span class='ocrx_word' id='word_1_121' title='bbox 652 1760 903 1840; x_wconf 85' lang='lat' dir='ltr'>supernaturale</span> <span class='ocrx_word' id='word_1_122' title='bbox 929 1780 1001 1821; x_wconf 87' lang='lat' dir='ltr'>esse</span> <span class='ocrx_word' id='word_1_123' title='bbox 1020 1761 1159 1838; x_wconf 87' lang='lat' dir='ltr'>debere;</span> 
     </span>
     <span class='ocr_line' id='line_1_18' title="bbox 61 1861 1157 1944; baseline 0.006 -25"><span class='ocrx_word' id='word_1_124' title='bbox 61 1861 179 1926; x_wconf 86' lang='lat' dir='ltr'>sufficit</span> <span class='ocrx_word' id='word_1_125' title='bbox 193 1865 292 1938; x_wconf 90' lang='lat' dir='ltr'>enim,</span> <span class='ocrx_word' id='word_1_126' title='bbox 306 1864 406 1944; x_wconf 90' lang='lat' dir='ltr'>juxta</span> <span class='ocrx_word' id='word_1_127' title='bbox 423 1863 680 1944; x_wconf 85' lang='lat' dir='ltr'>probabiliorem</span> <span class='ocrx_word' id='word_1_128' title='bbox 698 1863 908 1938; x_wconf 87' lang='lat' dir='ltr'>sententiam,</span> <span class='ocrx_word' id='word_1_129' title='bbox 924 1863 1087 1925; x_wconf 89' lang='lat' dir='ltr'>auxilium</span> <span class='ocrx_word' id='word_1_130' title='bbox 1105 1885 1157 1926; x_wconf 92' lang='lat' dir='ltr'>su-</span> 
     </span>
     <span class='ocr_line' id='line_1_19' title="bbox 62 1962 1160 2048; baseline 0.003 -25"><span class='ocrx_word' id='word_1_131' title='bbox 62 1967 270 2041; x_wconf 88' lang='lat' dir='ltr'>pernaturale</span> <span class='ocrx_word' id='word_1_132' title='bbox 281 1967 391 2048; x_wconf 83' lang='lat' dir='ltr'>quoad</span> <span class='ocrx_word' id='word_1_133' title='bbox 398 1967 536 2042; x_wconf 76' lang='lat' dir='ltr'>randum,</span> <span class='ocrx_word' id='word_1_134' title='bbox 548 1965 723 2046; x_wconf 80' lang='lat' dir='ltr'>seu&#39;gratia</span> <span class='ocrx_word' id='word_1_135' title='bbox 733 1962 934 2025; x_wconf 83' lang='lat' dir='ltr'>medicinalis</span> <span class='ocrx_word' id='word_1_136' title='bbox 940 1986 953 2034; x_wconf 92' lang='lat'>,·</span> <span class='ocrx_word' id='word_1_137' title='bbox 971 1963 1019 2042; x_wconf 86' lang='lat' dir='ltr'>(c)</span> <span class='ocrx_word' id='word_1_138' title='bbox 1031 1971 1160 2026; x_wconf 73' lang='lat' dir='ltr'>“oritnes</span> 
     </span>
    </p>
   </div>
   <div class='ocr_carea' id='block_1_5' title="bbox 60 2067 1158 2246">
    <p class='ocr_par' dir='ltr' id='par_1_6' title="bbox 60 2067 1158 2246">
     <span class='ocr_line' id='line_1_20' title="bbox 60 2067 1156 2149; baseline 0.006 -24"><span class='ocrx_word' id='word_1_139' title='bbox 60 2085 177 2142; x_wconf 78' lang='lat' dir='ltr'>graves</span> <span class='ocrx_word' id='word_1_140' title='bbox 192 2070 395 2131; x_wconf 85' lang='lat' dir='ltr'>tentationes</span> <span class='ocrx_word' id='word_1_141' title='bbox 406 2069 430 2144; x_wconf 89' lang='grc'>”,</span> <span class='ocrx_word' id='word_1_142' title='bbox 446 2071 524 2149; x_wconf 91' lang='lat' dir='ltr'>quia</span> <span class='ocrx_word' id='word_1_143' title='bbox 547 2069 650 2130; x_wconf 93' lang='lat' dir='ltr'>homo</span> <span class='ocrx_word' id='word_1_144' title='bbox 675 2077 784 2148; x_wconf 89' lang='lat' dir='ltr'>potest</span> <span class='ocrx_word' id='word_1_145' title='bbox 809 2076 909 2140; x_wconf 93' lang='lat' dir='ltr'>certo,</span> <span class='ocrx_word' id='word_1_146' title='bbox 925 2067 1066 2146; x_wconf 91' lang='lat' dir='ltr'>propriis</span> <span class='ocrx_word' id='word_1_147' title='bbox 1082 2070 1156 2132; x_wconf 83' lang='lat' dir='ltr'>viri-</span> 
     </span>
     <span class='ocr_line' id='line_1_21' title="bbox 63 2165 1158 2246; baseline 0.005 -21"><span class='ocrx_word' id='word_1_148' title='bbox 63 2165 119 2226; x_wconf 89' lang='lat' dir='ltr'>bus</span> <span class='ocrx_word' id='word_1_149' title='bbox 143 2167 273 2229; x_wconf 91' lang='lat' dir='ltr'>levibus</span> <span class='ocrx_word' id='word_1_150' title='bbox 294 2169 535 2230; x_wconf 90' lang='lat' dir='ltr'>tentationibus</span> <span class='ocrx_word' id='word_1_151' title='bbox 551 2166 741 2246; x_wconf 82' lang='lat' dir='ltr'>singulatim</span> <span class='ocrx_word' id='word_1_152' title='bbox 761 2165 903 2244; x_wconf 91' lang='lat' dir='ltr'>sumptis</span> <span class='ocrx_word' id='word_1_153' title='bbox 920 2167 1079 2244; x_wconf 89' lang='lat' dir='ltr'>resistere,</span> <span class='ocrx_word' id='word_1_154' title='bbox 1090 2169 1158 2230; x_wconf 92' lang='lat' dir='ltr'>imo</span> 
     </span>
    </p>
   </div>
   <div class='ocr_carea' id='block_1_6' title="bbox 64 2268 1204 3904">
    <p class='ocr_par' dir='ltr' id='par_1_7' title="bbox 64 2268 1157 2452">
     <span class='ocr_line' id='line_1_22' title="bbox 64 2268 1157 2350; baseline 0.004 -22"><span class='ocrx_word' id='word_1_155' title='bbox 64 2270 284 2345; x_wconf 84' lang='lat' dir='ltr'>probabiliter,</span> <span class='ocrx_word' id='word_1_156' title='bbox 297 2271 398 2350; x_wconf 87' lang='lat' dir='ltr'>juxta</span> <span class='ocrx_word' id='word_1_157' title='bbox 414 2271 586 2350; x_wconf 87' lang='lat' dir='ltr'>quosdam,</span> <span class='ocrx_word' id='word_1_158' title='bbox 597 2269 692 2332; x_wconf 89' lang='lat' dir='ltr'>alicui</span> <span class='ocrx_word' id='word_1_159' title='bbox 706 2268 798 2347; x_wconf 88' lang='lat' dir='ltr'>gravi</span> <span class='ocrx_word' id='word_1_160' title='bbox 815 2268 992 2329; x_wconf 89' lang='lat' dir='ltr'>tentationi</span> <span class='ocrx_word' id='word_1_161' title='bbox 1010 2289 1157 2332; x_wconf 90' lang='lat' dir='ltr'>seorsum</span> 
     </span>
     <span class='ocr_line' id='line_1_23' title="bbox 64 2371 909 2452; baseline 0 -20"><span class='ocrx_word' id='word_1_162' title='bbox 64 2371 230 2450; x_wconf 65' lang='lat' dir='ltr'>spectatae,</span> <span class='ocrx_word' id='word_1_163' title='bbox 246 2375 324 2436; x_wconf 89' lang='lat' dir='ltr'>licet</span> <span class='ocrx_word' id='word_1_164' title='bbox 341 2375 373 2436; x_wconf 89' lang='lat' dir='ltr'>id</span> <span class='ocrx_word' id='word_1_165' title='bbox 389 2374 599 2435; x_wconf 86' lang='lat' dir='ltr'>communius</span> <span class='ocrx_word' id='word_1_166' title='bbox 616 2381 738 2452; x_wconf 83' lang='lat' dir='ltr'>negent</span> <span class='ocrx_word' id='word_1_167' title='bbox 754 2371 909 2452; x_wconf 87' lang='lat' dir='ltr'>theologi.</span> 
     </span>
    </p>

    <p class='ocr_par' dir='ltr' id='par_1_8' title="bbox 65 2475 1204 3904">
     <span class='ocr_line' id='line_1_24' title="bbox 102 2475 1159 2558; baseline 0.004 -22"><span class='ocrx_word' id='word_1_168' title='bbox 102 2489 149 2550; x_wconf 79' lang='lat'>41.</span> <span class='ocrx_word' id='word_1_169' title='bbox 200 2489 236 2538; x_wconf 87' lang='lat'>20</span> <span class='ocrx_word' id='word_1_170' title='bbox 256 2476 424 2540; x_wconf 82' lang='lat' dir='ltr'>Probatur</span> <span class='ocrx_word' id='word_1_171' title='bbox 438 2475 497 2558; x_wconf 82' lang='lat' dir='ltr'>(A)</span> <span class='ocrx_word' id='word_1_172' title='bbox 518 2477 635 2556; x_wconf 60' lang='lat' dir='ltr'>Scapt.</span> <span class='ocrx_word' id='word_1_173' title='bbox 680 2476 730 2556; x_wconf 80' lang='lat' dir='ltr'>(a)</span> <span class='ocrx_word' id='word_1_174' title='bbox 751 2475 925 2539; x_wconf 86' lang='lat' dir='ltr'>Multoties</span> <span class='ocrx_word' id='word_1_175' title='bbox 941 2477 1029 2539; x_wconf 91' lang='lat' dir='ltr'>enim</span> <span class='ocrx_word' id='word_1_176' title='bbox 1052 2479 1159 2540; x_wconf 92' lang='lat' dir='ltr'>oratio</span> 
     </span>
     <span class='ocr_line' id='line_1_25' title="bbox 65 2579 1158 2660; baseline 0.006 -24"><span class='ocrx_word' id='word_1_177' title='bbox 65 2589 96 2637; x_wconf 89' lang='lat' dir='ltr'>ut</span> <span class='ocrx_word' id='word_1_178' title='bbox 123 2583 310 2644; x_wconf 85' lang='lat' dir='ltr'>necessaria</span> <span class='ocrx_word' id='word_1_179' title='bbox 345 2582 599 2644; x_wconf 85' lang='lat' dir='ltr'>commendatur</span> <span class='ocrx_word' id='word_1_180' title='bbox 621 2582 663 2642; x_wconf 85' lang='lat' dir='ltr'>ad</span> <span class='ocrx_word' id='word_1_181' title='bbox 688 2579 890 2642; x_wconf 90' lang='lat' dir='ltr'>tentationes</span> <span class='ocrx_word' id='word_1_182' title='bbox 915 2583 1120 2660; x_wconf 89' lang='lat' dir='ltr'>superandas</span> <span class='ocrx_word' id='word_1_183' title='bbox 1151 2603 1158 2644; x_wconf 73' lang='grc' dir='ltr'><strong>ι</strong></span> 
     </span>
     <span class='ocr_line' id='line_1_26' title="bbox 65 2679 1156 2768; baseline 0.005 -28"><span class='ocrx_word' id='word_1_184' title='bbox 65 2679 234 2762; x_wconf 83' lang='lat' dir='ltr'>“Vigilate</span> <span class='ocrx_word' id='word_1_185' title='bbox 251 2695 285 2746; x_wconf 90' lang='lat' dir='ltr'>et</span> <span class='ocrx_word' id='word_1_186' title='bbox 303 2695 395 2747; x_wconf 88' lang='lat' dir='ltr'>orate</span> <span class='ocrx_word' id='word_1_187' title='bbox 412 2695 448 2748; x_wconf 91' lang='lat' dir='ltr'>ut</span> <span class='ocrx_word' id='word_1_188' title='bbox 465 2705 530 2748; x_wconf 88' lang='lat' dir='ltr'>non</span> <span class='ocrx_word' id='word_1_189' title='bbox 550 2684 678 2746; x_wconf 89' lang='lat' dir='ltr'>intretis</span> <span class='ocrx_word' id='word_1_190' title='bbox 693 2679 729 2768; x_wconf 92' lang='lat' dir='ltr'>(i.</span> <span class='ocrx_word' id='word_1_191' title='bbox 746 2703 771 2744; x_wconf 91' lang='lat' dir='ltr'>e.</span> <span class='ocrx_word' id='word_1_192' title='bbox 790 2702 855 2743; x_wconf 91' lang='lat' dir='ltr'>non</span> <span class='ocrx_word' id='word_1_193' title='bbox 876 2683 1108 2764; x_wconf 85' lang='lat' dir='ltr'>consentiatis)</span> <span class='ocrx_word' id='word_1_194' title='bbox 1125 2685 1156 2746; x_wconf 90' lang='lat' dir='ltr'>in</span> 
     </span>
     <span class='ocr_line' id='line_1_27' title="bbox 66 2786 1158 2868; baseline 0.009 -28"><span class='ocrx_word' id='word_1_195' title='bbox 66 2786 282 2847; x_wconf 87' lang='lat' dir='ltr'>tentationem</span> <span class='ocrx_word' id='word_1_196' title='bbox 297 2787 311 2810; x_wconf 83' lang='lat'>&#39;¹</span> <span class='ocrx_word' id='word_1_197' title='bbox 324 2799 351 2862; x_wconf 89' lang='lat'>1;</span> <span class='ocrx_word' id='word_1_198' title='bbox 375 2788 467 2868; x_wconf 88' lang='lat' dir='ltr'>atqui</span> <span class='ocrx_word' id='word_1_199' title='bbox 484 2788 509 2848; x_wconf 90' lang='lat' dir='ltr'>si</span> <span class='ocrx_word' id='word_1_200' title='bbox 526 2789 612 2849; x_wconf 90' lang='lat' dir='ltr'>vires</span> <span class='ocrx_word' id='word_1_201' title='bbox 629 2786 797 2848; x_wconf 90' lang='lat' dir='ltr'>naturales</span> <span class='ocrx_word' id='word_1_202' title='bbox 819 2788 860 2848; x_wconf 92' lang='lat' dir='ltr'>ad</span> <span class='ocrx_word' id='word_1_203' title='bbox 878 2787 1081 2848; x_wconf 87' lang='lat' dir='ltr'>tentationes</span> <span class='ocrx_word' id='word_1_204' title='bbox 1105 2809 1158 2850; x_wconf 91' lang='lat' dir='ltr'>su-</span> 
     </span>
     <span class='ocr_line' id='line_1_28' title="bbox 68 2887 1158 2971; baseline 0.01 -28"><span class='ocrx_word' id='word_1_205' title='bbox 68 2890 224 2960; x_wconf 87' lang='lat' dir='ltr'>perandas</span> <span class='ocrx_word' id='word_1_206' title='bbox 241 2887 436 2964; x_wconf 86' lang='lat' dir='ltr'>sufficerent,</span> <span class='ocrx_word' id='word_1_207' title='bbox 453 2890 558 2952; x_wconf 91' lang='lat' dir='ltr'>oratio</span> <span class='ocrx_word' id='word_1_208' title='bbox 576 2891 760 2952; x_wconf 88' lang='lat' dir='ltr'>necessaria</span> <span class='ocrx_word' id='word_1_209' title='bbox 773 2910 838 2950; x_wconf 91' lang='lat' dir='ltr'>non</span> <span class='ocrx_word' id='word_1_210' title='bbox 853 2899 940 2952; x_wconf 90' lang='lat' dir='ltr'>esset</span> <span class='ocrx_word' id='word_1_211' title='bbox 955 2891 997 2952; x_wconf 91' lang='lat' dir='ltr'>ad</span> <span class='ocrx_word' id='word_1_212' title='bbox 1015 2893 1158 2971; x_wconf 85' lang='lat' dir='ltr'>gratiam</span> 
     </span>
     <span class='ocr_line' id='line_1_29' title="bbox 67 2986 1204 3073; baseline 0.01 -26"><span class='ocrx_word' id='word_1_213' title='bbox 67 2986 316 3068; x_wconf 87' lang='lat' dir='ltr'>impetrandam,</span> <span class='ocrx_word' id='word_1_214' title='bbox 339 2997 406 3072; x_wconf 73' lang='lat' dir='ltr'>qua</span> <span class='ocrx_word' id='word_1_215' title='bbox 433 2995 657 3069; x_wconf 89' lang='lat' dir='ltr'>vincerentur;</span> <span class='ocrx_word' id='word_1_216' title='bbox 696 3013 782 3072; x_wconf 84' lang='lat' dir='ltr'>ergo¹</span> <span class='ocrx_word' id='word_1_217' title='bbox 831 2991 879 3073; x_wconf 82' lang='lat' dir='ltr'>(b)</span> <span class='ocrx_word' id='word_1_218' title='bbox 896 2993 929 3056; x_wconf 91' lang='lat' dir='ltr'>S.</span> <span class='ocrx_word' id='word_1_219' title='bbox 947 2994 1077 3068; x_wconf 70' lang='lat' dir='ltr'>Paulus</span> <span class='ocrx_word' id='word_1_220' title='bbox 1102 2998 1157 3058; x_wconf 88' lang='lat' dir='ltr'>de·</span> <span class='ocrx_word' id='word_1_221' title='bbox 1200 3020 1204 3026; x_wconf 80' lang='grc'><strong>’</strong></span> 
     </span>
     <span class='ocr_line' id='line_1_30' title="bbox 67 3093 1159 3177; baseline 0.011 -29"><span class='ocrx_word' id='word_1_222' title='bbox 67 3093 208 3154; x_wconf 84' lang='lat' dir='ltr'>scribens</span> <span class='ocrx_word' id='word_1_223' title='bbox 224 3105 348 3158; x_wconf 89' lang='lat' dir='ltr'>statum</span> <span class='ocrx_word' id='word_1_224' title='bbox 365 3097 509 3158; x_wconf 89' lang='lat' dir='ltr'>bominis</span> <span class='ocrx_word' id='word_1_225' title='bbox 526 3098 674 3158; x_wconf 91' lang='lat' dir='ltr'>nondum</span> <span class='ocrx_word' id='word_1_226' title='bbox 689 3097 900 3176; x_wconf 88' lang='lat' dir='ltr'>pergratiam</span> <span class='ocrx_word' id='word_1_227' title='bbox 919 3099 1159 3177; x_wconf 89' lang='lat' dir='ltr'>regenerati,ut</span> 
     </span>
     <span class='ocr_line' id='line_1_31' title="bbox 68 3191 1158 3280; baseline 0.01 -29"><span class='ocrx_word' id='word_1_228' title='bbox 68 3191 123 3256; x_wconf 86' lang='lat' dir='ltr'>lert</span> <span class='ocrx_word' id='word_1_229' title='bbox 139 3199 347 3259; x_wconf 89' lang='lat' dir='ltr'>communior</span> <span class='ocrx_word' id='word_1_230' title='bbox 368 3201 490 3280; x_wconf 88' lang='lat' dir='ltr'>opinio,</span> <span class='ocrx_word' id='word_1_231' title='bbox 506 3200 557 3261; x_wconf 90' lang='lat' dir='ltr'>vel</span> <span class='ocrx_word' id='word_1_232' title='bbox 574 3202 683 3274; x_wconf 83' lang='lat' dir='ltr'>etiam,</span> <span class='ocrx_word' id='word_1_233' title='bbox 699 3199 798 3279; x_wconf 88' lang='lat' dir='ltr'>juxta</span> <span class='ocrx_word' id='word_1_234' title='bbox 825 3199 998 3279; x_wconf 90' lang='lat' dir='ltr'>quosdam,</span> <span class='ocrx_word' id='word_1_235' title='bbox 1015 3201 1158 3262; x_wconf 91' lang='lat' dir='ltr'>hominis</span> 
     </span>
     <span class='ocr_line' id='line_1_32' title="bbox 69 3301 1158 3382; baseline 0.008 -25"><span class='ocrx_word' id='word_1_236' title='bbox 69 3301 245 3376; x_wconf 87' lang='lat' dir='ltr'>regenerati</span> <span class='ocrx_word' id='word_1_237' title='bbox 269 3303 327 3363; x_wconf 85' lang='lat' dir='ltr'>secl</span> <span class='ocrx_word' id='word_1_238' title='bbox 355 3303 463 3365; x_wconf 89' lang='lat' dir='ltr'>adhuc</span> <span class='ocrx_word' id='word_1_239' title='bbox 486 3304 641 3382; x_wconf 81' lang='lat' dir='ltr'>gravibus</span> <span class='ocrx_word' id='word_1_240' title='bbox 664 3303 905 3365; x_wconf 87' lang='lat' dir='ltr'>tentationibus</span> <span class='ocrx_word' id='word_1_241' title='bbox 921 3304 1071 3378; x_wconf 86' lang='lat' dir='ltr'>obnoxii,</span> <span class='ocrx_word' id='word_1_242' title='bbox 1087 3305 1158 3366; x_wconf 82' lang='lat' dir='ltr'>haec</span> 
     </span>
     <span class='ocr_line' id='line_1_33' title="bbox 68 3397 1157 3487; baseline 0.003 -24"><span class='ocrx_word' id='word_1_243' title='bbox 68 3397 209 3467; x_wconf 83' lang='lat' dir='ltr'>habet2:</span> <span class='ocrx_word' id='word_1_244' title='bbox 246 3405 370 3467; x_wconf 90' lang='lat' dir='ltr'>“Velle</span> <span class='ocrx_word' id='word_1_245' title='bbox 387 3408 517 3486; x_wconf 89' lang='lat' dir='ltr'>adjacet</span> <span class='ocrx_word' id='word_1_246' title='bbox 534 3407 622 3482; x_wconf 89' lang='lat' dir='ltr'>mihi,</span> <span class='ocrx_word' id='word_1_247' title='bbox 640 3405 795 3487; x_wconf 88' lang='lat' dir='ltr'>perficere</span> <span class='ocrx_word' id='word_1_248' title='bbox 811 3416 923 3468; x_wconf 89' lang='lat' dir='ltr'>autem</span> <span class='ocrx_word' id='word_1_249' title='bbox 941 3406 1065 3467; x_wconf 92' lang='lat' dir='ltr'>bonum</span> <span class='ocrx_word' id='word_1_250' title='bbox 1091 3426 1157 3467; x_wconf 93' lang='lat' dir='ltr'>non</span> 
     </span>
     <span class='ocr_line' id='line_1_34' title="bbox 71 3501 1158 3590; baseline 0.008 -30"><span class='ocrx_word' id='word_1_251' title='bbox 71 3501 249 3570; x_wconf 84' lang='lat' dir='ltr'>invenio...</span> <span class='ocrx_word' id='word_1_252' title='bbox 295 3509 405 3570; x_wconf 90' lang='lat' dir='ltr'>Video</span> <span class='ocrx_word' id='word_1_253' title='bbox 421 3522 531 3572; x_wconf 90' lang='lat' dir='ltr'>autern</span> <span class='ocrx_word' id='word_1_254' title='bbox 550 3512 648 3572; x_wconf 89' lang='lat' dir='ltr'>aliam</span> <span class='ocrx_word' id='word_1_255' title='bbox 666 3510 773 3590; x_wconf 87' lang='lat' dir='ltr'>legem</span> <span class='ocrx_word' id='word_1_256' title='bbox 788 3511 819 3570; x_wconf 93' lang='lat' dir='ltr'>in</span> <span class='ocrx_word' id='word_1_257' title='bbox 838 3509 995 3571; x_wconf 90' lang='lat' dir='ltr'>membris</span> <span class='ocrx_word' id='word_1_258' title='bbox 1012 3510 1093 3570; x_wconf 90' lang='lat' dir='ltr'>meis</span> <span class='ocrx_word' id='word_1_259' title='bbox 1109 3529 1158 3569; x_wconf 90' lang='lat' dir='ltr'>re·</span> 
     </span>
     <span class='ocr_line' id='line_1_35' title="bbox 72 3611 1159 3693; baseline 0.006 -27"><span class='ocrx_word' id='word_1_260' title='bbox 72 3621 268 3686; x_wconf 86' lang='lat' dir='ltr'>pugnantem</span> <span class='ocrx_word' id='word_1_261' title='bbox 300 3611 364 3692; x_wconf 89' lang='lat' dir='ltr'>legi</span> <span class='ocrx_word' id='word_1_262' title='bbox 389 3614 509 3674; x_wconf 89' lang='lat' dir='ltr'>mentis</span> <span class='ocrx_word' id='word_1_263' title='bbox 533 3633 616 3674; x_wconf 82' lang='lat' dir='ltr'>meae</span> <span class='ocrx_word' id='word_1_264' title='bbox 640 3623 672 3674; x_wconf 91' lang='lat' dir='ltr'>et</span> <span class='ocrx_word' id='word_1_265' title='bbox 697 3613 924 3693; x_wconf 88' lang='lat' dir='ltr'>captivantem</span> <span class='ocrx_word' id='word_1_266' title='bbox 949 3632 1002 3673; x_wconf 93' lang='lat' dir='ltr'>me</span> <span class='ocrx_word' id='word_1_267' title='bbox 1026 3612 1058 3672; x_wconf 88' lang='lat' dir='ltr'>in</span> <span class='ocrx_word' id='word_1_268' title='bbox 1087 3611 1159 3691; x_wconf 85' lang='lat' dir='ltr'>lege</span> 
     </span>
     <span class='ocr_line' id='line_1_36' title="bbox 73 3713 1157 3796; baseline 0.007 -29"><span class='ocrx_word' id='word_1_269' title='bbox 73 3713 199 3788; x_wconf 87' lang='lat' dir='ltr'>peccati,</span> <span class='ocrx_word' id='word_1_270' title='bbox 220 3723 361 3793; x_wconf 83' lang='lat' dir='ltr'>quaeest</span> <span class='ocrx_word' id='word_1_271' title='bbox 379 3715 409 3777; x_wconf 91' lang='lat' dir='ltr'>in</span> <span class='ocrx_word' id='word_1_272' title='bbox 428 3716 584 3778; x_wconf 88' lang='lat' dir='ltr'>membris</span> <span class='ocrx_word' id='word_1_273' title='bbox 602 3716 692 3778; x_wconf 89' lang='lat' dir='ltr'>meis.</span> <span class='ocrx_word' id='word_1_274' title='bbox 739 3716 863 3777; x_wconf 81' lang='lat' dir='ltr'>Infelix</span> <span class='ocrx_word' id='word_1_275' title='bbox 879 3735 943 3796; x_wconf 87' lang='lat' dir='ltr'>ego</span> <span class='ocrx_word' id='word_1_276' title='bbox 959 3716 1069 3788; x_wconf 73' lang='lat' dir='ltr'>homo</span> <span class='ocrx_word' id='word_1_277' title='bbox 1084 3715 1157 3795; x_wconf 88' lang='lat' dir='ltr'>quis</span> 
     </span>
     <span class='ocr_line' id='line_1_37' title="bbox 76 3816 1157 3904; baseline 0.006 -32"><span class='ocrx_word' id='word_1_278' title='bbox 76 3829 119 3872; x_wconf 72' lang='lat' dir='ltr'>ure</span> <span class='ocrx_word' id='word_1_279' title='bbox 143 3816 297 3878; x_wconf 90' lang='lat' dir='ltr'>liberabit</span> <span class='ocrx_word' id='word_1_280' title='bbox 319 3819 361 3879; x_wconf 90' lang='lat' dir='ltr'>de</span> <span class='ocrx_word' id='word_1_281' title='bbox 384 3839 521 3900; x_wconf 90' lang='lat' dir='ltr'>corpore</span> <span class='ocrx_word' id='word_1_282' title='bbox 545 3821 660 3882; x_wconf 89' lang='lat' dir='ltr'>mortis</span> <span class='ocrx_word' id='word_1_283' title='bbox 688 3820 805 3899; x_wconf 83' lang='lat' dir='ltr'>hujus?</span> <span class='ocrx_word' id='word_1_284' title='bbox 861 3818 978 3904; x_wconf 68' lang='lat' dir='ltr'>Gratia</span> <span class='ocrx_word' id='word_1_285' title='bbox 1004 3818 1066 3881; x_wconf 89' lang='lat' dir='ltr'>Dei</span> <span class='ocrx_word' id='word_1_286' title='bbox 1099 3837 1157 3898; x_wconf 88' lang='lat' dir='ltr'>per</span> 
     </span>
    </p>
   </div>
   <div class='ocr_carea' id='block_1_7' title="bbox 961 3961 1155 3970">
    <p class='ocr_par' dir='ltr' id='par_1_9' title="bbox 961 3961 1155 3970">
     <span class='ocr_line' id='line_1_38' title="bbox 961 3961 1155 3970; baseline -0.005 -1"><span class='ocrx_word' id='word_1_287' title='bbox 961 3961 1155 3970; x_wconf 49' lang='grc' dir='ltr'>-ῌ</span> 
     </span>
    </p>
   </div>
   <div class='ocr_carea' id='block_1_8' title="bbox 77 4033 1153 4278">
    <p class='ocr_par' dir='ltr' id='par_1_10' title="bbox 77 4033 1153 4278">
     <span class='ocr_line' id='line_1_39' title="bbox 105 4033 978 4102; baseline 0.003 -20"><span class='ocrx_word' id='word_1_288' title='bbox 105 4034 201 4087; x_wconf 73' lang='grc' dir='ltr'><em>ιΜαίΙ.</em></span> <span class='ocrx_word' id='word_1_289' title='bbox 217 4033 325 4100; x_wconf 88' lang='lat' dir='ltr'>XXVl‚</span> <span class='ocrx_word' id='word_1_290' title='bbox 341 4047 387 4098; x_wconf 81' lang='lat'>41;</span> <span class='ocrx_word' id='word_1_291' title='bbox 405 4034 453 4086; x_wconf 83' lang='lat' dir='ltr'>cir.</span> <span class='ocrx_word' id='word_1_292' title='bbox 469 4035 537 4086; x_wconf 84' lang='lat' dir='ltr'>Luc.</span> <span class='ocrx_word' id='word_1_293' title='bbox 552 4034 605 4084; x_wconf 88' lang='lat' dir='ltr'>XV</span> <span class='ocrx_word' id='word_1_294' title='bbox 610 4034 665 4099; x_wconf 91' lang='lat' dir='ltr'>lll,</span> <span class='ocrx_word' id='word_1_295' title='bbox 682 4048 706 4096; x_wconf 90' lang='lat'>1;</span> <span class='ocrx_word' id='word_1_296' title='bbox 727 4035 745 4084; x_wconf 91' lang='grc' dir='ltr'><em>Ι</em></span> <span class='ocrx_word' id='word_1_297' title='bbox 756 4033 818 4087; x_wconf 87' lang='lat' dir='ltr'>Cor.</span> <span class='ocrx_word' id='word_1_298' title='bbox 835 4034 872 4096; x_wconf 88' lang='lat' dir='ltr'>X,</span> <span class='ocrx_word' id='word_1_299' title='bbox 892 4048 978 4102; x_wconf 85' lang='lat'>12-13.</span> 
     </span>
     <span class='ocr_line' id='line_1_40' title="bbox 104 4119 1146 4189; baseline 0.001 -17"><span class='ocrx_word' id='word_1_300' title='bbox 104 4120 193 4172; x_wconf 70' lang='lat' dir='ltr'>&#39;Rom</span> <span class='ocrx_word' id='word_1_301' title='bbox 210 4121 279 4186; x_wconf 89' lang='lat' dir='ltr'>Vll,</span> <span class='ocrx_word' id='word_1_302' title='bbox 294 4120 381 4187; x_wconf 56' lang='lat'>1825.</span> <span class='ocrx_word' id='word_1_303' title='bbox 393 4151 427 4159; x_wconf 84' lang='lat'>—</span> <span class='ocrx_word' id='word_1_304' title='bbox 442 4121 505 4174; x_wconf 77' lang='lat' dir='ltr'>Hac</span> <span class='ocrx_word' id='word_1_305' title='bbox 519 4121 554 4174; x_wconf 89' lang='lat' dir='ltr'>de</span> <span class='ocrx_word' id='word_1_306' title='bbox 568 4138 606 4186; x_wconf 88' lang='lat' dir='ltr'>re,</span> <span class='ocrx_word' id='word_1_307' title='bbox 619 4133 646 4174; x_wconf 88' lang='lat' dir='ltr'>et</span> <span class='ocrx_word' id='word_1_308' title='bbox 660 4122 696 4174; x_wconf 91' lang='lat' dir='ltr'>acl</span> <span class='ocrx_word' id='word_1_309' title='bbox 709 4120 841 4174; x_wconf 82' lang='lat' dir='ltr'>fusiorem</span> <span class='ocrx_word' id='word_1_310' title='bbox 862 4121 943 4189; x_wconf 88' lang='lat' dir='ltr'>hujus</span> <span class='ocrx_word' id='word_1_311' title='bbox 958 4120 1010 4173; x_wconf 93' lang='lat' dir='ltr'>loci</span> <span class='ocrx_word' id='word_1_312' title='bbox 1024 4119 1146 4188; x_wconf 88' lang='lat' dir='ltr'>interpre</span> 
     </span>
     <span class='ocr_line' id='line_1_41' title="bbox 77 4203 1153 4278; baseline 0.007 -26"><span class='ocrx_word' id='word_1_313' title='bbox 77 4203 206 4274; x_wconf 85' lang='lat' dir='ltr'>tationem,</span> <span class='ocrx_word' id='word_1_314' title='bbox 217 4209 282 4263; x_wconf 92' lang='lat' dir='ltr'>vide</span> <span class='ocrx_word' id='word_1_315' title='bbox 292 4208 396 4277; x_wconf 77' lang='lat' dir='ltr'>Corluy</span> <span class='ocrx_word' id='word_1_316' title='bbox 407 4207 588 4277; x_wconf 84' lang='lat' dir='ltr'>Spicilegium</span> <span class='ocrx_word' id='word_1_317' title='bbox 601 4209 918 4278; x_wconf 85' lang='lat' dir='ltr'>dogmatico-biblicum,</span> <span class='ocrx_word' id='word_1_318' title='bbox 930 4219 947 4261; x_wconf 93' lang='lat' dir='ltr'>t.</span> <span class='ocrx_word' id='word_1_319' title='bbox 962 4208 1000 4274; x_wconf 90' lang='lat'>11,</span> <span class='ocrx_word' id='word_1_320' title='bbox 1011 4224 1035 4276; x_wconf 92' lang='lat' dir='ltr'>p.</span> <span class='ocrx_word' id='word_1_321' title='bbox 1047 4207 1098 4274; x_wconf 86' lang='lat'>287</span> <span class='ocrx_word' id='word_1_322' title='bbox 1111 4224 1153 4278; x_wconf 88' lang='lat' dir='ltr'>sq.</span> 
     </span>
    </p>
   </div>
   <div class='ocr_carea' id='block_1_9' title="bbox 0 0 1394 4644">
    <p class='ocr_par' dir='ltr' id='par_1_11' title="bbox 0 0 1394 4644">
     <span class='ocr_line' id='line_1_42' title="bbox 0 0 1394 4644; baseline 0 0"><span class='ocrx_word' id='word_1_323' title='bbox 0 0 1394 4644; x_wconf 95' lang='lat' dir='ltr'> </span> 
     </span>
    </p>
   </div>
  </div>
 </body>
</html>
