2794 4662
233 163 298 216 ⁶68
602 161 659 212 DE
677 160 968 210 meramnum.

234 343 314 406 satis
326 343 507 406 ostendens
521 343 766 406 matrimoniale
779 341 946 406 vinculum
960 341 1053 404 nullo
1065 341 1099 404 in
1111 362 1195 404 casu
1206 342 1320 404 solvi.-

236 445 413 508 Accedunt
425 446 490 508 loca
499 445 663 526 parallelo
675 445 744 526 jam
758 446 869 516 citata,
882 445 915 506 in
928 444 1048 525 quibus
1062 446 1137 506 sine
1150 445 1221 506 ulla
1234 447 1320 506 restri-

233 545 344 612 &ione
368 547 522 610 asseritur
543 567 619 610 eum
644 548 699 628 qui
723 548 863 610 dimittit
890 567 1029 610 uxorem
1054 557 1088 609 et
1112 547 1216 609 aliam
1241 547 1323 616 ducit

234 651 433 714 adulterium
451 652 669 725 committere,
686 660 719 714 et
743 651 861 713 iterum
879 670 955 713 eum
972 652 1027 730 qui
1052 651 1231 712 dimissam
1256 669 1323 710 uxo-

233 773 301 816 rem
334 753 439 828 nubit,
471 753 638 816 moechari.
698 753 855 834 Jamvero
892 752 1091 834 principium
1132 762 1184 814 est
1226 752 1323 813 incon-

233 877 365 920 cussum
390 855 531 919 obscura
555 855 627 918 loca
655 876 714 937 per
740 855 804 918 alia
828 856 966 918 clariora
990 854 1212 936 intelligenda
1235 867 1324 916 esse¹¹

234 959 386 1022 Tandem
404 977 503 1020 omne
520 959 669 1034 dubium,
685 959 711 1020 si
729 958 819 1040 quod
837 936 1031 1032 remaneret:
1046 958 1213 1020 catholica
1238 959 1324 1020 tradi·

233 1062 324 1126 tione
341 1061 474 1124 tollitur.

276 1173 324 1242 55.
361 1162 422 1245 (Β)
440 1162 562 1226 Tradit.
603 1163 681 1226 Tria
694 1173 847 1244 tempora
861 1164 893 1225 in
906 1164 1043 1226 historia
1055 1163 1154 1242 hujus
1167 1163 1326 1243 dogmatis

233 1265 437 1348 distinguere
461 1265 545 1329 licet.
591 1264 642 1347 (a)
659 1265 795 1329 Certum
820 1275 870 1328 est
895 1267 1019 1338 Patres,
1042 1265 1148 1327 tribus
1172 1265 1327 1346 prioribus

234 1369 372 1444 saeculis,
388 1388 442 1430 ore
458 1369 608 1432 unanimi
625 1369 745 1431 docere
762 1369 1010 1432 matrimonium
1027 1367 1245 1430 christianum
1265 1387 1327 1429 esse

234 1469 472 1543 indissolubile,
494 1470 595 1532 etiarn
620 1471 653 1532 in
677 1490 756 1533 casu
780 1471 943 1534 adulterii.
990 1471 1098 1533 Pauca
1122 1469 1264 1532 sufficiat
1288 1490 1326 1530 re·

234 1571 317 1636 serre
334 1574 525 1636 testimonia
536 1585 556 1635 ².
604 1573 748 1636 Hermas
763 1573 927 1654 siquidem
945 1573 1017 1636 haec
1033 1573 1134 1636 habet
1150 1574 1193 1635 de
1209 1575 1328 1635 ratione

235 1675 355 1758 agendi
373 1695 452 1758 erga
469 1676 639 1738 mulierem
653 1676 838 1738 adulteram
850 1687 864 1732 3
878 1697 885 1737 :
908 1675 1026 1757 “Quid
1043 1695 1123 1755 ergo
1138 1676 1165 1736 si
1183 1694 1328 1756 perman-

234 1777 312 1840 serit
330 1777 362 1839 in
376 1778 457 1840 vitio
469 1797 530 1840 suo
544 1777 685 1840 mulier?
709 1778 754 1841 Et
767 1778 855 1840 dixit
870 1802 876 1839 :
899 1777 1048 1840 dimittat
1062 1777 1154 1840 illam
1167 1778 1231 1858 vir,
1244 1779 1327 1839 ereb

228 1889 489 1962 permutauerit.
536 1880 637 1962 Quod
655 1881 682 1942 si
699 1881 862 1942 dimiserit
879 1881 1050 1943 mulierem
1067 1900 1171 1954 suam,
1188 1891 1220 1942 et
1234 1880 1329 1940 alrbm
1373 1927 1374 1992 l

234 1981 372 2056 duxerit,
404 1992 438 2045 et
469 1983 540 2064 ipse
571 1981 781 2044 rnechatur''.
843 1981 973 2045 Eodem
1005 2003 1102 2044 sensu
1134 1983 1330 2064 scripserunt
1374 2001 1375 2052 l

237 2085 271 2146 S.
283 2083 472 2167 sustineor,
488 2084 717 2166 Athenagoras
728 2095 748 2158 5,
768 2083 912 2147 Clemens
927 2085 1045 2147 Alex.⁶
1061 2085 1183 2166 aliique
1201 2085 1303 2149 multi.
1375 2076 1376 2127 l

235 2185 286 2266 (b)
305 2185 334 2248 A
353 2196 472 2268 quarto
495 2187 618 2248 saeculo
643 2189 685 2249 ad
709 2186 879 2249 decretum
907 2187 1068 2250 Gratiani
1087 2187 1100 2267 (
1107 2205 1117 2249 r
1129 2191 1203 2268 115)
1219 2189 1330 2250 distin·
1377 2226 1378 2245 r

234 2289 403 2370 guentlum
420 2297 470 2351 cst
488 2288 573 2351 inter
590 2287 774 2352 Ecclesiam
793 2289 998 2352 Orientalem
1019 2299 1052 2352 et
1070 2291 1254 2352 Ecclesiam
1271 2290 1329 2354 Oc·
1378 2302 1379 2320 ¹

235 2389 443 2452 cidentalem.
505 2390 541 2452 ln
571 2389 710 2453 Oriente
737 2390 887 2452 nonnulli
911 2392 1095 2473 scriptores,
1120 2393 1219 2454 nimis
1243 2392 1330 2455 facile

235 2495 455 2558 assentientes
479 2494 606 2574 legibus
630 2493 789 2568 civilibus,
806 2513 882 2574 quae
899 2496 1076 2557 divortium
1094 2506 1229 2578 propter
1245 2496 1331 2558 adul·

235 2599 365 2670 terium,
390 2597 524 2678 longam
550 2597 658 2659 mariti
682 2597 867 2660 absentiam
892 2597 1039 2678 aliasque
1062 2617 1179 2660 causas
1203 2599 1330 2680 permit-

236 2709 320 2774 tunt,
338 2699 481 2782 primum
505 2701 631 2776 timide,
647 2710 766 2781 postea
782 2721 859 2762 vero
880 2699 1037 2761 audacius
1052 2700 1232 2764 divortium
1256 2701 1330 2763 tole-

236 2803 376 2868 randum
405 2822 477 2866 esse
503 2801 1006 2878 docuerunt,dissimulantibus
1031 2813 1215 2885 posteaque
1237 2808 1329 2867 etiam

236 2907 452 2990 probantibus
469 2907 642 2990 episcopie,
660 2909 842 2988 praesertim
860 2918 936 2989 post
951 2917 1221 2970 consummatum
1238 2909 1329 2969 schis-

237 3031 291 3074 ma
302 3023 322 3074 ⁷.
369 3011 464 3094 Quos
487 3012 610 3074 abusus
633 3031 700 3073 non
725 3012 827 3073 semel
852 3013 1051 3094 improbavit
1068 3011 1100 3074 S.
1119 3011 1234 3084 Sedes,
1249 3022 1282 3073 et
1303 3011 1330 3072 in

239 3111 271 3178 C.
283 3113 476 3185 Florentino,
487 3113 542 3176 ubi
556 3114 719 3194 agebatur
733 3115 776 3175 de
788 3116 911 3176 unione
923 3133 999 3176 cum
1013 3115 1166 3176 Romana
1180 3114 1332 3182 Ecclesia,

237 3215 406 3297 Erigeru'rrs
417 3215 456 3278 ΙΙ
465 3216 475 3230 ’
484 3217 516 3277 in
530 3218 665 3278 decreto
677 3218 720 3278 ad
736 3217 902 3278 Armenos
914 3214 1101 3279 doetrinam
1113 3218 1156 3279 de
1169 3220 1333 3280 matrimo-

237 3321 282 3384 nii
307 3318 463 3382 firmitate
480 3319 598 3382 iterum
616 3320 796 3382 declararit
814 3341 822 3384 :
845 3325 861 3353 “
873 3320 1036 3402 Quamvis
1051 3331 1161 3382 autem
1179 3323 1334 3384 excausa

271 3563 280 3596 ¹
294 3563 378 3634 Quod
389 3563 515 3618 nonnulli
528 3563 721 3618 Protestantes
732 3565 937 3629 intellexerunt,
948 3583 972 3618 v.
983 3583 1009 3633 g.
1021 3565 1055 3617 E.
1058 3565 1091 3633 J.
1102 3565 1215 3634 Phelps,
1226 3567 1336 3623 Femur,

238 3651 307 3706 Dec·
325 3650 399 3719 else
410 3667 437 3720 r>-
452 3665 510 3718 sss·

271 3746 280 3770 ’
294 3740 363 3790 Rem
375 3737 486 3806 plenitus
500 3739 657 3791 discussum
671 3739 735 3790 ride
748 3739 823 3806 apud
838 3739 970 3794 Pervorse.
984 3739 1000 3790 Ι
1014 3738 1068 3804 ΙΙΙ,
1077 3756 1100 3791 e
1110 3753 1139 3807 3:
1159 3737 1335 3808 Rormani.

235 3839 273 3891 op
295 3825 341 3876 cit.
360 3827 402 3876 lle
425 3824 636 3877 lnriissolubilit.
652 3825 831 3885 matrimonii,
846 3842 870 3877 c.
886 3825 937 3883 lv,
953 3823 1090 3878 Doctrina
1109 3826 1278 3896 Ecclesiaes'
1296 3845 1335 3880 ror

236 3929 276 3978 sq.
316 3911 371 3962 Cir.
386 3912 423 3964 A.
441 3913 564 3970 Eswrein,
586 3913 623 3964 Le
645 3913 774 3978 llariage
793 3929 828 3966 en
851 3913 932 3965 Droit
952 3915 1129 3982 Canoniqoe,
1149 3915 1240 3977 Paris,
1258 3917 1319 3969 1801
1334 3935 1339 3968 ε

243 3999 265 4046 ΙΙ
274 3997 382 4050 lueres,
393 4015 437 4064 ομ.
449 4001 494 4050 cit.
509 4015 534 4066 p
552 3997 599 4053 108
613 4017 652 4066 sq.

270 4091 280 4120 ³
296 4083 401 4136 Pastor.
414 4085 459 4134 lib
475 4085 513 4140 ΙΙ,
526 4085 653 4136 blandai.
665 4101 688 4146 ,ι
703 4113 734 4122 -
745 4103 755 4130 ⁸
766 4087 846 4152 apol.
862 4086 883 4143 Ι,
896 4103 923 4138 n.
938 4099 981 4153 13:
1000 4088 1083 4155 spot
1097 4088 1135 4152 ΙΙ,
1146 4103 1173 4140 n.
1186 4105 1214 4141 π.

271 4161 281 4190 ³
297 4165 308 4214 Ι
320 4181 361 4228 eg.
373 4183 424 4231 pro
436 4169 531 4220 christ.
544 4185 569 4220 n
581 4185 622 4236 3²-
642 4199 667 4208 -
677 4169 688 4198 ‘
699 4172 831 4224 Semnum
842 4173 860 4224 l.
876 4173 913 4228 ΙΙ.
924 4190 949 4225 c.
962 4188 975 4224 2
979 4189 1002 4239 ζ,

272 4247 347 4300 tt'r'r.
359 4251 488 4306 rusve-ra
501 4269 544 4320 op
559 4257 604 4306 cit.
619 4267 637 4308 t.
656 4257 711 4310 ΙΙΙ.
725 4273 750 4324 p
761 4271 889 4326 ,ἥψω
914 4261 938 4310 ΙΙ
945 4261 1107 4328 :ursana
1118 4259 1164 4312 cit.
1175 4277 1204 4328 p
1216 4263 1339 4329 „6362
