2758 4652
234 177 301 226 566
670 178 910 227 APPENDIX.

233 355 363 435 piarum
381 355 505 418 aurium
523 354 717 420 ofsensivam
734 359 907 422 damnavit
924 360 1189 441 propositionem
1208 359 1316 440 Synodi

237 457 446 520 Pistoriensis
463 461 640 522 asserentis
657 457 869 522 “luctuosius
884 460 993 522 adhuc
1009 480 1082 522 esse
1098 463 1189 542 quod
1205 461 1318 523 chima·

236 560 303 621 rica
321 560 437 622 isthaec
454 562 634 642 applicatio
653 561 964 641 (indulgentiarum)
982 562 1152 625 transferri
1169 564 1266 625 volita
1287 565 1319 624 sit

235 659 270 721 in
287 659 468 725 defunctos.
486 663 501 688 '’
546 662 718 746 (Denaing.
735 685 764 728 n.
787 661 896 750 1405).

281 764 442 826 Attamen
460 765 651 846 hujusmodi
668 777 817 848 potestas
846 769 891 832 ita
914 780 1089 833 exercetur
1111 779 1148 832 ut
1164 770 1217 832 hae
1232 770 1321 832 indul·

235 869 358 948 gentiae
374 867 500 933 directe
523 871 605 931 vivis
622 891 681 952 per
697 873 833 934 modurn
848 871 1000 952 juridica}
1016 874 1235 949 absolutionis,
1250 873 1320 935 indi·

237 970 324 1035 recte
341 983 471 1036 tantum
490 975 628 1037 mortuis
644 977 861 1056 applicentur,
872 997 930 1058 per
943 977 1079 1038 modum
1096 976 1263 1038 solutionis
1276 976 1320 1037 de·

235 1075 305 1137 biti.
359 1077 456 1150 Nam,
468 1087 503 1139 ut
520 1076 567 1138 ait
586 1077 619 1138 S.
638 1077 667 1138 Τ
664 1077 777 1140 lromos
791 1078 823 1159 (l.
836 1080 912 1159 cit),
925 1076 1048 1142 directe
1061 1087 1094 1140 et
1110 1079 1320 1158 principaliter

237 1177 291 1239 ille
307 1178 550 1260 indulgentiam
567 1180 689 1261 accipit
710 1181 765 1261 qui
791 1181 869 1244 facit
885 1182 947 1243 hoc
964 1201 1024 1262 pro
1040 1200 1109 1261 quo
1128 1180 1321 1262 indulgentia

236 1283 351 1358 datur;
388 1283 475 1344 unde
492 1302 567 1344 cum
585 1284 705 1345 mortui
724 1303 788 1346 non
807 1285 935 1365 possint
951 1282 1058 1345 lacere
1076 1283 1202 1365 aliquid
1219 1283 1319 1345 horum

236 1404 311 1464 quae
328 1385 596 1466 praescribuntur,
611 1387 657 1446 eis
673 1383 798 1448 directe
814 1387 1031 1467 indulgentiae
1047 1386 1157 1449 valere
1174 1407 1238 1448 non
1260 1405 1321 1467 pos

236 1497 321 1549 sunt.
370 1487 447 1550 Huc
463 1508 543 1568 ergo
566 1489 651 1551 redit
666 1490 837 1552 concessio
861 1489 1078 1570 indulgentiae
1095 1509 1156 1569 pro
1171 1487 1320 1552 delunitis

236 1603 281 1666 ut,
308 1593 339 1654 vi
366 1591 572 1655 auctoritatis
597 1593 765 1666 Ecclesiae,
793 1593 899 1656 fidelis
925 1595 1028 1668 vivus,
1051 1595 1107 1675 qui
1131 1595 1225 1675 pium
1251 1613 1320 1674 opus

237 1702 382 1773 praestat,
398 1695 449 1756 cui
466 1693 662 1771 annectitur,
678 1699 782 1778 possit
798 1695 964 1760 desundtis
980 1696 1147 1778 applicare
1172 1698 1321 1760 remissio·

237 1815 313 1874 nem
331 1817 436 1878 poenae
453 1817 563 1878 quarn,
579 1798 738 1861 lucrando
750 1800 1002 1880 indulgentiam,
1014 1800 1162 1879 acquirit.

282 1911 348 1975 123.
396 1899 444 1980 (b)
458 1899 677 1980 lndrrlgeolioe
690 1899 756 1960 olm
780 1899 898 1961 habent
913 1921 973 1960 non
989 1899 1093 1961 solum
1108 1907 1217 1962 cor‘am
1233 1900 1322 1962 Ercle·

234 1999 287 2060 sirl
312 2000 360 2061 ad
380 2001 535 2063 tollendos
553 2011 667 2079 ponas
692 1999 867 2072 canonicas,
881 2000 940 2061 sed
959 2000 1057 2062 strom
1080 2023 1187 2064 coram
1204 2002 1270 2064 Deo
1288 2001 1325 2062 od

236 2103 448 2166 remittendos
463 2115 576 2184 puoros
591 2103 779 2184 terrrporales
794 2103 932 2183 peccatis
953 2103 1085 2168 debitos.
1133 2107 1266 2170 Certum
1282 2115 1322 2166 est

236 2227 279 2268 ex
306 2209 522 2270 damnatione
545 2209 718 2271 contrariae
741 2209 916 2270 sententiae
939 2228 1039 2289 quarn
1068 2219 1322 2290 propugnaverat

238 2309 538 2390 Synstzstoriensis
546 2325 563 2373 ¹.
599 2311 696 2386 Nam,
708 2320 744 2372 ut
760 2307 848 2372 recte
858 2311 1098 2374 animadvertit
1117 2310 1153 2373 S.
1171 2312 1201 2372 T
1197 2311 1321 2384 homno,

236 2414 498 2476 adversariorum
516 2414 629 2496 opinio
646 2424 696 2476 est
712 2432 870 2494 expresse
886 2423 1002 2476 contra
1014 2414 1223 2495 privilegium
1240 2416 1322 2476 l'etro

234 2518 362 2590 datum,
377 2519 428 2580 cui
445 2514 572 2580 dietum
589 2527 639 2578 est
662 2526 699 2578 ut
715 2516 804 2596 quod
822 2516 855 2577 in
873 2521 959 2579 terrai
983 2517 1175 2591 remitteret,
1194 2519 1225 2579 in
1248 2517 1321 2578 coelo

235 2621 465 2682 remitteretur.
514 2620 613 2683 Unde
637 2620 797 2693 remissio,
813 2639 887 2700 quae
914 2618 950 2682 fir
976 2631 1137 2701 quantum
1158 2621 1199 2682 ad
1229 2620 1320 2682 lorum

237 2723 404 2799 Ecclesiae,
420 2724 515 2786 valet·
535 2725 635 2786 etiam
663 2733 824 2804 quantum
855 2724 897 2785 ad
925 2721 1032 2785 sorum
1051 2723 1124 2785 Dei.
1172 2724 1320 2786 Praeterea

236 2826 385 2889 Ecclesia
402 2826 591 2906 hujusmodi
609 2827 833 2907 indulgentias
850 2826 1037 2888 concedens
1053 2827 1161 2908 magis
1183 2825 1319 2889 damnifi-

236 2939 325 2992 caret
341 2949 440 3010 quam
458 2930 639 3010 adjuvaret,
655 2951 758 3011 quum
776 2931 808 2992 in
827 2931 1019 3012 purgatorio
1035 2951 1145 3011 poenae
1162 2939 1319 2993 essentto

236 3033 381 3096 lerandae
397 3054 479 3114 quas
496 3035 528 3095 in
547 3039 633 3096 terra
650 3036 842 3096 remitteret.

280 3135 412 3197 Gratias
438 3137 537 3215 igitur
555 3136 696 3213 Christ0,
712 3138 768 3218 qui
785 3139 827 3198 de
850 3134 1013 3216 sanguine
1034 3156 1095 3196 suo
1112 3137 1317 3198 medicamen·

235 3246 306 3298 turn
332 3238 408 3299 iecit
434 3239 578 3319 aegrotis,
595 3240 683 3301 unde
700 3260 764 3301 non
790 3239 897 3301 solum
925 3258 944 3298 a
971 3239 1116 3318 peccatis
1139 3240 1257 3302 nostris
1272 3237 1316 3298 sed

234 3342 335 3402 etiarn
353 3363 371 3402 a
388 3344 487 3423 poena
504 3343 629 3403 eisdem
647 3342 759 3404 debita
776 3341 904 3407 liberari
922 3341 1086 3402 valemus!

271 4273 345 4342 Ἀρ.
365 4277 530 4345 Denzinger,
545 4297 571 4332 n.
592 4295 665 4347 1403.
683 4310 715 4317 —
729 4286 738 4316 ‘²
750 4283 818 4351 Sup.
833 4301 860 4351 q.
877 4299 920 4352 25,
936 4301 959 4338 a.
981 4302 1002 4338 r.
