2794 4662
235 173 302 226 oso
373 143 375 148 ’
600 172 657 222 nn
676 171 969 224 xnrmuoxro.

273 418 323 482 33
372 404 468 462 Tloesis
492 418 549 463 1⁶:
582 403 748 468 Ecclesia
772 407 993 482 potestatem
1019 403 1128 469 habet
1151 402 1328 468 statuendi

230 500 311 582 iure
334 499 475 580 proprio
497 499 751 579 impedimenta
773 501 1042 566 matrimonium
1064 501 1280 580 dirimentia,
1299 507 1330 564 et

231 597 415 679 judicandi
437 615 569 663 causas
584 598 867 664 matrimoniales
886 615 966 677 quae
989 597 1207 663 matrimonii
1222 597 1329 662 vincu-

237 696 311 760 lum
327 693 533 775 respiciunt.
580 697 631 760 De
636 696 708 779 fide
723 707 774 761 est
790 717 832 760 ex
851 697 881 759 T
879 696 993 760 rident.
1007 722 1019 763 .·
1041 697 1108 763 “Si
1124 697 1201 779 quis
1217 698 1332 759 dixerit

225 802 422 876 ‚Ecclesiam
441 820 506 864 non
525 801 672 883 potuisse
687 801 889 864 constituere
906 801 1148 883 impedimenta
1170 803 1333 865 matrimo

238 907 329 969 nium
347 905 545 980 dirimentia,
560 904 612 967 vel
637 905 669 967 in
694 905 733 968 iis
755 905 998 968 constituendis
1014 911 1148 982 errasse,
1165 905 1209 969 A.
1227 905 1260 971 S.
1302 906 1332 970 Si

238 1011 312 1091 quis
328 1010 452 1072 dixerit
469 1026 585 1070 causas
603 1007 866 1071 matrimoniales
883 1028 949 1071 non
974 1007 1124 1091 spedtare
1149 1011 1191 1073 ad
1214 1009 1334 1091 judices

238 1113 488 1187 ecclesiasticos,
514 1111 553 1173 A.
572 1111 622 1176 S.”
646 1111 740 1194 (sess.
765 1111 897 1187 XXIV,
919 1131 989 1174 can.
1013 1130 1043 1190 4,
1071 1113 1128 1192 12.)
1185 1113 1335 1194 Jamvero

239 1215 429 1297 hujusmodi
446 1233 591 1277 canones
606 1215 789 1296 dogmatici
806 1224 893 1290 sunt,
905 1216 1067 1298 quidquid
1085 1216 1117 1279 in
1135 1216 1332 1278 contrarium

241 1320 335 1400 pauci
352 1317 500 1381 dixerint
514 1339 521 1394 ;
545 1316 598 1378 hic
614 1318 703 1380 enim
720 1319 830 1400 agitur
845 1318 888 1379 de
910 1338 943 1380 re
965 1339 1030 1381 non
1051 1319 1268 1401 disciplinari,
1284 1318 1333 1379 sed

240 1426 281 1486 ad
297 1423 394 1486 tidem
408 1419 587 1504 spectante,
598 1421 664 1485 scii.
675 1422 718 1485 de
734 1423 806 1504 ipsa
819 1431 985 1503 potestate
997 1421 1157 1484 Ecclesiae
1170 1423 1260 1486 etde
1273 1423 1335 1503 ejus

241 1526 475 1588 infallibilitate
492 1525 524 1587 in
542 1527 703 1588 exercitio
719 1525 817 1606 hujus
830 1525 922 1605 juris.
970 1527 1132 1588 Praetcrea
1149 1526 1237 1588 hanc
1255 1537 1336 1608 potc-

242 1638 361 1693 statem
381 1627 537 1692 Ecclesiae
553 1627 660 1690 inesse
672 1625 746 1707 jure
763 1625 906 1707 proprio,
923 1645 989 1688 non
1006 1635 1118 1688 autem
1141 1647 1186 1688 ex
1209 1646 1335 1688 conces·

242 1735 333 1796 sione
362 1732 561 1813 Principum,
588 1729 753 1811 colligitur
784 1747 827 1790 ex
858 1724 1075 1792 damnatione
1105 1730 1336 1810 propositionis

243 1836 370 1917 Synodi
389 1835 606 1910 pistoriensis,
622 1833 654 1895 in
671 1833 737 1913 qut
753 1832 927 1913 oppositus
943 1851 1033 1894 error
1047 1835 1336 1914 propugnabatur:

242 1941 318 2004 talis
334 1942 422 2004 enim
441 1939 625 2021 propositio
640 1946 677 2000 ut
699 1934 889 1998 Tridentino
903 1936 1068 1998 contraria
1091 1945 1125 1998 et
1150 1956 1195 1998 ex
1219 1936 1336 2000 hareti-

243 2045 308 2106 cali
316 2043 478 2124 principio
495 2038 651 2123 prolecta,
668 2038 843 2121 reprobata
860 2038 922 2102 suit
933 2051 954 2104 ¹.

288 2165 337 2229 34.
383 2146 442 2228 (A)
453 2145 562 2208 Praxi
572 2143 728 2207 Ecclesiae.
776 2142 947 2224 Siquidem
963 2141 1112 2206 Ecclesia
1125 2147 1164 2206 ea
1178 2153 1335 2226 potestate

244 2251 375 2332 gaudet,
392 2253 458 2332 qua
481 2248 669 2330 frequenter
684 2267 703 2308 a
720 2247 834 2329 primis
850 2247 979 2311 saeculis
1002 2265 1063 2310 usa
1084 2257 1157 2326 est;
1180 2250 1272 2331 atqui
1294 2249 1333 2310 hi·
1379 2327 1380 2336 ἵ

244 2353 363 2416 storice
378 2362 523 2426 constat,
536 2351 607 2431 jam
624 2371 644 2413 a
659 2370 732 2414 saec.
750 2350 810 2425 IV,
828 2349 1009 2413 Ecclesiam
1022 2350 1096 2432 jure
1111 2370 1174 2414 suo
1190 2353 1332 2415 statuisse
1379 2369 1380 2434 l

245 2457 484 2538 impedimenta
500 2455 841 2529 dirimentia,et‚data
858 2455 1039 2530 occasione,
1052 2456 1094 2517 de
1110 2456 1220 2517 causis
1233 2457 1331 2518 matri·
1379 2439 1380 2468 i

246 2561 444 2624 monialibus
460 2560 569 2642 quoad
589 2560 697 2640 ipsum
714 2557 882 2620 vinculum
897 2557 1084 2639 judicasse:
1108 2557 1159 2638 (a)
1178 2557 1331 2641 Imprimis

245 2664 477 2746 antiquissima
504 2671 553 2723 est
583 2661 741 2723 Ecclesiae
770 2660 834 2736 lex,
862 2661 893 2723 vi
925 2659 1018 2741 cujus
1046 2663 1259 2726 matrimonia
1282 2663 1331 2724 vir·

246 2769 360 2850 ginum
389 2787 464 2848 quae
489 2765 682 2826 solemniter
705 2783 796 2826 suam
824 2763 1047 2844 virginitatem
1075 2763 1149 2826 Deo
1177 2775 1331 2840 voverant,

246 2892 312 2934 non
331 2872 437 2934 solum
455 2869 568 2932 illicita
585 2870 641 2930 sed
659 2868 759 2930 etiam
784 2868 928 2930 invalida
952 2867 1067 2931 habita
1082 2881 1184 2947 sunt,
1208 2871 1254 2934 ita
1269 2891 1294 2932 v.
1307 2891 1330 2952 g.

248 2975 397 3039 Gelasius
412 2974 454 3035 Ι2
470 2971 582 3034 scribit
601 2994 607 3033 :
632 2971 853 3051 “Virginibus
870 2972 969 3034 sacris
988 2981 1112 3034 temere
1129 2993 1165 3034 se
1181 2975 1330 3055 quosdam

246 3079 370 3140 sociare
383 3075 609 3158 cognovimus,
619 3083 653 3136 et
670 3082 746 3155 post
758 3073 905 3135 dicatum
919 3073 993 3135 Deo
1006 3075 1215 3156 propositum
1230 3076 1331 3138 incesta

238 3183 365 3261 federa
380 3190 412 3242 et
429 3178 589 3258 sacrilega
606 3177 742 3238 miscere
754 3175 790 3252 ”;
811 3175 961 3255 jamvero
977 3177 1102 3238 incesta
1125 3176 1252 3240 loedera
1266 3197 1331 3240 sane

247 3287 392 3348 validum
421 3282 622 3345 connubium
651 3281 760 3342 vocari
790 3289 965 3361 nequeunt.
1022 3279 1124 3342 Porro
1155 3280 1331 3362 hujusmodi

248 3389 301 3452 lex
325 3409 369 3449 ex
391 3386 482 3449 nullo
504 3386 590 3448 civili
609 3385 732 3448 Codice
749 3384 927 3466 desumpta
944 3393 1015 3460 est;
1038 3405 1117 3466 ergo
1134 3385 1177 3446 ab
1195 3387 1266 3468 ipsa
1282 3387 1331 3449 Er·

247 3493 344 3554 elesii
358 3491 432 3571 jure
449 3490 581 3572 proprio
595 3488 662 3551 iata
680 3487 749 3550 suit.
797 3487 846 3568 (b)
858 3487 871 3549 Ι
877 3497 943 3549 tem
958 3486 1081 3550 Concil.
1095 3488 1332 3552 rVeocoesarr'citst

249 3592 347 3680 (314)
366 3614 435 3656 can.
454 3609 471 3654 2
489 3593 606 3655 statuit
625 3615 631 3654 :
656 3599 671 3623 “
685 3591 831 3666 Femina,
848 3591 874 3653 si
898 3589 1029 3653 duobus
1052 3590 1211 3654 fratribus
1228 3613 1331 3675 nupse-

248 3701 297 3772 rit,
314 3697 513 3758 extrudatur
536 3715 639 3776 usque
663 3694 704 3756 ad
730 3704 880 3756 mortem.
926 3692 993 3757 Sed
1015 3693 1046 3754 in
1072 3704 1189 3771 morte,
1213 3707 1333 3778 propter

248 3801 496 3873 humanitatem,
514 3799 540 3860 si
558 3797 682 3861 dixerit
698 3793 797 3879 quod,
816 3797 869 3860 ubi
888 3793 1101 3871 convaluerit,
1116 3797 1219 3860 solvet
1233 3798 1331 3861 nentri·
1377 3849 1378 3863 ,

249 3904 400 3976 mom‘um,
416 3901 553 3963 habebit
577 3903 808 3983 poenitentiam
820 3902 856 3977 '’;
880 3900 1000 3982 quibus
1017 3901 1124 3963 verbis
1148 3903 1332 3985 supponitur

250 4005 497 4066 matrimonium
529 4006 571 4065 de
602 4024 668 4085 quo
699 4007 808 4085 agitur
840 4015 1000 4085 tanquam
1031 4003 1159 4067 nullum
1197 4007 1330 4069 habitum

250 4106 356 4166 luisse.
403 4107 559 4186 Jamvero
581 4106 644 4168 hoc
669 4108 944 4188 impedimentum
962 4128 981 4169 a
998 4107 1070 4188 lege
1085 4109 1174 4171 civili
1198 4131 1264 4174 non
1284 4111 1330 4174 luit

288 4317 294 4340 ¹
309 4313 361 4378 Ap.
381 4312 516 4377 Denaing.
533 4327 558 4362 n.
580 4327 700 4382 ¹4²²·23·
715 4344 748 4351 -
758 4309 767 4339 ²
779 4313 831 4382 Ep.
849 4329 883 4367 20
895 4313 932 4368 ad
946 4314 1103 4383 Episcopos
1117 4329 1167 4382 per
1183 4312 1327 4368 Lucaniam
