2770 4652
347 131 402 178 DE
421 130 659 182 sacrm-*1010
678 131 828 179 MISSAE.
1073 131 1140 180 433

59 245 102 254 -
296 249 425 256 ———

53 306 97 366 sui
113 311 455 372 commemorationem
474 311 632 392 praecepit
645 310 659 334 '¹
675 323 707 388 1;
731 309 783 390 (d)
801 310 888 371 idem
906 329 977 370 esse
994 330 1139 371 comme-

54 413 255 473 morationem
282 413 431 475 sacrificii
456 415 488 475 in
513 434 608 475 cruce
632 412 757 475 oblati:
786 412 871 474 “An
900 433 965 473 non
991 413 1141 492 quotidie

53 511 224 575 offerimus?
248 515 417 577 offerimus
441 518 586 596 quidem,
604 517 660 578 sed
685 515 756 595 ejus
782 527 922 576 mortem
947 534 1141 577 revocamus

54 616 81 674 in
97 619 335 680 memoriam...
382 619 538 681 Pontifex
560 629 673 680 noster
689 617 743 678 ille
760 627 819 692 est,
836 618 891 697 qui
911 616 1000 678 illam
1018 617 1140 679 obtulit

54 715 189 792 hostiam,
206 741 281 800 quae
298 740 358 781 nos
377 723 524 784 mundat.
572 721 669 783 Illam
695 739 781 781 nunc
805 739 938 799 quoque
962 718 1140 792 offerimus

54 835 116 895 qua
131 828 206 880 tunc
223 819 284 882 suit
301 820 422 896 oblata,
440 841 514 902 quae
532 842 596 883 non
616 832 726 902 potest
745 823 895 883 consumi
909 820 923 844 ’'
937 834 957 882 ².
1004 821 1053 900 (e)
1071 820 1139 882 Do-

53 929 118 980 cent
147 922 279 1003 insuper
309 923 565 986 celebrationem
598 924 806 986 eucharistiae
840 945 912 985 esse
942 924 1140 998 oblationem,

54 1019 299 1099 immolationem,
323 1027 527 1107 sacrificium,
556 1027 690 1108 plenum
724 1047 763 1089 ac
790 1047 903 1088 verrem
934 1026 1141 1100 sacrificium,

53 1123 238 1186 tremendum
260 1125 465 1202 sacrificium,
481 1150 646 1192 summum
663 1141 695 1192 et
712 1129 919 1192 verissimum
936 1129 1140 1202 sacrificium,

53 1221 233 1286 sacrificium
256 1225 324 1286 Deo
339 1227 483 1306 plenum,
500 1231 695 1294 sacrificium
713 1232 893 1313 proprium,
910 1233 999 1312 quod
1024 1230 1142 1292 scdulo

53 1323 247 1406 distinguunt
274 1349 294 1390 a
321 1330 481 1393 sacrificio
505 1334 686 1415 improprio
713 1344 747 1396 et
772 1337 912 1408 intern0,
934 1354 1001 1414 quo
1026 1332 1139 1394 fideles

54 1427 165 1508 seipsos
188 1430 262 1492 Deo
285 1431 428 1495 offerunt
439 1446 460 1495 3.
508 1435 723 1518 Multiplicari
741 1447 878 1518 possent
896 1439 1031 1499 Patrum
1048 1438 1138 1499 testi-

54 1532 160 1606 monia,
172 1534 231 1594 sed
247 1532 310 1595 hoc
326 1535 528 1616 superfluum
546 1549 641 1613 esset,
651 1561 754 1620 quum
768 1541 838 1620 ipse
852 1539 1017 1602 Lutherus
1034 1539 1139 1600 lassus

54 1631 105 1694 sit:
126 1635 258 1696 “Missa
275 1637 418 1700 creditur
433 1642 557 1719 passim
582 1662 653 1703 esse
677 1642 882 1716 sacrificium,
899 1643 987 1723 quod
1005 1641 1141 1703 offertur

55 1732 124 1797 Deo.
170 1738 347 1801 Accedunt
363 1739 413 1802 his
430 1740 519 1805 dieta
536 1743 595 1808 SS.
611 1745 756 1820 Patrum,
773 1756 823 1808 tot
840 1746 997 1827 exempla
1014 1755 1140 1807 tantus-

54 1857 107 1916 que
121 1860 197 1902 usus
211 1863 269 1922 per
281 1843 395 1904 orbem
408 1854 601 1907 constanter
613 1846 807 1912 observatus
818 1847 833 1873 '’
846 1849 902 1927 (de
917 1848 1011 1928 Capt.
1026 1848 1139 1928 Babyl.

54 1959 74 2000 c.
92 1945 140 2021 1);
162 1945 252 2024 quod
270 1945 370 2006 etiarn
389 1946 597 2010 confirmavit
621 1951 670 2010 vir
694 1950 779 2012 inter
794 1961 1018 2031 protestantes
1035 1952 1140 2012 erudi-

54 2042 194 2123 tissimus
220 2049 269 2128 J0.
299 2048 421 2110 Ernest
448 2048 590 2112 Grabr'us
614 2053 669 2133 (ad
696 2053 780 2115 Iren.
808 2055 865 2128 lV,
893 2069 929 2131 17
958 2055 1141 2134 adnotat.):

54 2146 223 2212 “Ceterum
242 2152 311 2214 haec
328 2152 479 2216 doetrina
496 2175 561 2217 non
580 2167 629 2217 est
646 2153 794 2218 doetrina
811 2157 907 2217 unius
921 2157 1076 2230 ecclesiae,
1090 2157 1140 2218 vel

54 2253 212 2325 peculiaris
240 2253 394 2330 dodtoriS,
420 2259 477 2319 sed
504 2268 573 2319 erat
601 2257 753 2320 doetrina
778 2269 811 2320 et
839 2260 953 2339 praxis
982 2258 1140 2320 Ecclesiae

54 2354 253 2421 universalis:
279 2359 427 2422 Ecclesia
444 2381 517 2421 eam
535 2371 708 2442 acceperat
724 2362 766 2422 ab
784 2361 967 2442 Apostolis,
986 2360 1141 2443 Apostoli

54 2471 69 2512 a
82 2455 208 2520 Christo
222 2461 246 2522 '’.

87 2586 141 2668 (Β)
159 2589 214 2650 Ex
232 2592 470 2671 antiquissimis
493 2592 648 2672 liturgiis,
665 2612 749 2672 quae,
766 2591 841 2653 licet
858 2591 1042 2672 permulta,
1058 2600 1091 2651 et
1109 2591 1141 2650 in

54 2691 152 2752 multis
168 2692 287 2754 ritibus
307 2693 567 2756 accidentalibus
591 2696 827 2775 discrepantes
842 2714 959 2755 omnes
984 2694 1054 2754 sine
1076 2693 1143 2754 ulla

54 2794 238 2873 exceptione
255 2805 325 2857 tum
344 2797 406 2858 ritu
423 2805 456 2857 et
473 2797 677 2858 caeremoniis
695 2797 783 2876 ipsiS,
800 2806 870 2857 tum
888 2795 1019 2856 disertis
1035 2795 1143 2854 verbis

54 2901 204 2958 testantur
221 2898 360 2960 Missam
376 2919 448 2960 esse
459 2898 591 2980 plemam
608 2910 640 2961 et
657 2919 770 2961 verrem
782 2898 986 2978 sacrificium,
997 2897 1161 2958 immoler.

55 2991 155 3057 tr'onem
181 3007 212 3058 et
236 2998 457 3060 oblationem
510 2998 638 3061 lbidem
666 2998 853 3060 declaratur
883 2997 1051 3060 Christum
1080 2995 1142 3057 hoc

54 3098 235 3161 sacrificium
261 3101 441 3162 instituisse
465 3102 496 3162 in
522 3102 640 3163 ultima
659 3102 779 3176 Coena;
804 3097 972 3161 vietimam
990 3102 1142 3160 eamdem

54 3211 171 3260 esseae
196 3201 229 3260 in
254 3219 369 3276 cruce,
403 3202 537 3262 missam
562 3221 633 3260 esse
657 3198 852 3260 sacrificium
878 3198 1142 3279 propitiatorium

55 3315 103 3373 pro
115 3303 194 3363 vivis
210 3312 244 3364 et
260 3301 433 3366 deluntlis.
471 3303 611 3367 Constat
625 3305 758 3383 insuper
770 3322 813 3363 ex
819 3301 961 3381 paliuris
976 3285 1149 3361 Catacnmss

84 3516 129 3574 ²S.
145 3521 276 3590 Cypriam.
292 3523 307 3574 l.
322 3541 345 3576 c.
363 3540 389 3576 n.
410 3539 448 3592 14.
464 3555 495 3561 -
510 3530 519 3551 ²
533 3525 561 3575 S.
576 3524 713 3591 Clrrysosl.
729 3523 825 3575 homil.
843 3536 857 3586 7
872 3523 898 3573 in
915 3523 1002 3574 Hebr.
1021 3538 1046 3574 n.
1063 3535 1087 3590 3.

83 3608 144 3660 ‘lta
162 3610 191 3662 S.
207 3611 376 3678 Cyprianus,
397 3613 425 3663 S.
447 3611 582 3680 Clysma,
605 3613 635 3665 S.
659 3612 746 3680 Cyrr'l.
766 3612 878 3663 Huius.
901 3611 930 3662 S.
951 3609 1142 3677 Augustinus,

55 3692 81 3742 S.
96 3693 204 3764 Gregor.
218 3696 306 3759 Nea,
321 3683 461 3758 Eusebius
474 3710 526 3751 etc.

83 3777 116 3807 ⁴“
125 3784 210 3838 Coena
223 3784 376 3838 universim
388 3784 486 3837 habita
498 3783 549 3837 fuit
562 3800 619 3835 non
632 3785 723 3837 solum
733 3793 763 3836 ut
774 3793 990 3847 sacramentum,
999 3781 1050 3834 sed
1059 3779 1145 3834 etiam

55 3875 81 3917 ut
96 3870 266 3936 sacrificium,
285 3887 382 3924 verum
401 3888 434 3924 ac
453 3881 589 3924 aeternum
609 3869 776 3922 sacrificium
791 3869 827 3920 N.
844 3866 1029 3928 Testamenti,
1052 3883 1146 3920 succe·

56 3951 117 4006 dens
127 3957 292 4010 transitoriis
305 3973 339 4009 ac
353 3956 453 4025 typicis
467 3957 610 4009 sacrificiis
623 3958 687 4010 Vet.
704 3955 889 4021 Testamenti,
903 3953 1059 4023 praesertim
1078 3972 1146 4007 vero

56 4041 167 4103 paschali
186 4043 323 4096 sacrificio
344 4042 419 4110 qnod
439 4043 635 4095 liberationem
655 4043 691 4094 ab
710 4043 833 4108 AEgypto
852 4039 1061 4108 significabat”.
1104 4033 1148 4092 lta

56 4128 166 4183 eruditus
179 4141 338 4200 protestans
349 4131 381 4182 Ρ.
393 4127 497 4197 Sclraff,
511 4129 628 4196 History
641 4131 672 4182 of
682 4129 728 4182 the
743 4127 885 4182 Christian
898 4128 1017 4193 Churclt,
1030 4126 1092 4179 Vol.
1109 4127 1147 4191 11,

60 4211 123 4280 1892,
135 4233 159 4285 p.
173 4233 205 4282 ²4
210 4233 232 4284 5.

133 4333 253 4380 Sruoesrs
266 4335 311 4380 111.
325 4359 348 4366 -
365 4337 392 4379 28
