2780 4646
346 181 402 229 ns
419 181 580 230 cnam
600 161 854 232 innarrunnr.
1088 181 1144 233 us

88 357 154 434 158.
202 361 362 419 rshesis:
382 359 508 424 Gratia
519 358 751 425 sanctificans
766 364 824 424 est
835 358 992 438 qualitas
1001 357 1149 437 physica

50 459 84 516 et
98 472 323 534 permanens,
338 457 384 522 ab
397 459 520 522 anima
535 460 572 521 et
587 456 666 536 eius
680 455 852 535 potentiis
866 455 1011 520 realiter
1025 454 1147 519 distin·

50 555 114 628 cta,
131 569 195 629 per
209 553 356 616 modum
371 554 517 618 habitus
538 553 667 622 animae
689 553 876 619 inhaerens.
922 555 975 617 Ita
999 575 1147 618 commu·

52 655 138 718 niter.

94 753 157 842 (A)
173 759 292 840 Script.
304 760 419 824 Gratia
435 761 556 824 dicitur
572 766 713 824 “semen
729 759 802 834 Dei,
814 759 903 841 quod
922 758 954 821 in
972 759 1068 822 nobis
1079 778 1147 821 ma·

53 869 132 935 neu,
148 862 271 942 pignus
293 863 549 938 hereditatis...,
565 864 698 945 signum
723 883 790 944 quo
812 863 989 945 signantur
1011 861 1148 924 creden-

53 971 100 1023 tes
110 963 158 1038 ''2;
181 967 419 1045 “regeneratio
434 975 469 1028 et
485 965 657 1028 renovatio
669 965 713 1040 ’'3,
725 966 757 1027 vi
767 964 862 1044 cujus
873 963 1149 1054 transformamur

53 1065 111 1126 “in
128 1067 308 1147 imaginem
324 1067 387 1130 Dei
399 1068 455 1146 '¹45
477 1069 570 1149 atqui
587 1068 659 1129 haec
675 1067 789 1129 omnia
806 1085 871 1128 non
886 1074 1073 1145 congruunt
1087 1064 1148 1126 nisi

54 1168 199 1246 qualitati
216 1189 261 1232 ex
278 1190 313 1231 se
325 1171 447 1246 stabili,
460 1191 535 1251 quae
548 1170 782 1251 superadditur
794 1169 917 1231 animae
929 1176 1050 1229 nostrae
1063 1167 1150 1248 ejus-

54 1290 115 1350 que
137 1271 359 1350 facuftatibus,
381 1274 492 1356 ibique
517 1284 639 1349 manet,
655 1274 761 1335 donec
786 1289 844 1352 per
867 1270 992 1350 aliquid
1018 1278 1148 1331 contra·

55 1374 133 1436 rium
144 1376 351 1457 expellatur:
371 1397 437 1441 non
450 1388 564 1442 autem
578 1376 782 1440 conveniunt
795 1372 924 1437 actibus
935 1393 980 1435 ex
994 1391 1028 1434 se
1039 1383 1146 1434 trans-

56 1477 202 1540 cuntibus
215 1479 267 1540 vel
284 1479 364 1559 ipsis
379 1480 500 1544 animae
517 1479 691 1560 potentiis;
714 1496 802 1556 ergo.

96 1578 153 1660 (B)
168 1581 274 1661 Juxta
297 1582 327 1643 T
325 1583 439 1645 rident
450 1581 542 1662 (sess
553 1581 634 1656 VII,
647 1600 718 1642 can.
730 1574 767 1663 7)
787 1577 895 1658 gratia
911 1576 1012 1638 etiam
1030 1595 1149 1656 parvu-

58 1681 94 1741 lis
111 1683 299 1760 infunditur,
312 1695 345 1747 et
361 1685 514 1748 consistit
531 1705 596 1746 non
614 1684 646 1744 in
664 1681 734 1743 sola
751 1688 964 1762 peccatorum
982 1677 1148 1740 remissio-

59 1806 96 1846 ne
111 1796 165 1850 aut
176 1787 299 1851 Christi
312 1788 451 1869 justitiae
469 1787 690 1870 imputatione
702 1783 826 1864 (supra,
845 1781 927 1861 120),
941 1781 998 1843 sed
1017 1781 1049 1842 in
1064 1781 1148 1842 intc-

60 1889 127 1951 riori
150 1892 365 1954 renovatione
389 1895 454 1971 qua
477 1891 580 1953 homo
603 1907 679 1950 vere
703 1887 813 1967 justus
841 1883 989 1960 efficitur,
1013 1893 1047 1944 et
1075 1901 1149 1962 quae

60 1993 171 2056 animae
195 1995 351 2072 inhaeret;
385 1995 478 2075 atqui
495 1993 603 2076 gratia
619 1989 812 2071 hujusmodi
837 1987 953 2067 nequit
968 1985 1149 2048 consistere

62 2091 89 2153 in
104 2093 238 2172 artibus,
255 2097 349 2178 cujus
365 2096 492 2178 parvuli
509 2104 587 2158 sunt
603 2094 787 2172 incapaces,
803 2100 835 2152 et
852 2089 908 2169 qui
927 2107 992 2150 non
1010 2095 1150 2168 possunt

63 2195 119 2258 dici
135 2198 310 2278 inhaerere;
333 2207 413 2281 erg'o
425 2199 578 2262 consistit
595 2198 626 2260 in
640 2197 802 2277 qualitate
818 2214 862 2256 ex
880 2213 915 2254 se
927 2201 1149 2273 permanente.

98 2343 160 2410 159.
199 2335 370 2410 3¹1'lnsis:
393 2331 518 2398 Gratia
530 2329 724 2396 habitualis
734 2325 976 2393 essentialiter
984 2323 1152 2389 consistit

63 2421 369 2506 inpartieipatione
385 2428 532 2507 physica
546 2433 583 2491 et
599 2427 748 2506 formali,
765 2427 831 2492 sed
845 2431 968 2489 tamen
988 2423 1150 2487 acciden-

63 2521 165 2587 tanet
179 2524 408 2605 inadaequata
423 2530 560 2589 naturae
575 2523 712 2590 divinae.
760 2525 811 2586 lta
827 2523 1053 2585 communiter.

101 2624 151 2706 (A)
171 2627 289 2708 Script.
307 2629 358 2709 (a)
376 2628 508 2690 Dicitur
525 2629 612 2690 enim
630 2628 672 2689 de
685 2625 794 2707 glorid
811 2650 823 2690 :
858 2625 1021 2689 “Similes
1044 2625 1074 2686 ei
1091 2623 1151 2685 eri·

65 2745 136 2804 mus,
147 2733 308 2810 quoniam
322 2731 509 2794 videbimus
522 2751 598 2792 eum
612 2729 709 2792 sicuti
720 2739 771 2791 est
784 2728 800 2754 '⁹
811 2739 840 2804 ⁵3
868 2727 1049 2790 “Videmus
1063 2743 1150 2787 nunc

65 2851 114 2910 per
133 2836 314 2916 speculum,
329 2836 359 2897 in
377 2837 566 2917 aenigmate,
581 2843 661 2896 tunc
677 2841 789 2894 autem
808 2831 891 2893 facie
908 2831 950 2892 ad
969 2830 1086 2892 faciem
1100 2830 1116 2854 ”
1129 2827 1151 2889 ⁶.

67 2929 156 2994 Unde
170 2935 217 2996 sic
231 2958 237 2997 :
264 2933 324 2996 Ille
338 2953 423 3009 vere,
436 2933 574 3015 physice
585 2944 618 2996 et
635 2935 817 2997 formaliter
834 2943 987 2996 naturam
1001 2933 1064 2994 Dei
1078 2951 1151 3012 par·

66 3033 176 3115 ticipat,
192 3039 249 3117 qui
267 3035 303 3098 fit
325 3036 445 3099 habilis
462 3038 504 3099 ad
522 3037 703 3106 videndum
723 3039 833 3100 Deum
851 3037 933 3098 facie
958 3037 999 3098 ad
1024 3033 1153 3106 faciem,

67 3135 138 3200 sicut
154 3139 300 3220 seipsum
311 3139 417 3214 videt;
441 3140 487 3200 sic
504 3139 592 3200 enim
605 3140 677 3220 ejus
688 3141 790 3201 vitam
809 3135 1068 3200 intelledtualem
1081 3156 1153 3217 par·

68 3236 185 3318 ticipat3
208 3241 311 3319 atqui,
322 3261 365 3301 ex
382 3239 532 3302 textibus
548 3240 667 3314 allatis,
680 3241 782 3302 homo
795 3261 853 3322 per
866 3240 1016 3320 gloriam,
1031 3236 1067 3299 ht
1078 3256 1153 3300 vere

68 3337 171 3404 habilis
187 3345 229 3404 ad
248 3343 430 3404 videndum
449 3343 559 3404 Deum
578 3344 739 3414 intuitive,
754 3343 836 3405 facie
854 3342 895 3404 ad
914 3341 1049 3414 faciem;
1073 3359 1152 3418 crgo

70 3443 233 3522 gloriaest
257 3447 469 3529 participatio
494 3447 632 3527 physica
655 3457 689 3511 et
713 3447 859 3510 formalis
877 3456 1004 3508 naturae
1022 3444 1152 3507 divinae.

72 3545 125 3608 Sed
142 3552 246 3630 gratia
262 3549 441 3612 habitualis
457 3559 508 3612 est
525 3549 674 3629 ejusdem
693 3562 821 3614 naturae
838 3571 875 3612 ac
894 3549 1006 3630 gloria,
1019 3567 1094 3609 cum
1112 3548 1154 3608 sit

72 3655 201 3716 medium
219 3655 261 3716 ad
280 3653 370 3716 illam
388 3653 640 3734 attingendam,
664 3674 752 3734 ergo.

72 3749 109 3830 fb,
127 3755 263 3838 insuper
280 3756 313 3820 S.
332 3757 449 3818 Petrus
466 3765 582 3835 aperte
599 3755 748 3818 declarat
764 3776 822 3838 per
833 3752 982 3834 gratiam
1008 3771 1067 3814 nos
1087 3751 1155 3814 fieri

74 3859 232 3940 participes
249 3869 377 3920 naturae
393 3858 514 3919 divinas
533 3881 540 3918 :
573 3863 589 3889 ‘¹
605 3859 666 3920 Per
682 3878 781 3938 quem
796 3857 945 3918 maxima
961 3865 995 3917 et
1012 3855 1157 3936 pretiosa

74 3958 154 4028 nobis
170 3963 333 4042 promissa
349 3961 499 4034 donavit,
515 3969 552 4022 ut
569 3979 627 4041 per
643 3960 714 4022 haec
738 3958 927 4022 efficiamini
950 3957 1073 4020 divino
1087 3978 1156 4018 con·

103 4149 136 4206 1Ι
139 4157 206 4226 soa..
218 4159 274 4222 111,
290 4173 316 4224 9.
333 4153 502 4225 --'²Eplres.
522 4158 604 4226 1,14;
629 4157 677 4222 IV,
692 4173 732 4210 20.
747 4185 781 4194 -
793 4155 803 4186 ³
817 4157 872 4208 Tit.
891 4155 945 4218 ΙΙΙ,
962 4167 984 4222 5.

105 4243 216 4298 ⁸llCor.
233 4246 287 4312 lif,
305 4244 345 4298 18.
361 4274 394 4282 ·-
409 4241 516 4311 ⁵IJOa.
534 4244 590 4302 lll,
608 4259 630 4303 2.
645 4237 891 4306 -⁸lC0r.Xlll,
909 4257 946 4294 η
