2780 4646
250 151 312 203 126
701 153 841 206 CAPUT
859 153 902 204 11.

248 329 353 394 cordis
367 329 488 410 lapriiei
501 330 732 412 intelliguntur
753 351 864 412 pravae
884 329 1117 418 dispositiones
1137 349 1195 392 seu
1213 328 1326 390 habitus

250 429 338 504 mali,
369 430 416 493 ita
450 431 572 512 pariter
603 433 738 495 nomine
769 434 878 496 cordis
912 432 1023 494 carnei
1055 431 1194 512 intelligi
1223 430 1326 493 debent
1377 459 1378 514 p

250 530 383 594 habitus
399 533 494 609 boni;
517 553 597 614 ergo
617 535 707 598 Deus
726 536 759 597 in
778 535 887 617 justos
904 533 1036 597 habitus
1053 534 1159 598 bonos
1175 552 1230 594 seu
1246 531 1326 592 virtu-
1377 537 1378 586 l

249 643 300 698 tes
316 633 471 697 infundit.

295 745 362 813 177.
411 733 478 821 (Β)
497 737 621 801 Tradit.
635 739 686 818 (a)
702 739 761 802 Ait
777 741 866 802 enim
885 740 916 802 Τ
914 738 1027 803 rident.
1040 739 1132 818 (sess.
1145 738 1280 819 Vl,cap.
1290 742 1327 815 72:

249 844 265 871 “
281 839 319 901 ln
334 839 405 920 ipsa
415 839 655 921 justificatione
671 842 743 904 haec
758 843 872 905 omnia
887 841 984 904 simul
999 840 1106 904 infusa
1117 840 1236 921 accipit
1247 839 1328 900 homo
1377 839 1378 900 l

195 1003 210 1015 ,
250 940 360 1016 fidem,
373 963 476 1024 spem,
489 953 522 1006 et
539 946 712 1007 caritatem
727 945 752 1006 ”.
792 943 877 1026 Quae
894 944 1028 1024 quidem
1043 941 1141 1004 verba
1157 962 1224 1006 rem
1236 953 1329 1022 aperte
1377 941 1378 944 ’

249 1044 420 1108 declarant
433 1048 545 1126 quoad
558 1047 697 1110 virtutes
710 1047 922 1129 theologicas.
965 1045 1016 1127 (b)
1033 1045 1247 1110 catechismus
1260 1043 1329 1107 Conc.

255 1147 286 1209 Τ
283 1148 398 1212 rident.
423 1150 511 1211 idem
536 1151 652 1212 asserit
676 1170 737 1231 pro
759 1151 912 1214 omnibus
934 1149 1122 1224 virtutibuS,
1146 1167 1185 1209 ac
1212 1146 1330 1228 proinde

248 1250 349 1313 etiam
367 1271 428 1331 pro
445 1251 625 1314 moralibus
638 1264 669 1314 ¹:
693 1252 814 1314 “Huic
833 1262 946 1315 autem
972 1251 1113 1334 (gratiae)
1136 1249 1266 1312 additur
1285 1268 1330 1310 no·

248 1351 429 1416 bilissimus
445 1354 592 1416 omnium
608 1353 770 1416 virtutum
787 1355 982 1428 comitatus,
1005 1373 1079 1434 qua²
1096 1353 1128 1415 in
1146 1353 1284 1415 animam
1298 1351 1331 1410 si·

249 1453 317 1516 mul
335 1474 410 1517 cum
429 1455 536 1534 gratia
552 1456 713 1518 divinitus
730 1455 984 1520 infunduntur''.
1124 1509 1126 1514 .

294 1555 361 1635 178.
408 1555 467 1636 (C)
482 1556 560 1620 Rat.
583 1557 684 1620 Yleeol.
715 1559 777 1622 Per
792 1558 934 1638 gratiam
952 1555 1214 1622 sandtificantem
1231 1555 1332 1636 accipi·
1378 1549 1379 1624 l

250 1677 324 1719 mus
346 1677 466 1720 novam
490 1660 605 1732 vitam,
626 1661 730 1723 vitam
755 1661 893 1722 omnino
914 1659 1222 1741 supernaturalem;
1247 1657 1333 1737 atqui,
1378 1679 1379 1684 ¹

249 1761 291 1824 ad
306 1762 409 1823 vitam
423 1763 655 1838 exercendam,
668 1765 878 1844 requiruntur
890 1763 1064 1826 facultates
1076 1761 1332 1843 supernaturales

249 1872 308 1925 aut
324 1863 443 1926 saltem
462 1865 635 1928 facultates
652 1867 820 1930 naturales
836 1866 974 1929 elevatae
990 1866 1032 1929 ad
1049 1875 1174 1928 statum
1195 1883 1333 1945 superna·

250 1966 389 2028 turalem
408 1987 466 2048 per
481 1967 620 2030 virtutes
637 1969 796 2032 divinitus
813 1968 956 2044 infusas;
980 1977 1097 2030 natura
1113 1969 1201 2030 enim
1218 1972 1334 2029 nonest

251 2067 443 2130 immediate
462 2071 641 2150 operativa,
658 2070 716 2132 sed
741 2071 872 2132 nonnisi
898 2070 1121 2132 mediantibus
1139 2067 1334 2132 facultatibus

249 2181 423 2252 operatur:
446 2192 535 2251 ergo.
581 2172 662 2252 (Cfr.
682 2173 716 2235 S.
739 2173 769 2234 Τ
766 2173 795 2234 le.
819 2189 841 2234 1.
860 2189 887 2234 2.
903 2193 933 2252 q.
956 2188 1022 2244 110,
1039 2192 1066 2234 a.
1084 2171 1126 2250 2).

294 2280 361 2348 179.
410 2287 444 2352 30
458 2273 682 2337 Corollarirrm.
723 2275 777 2336 Ex
790 2271 896 2347 uictis,
909 2275 1047 2336 virtutes
1060 2272 1176 2334 infusae
1190 2293 1253 2334 non
1265 2273 1334 2334 dant

251 2371 453 2447 facilitatem,
466 2377 523 2438 sed
538 2376 644 2437 solum
659 2377 845 2456 potentiam
859 2375 981 2455 agendi
997 2398 1004 2436 ι
1020 2376 1078 2436 sed
1091 2377 1226 2454 quando
1238 2373 1335 2452 hujus·

250 2476 340 2535 modi
357 2477 495 2538 virtutes
512 2487 719 2550 exercentur,
735 2497 775 2538 eo
800 2479 872 2558 ipso
892 2477 1071 2556 acquiritur
1094 2476 1233 2538 facilitas
1255 2473 1335 2538 attus
1379 2491 1380 2534 l

250 2577 440 2639 earumdem
458 2579 616 2641 virtutum
641 2580 828 2641 exercendi.
875 2579 975 2660 Quod
1000 2579 1135 2658 quidem
1159 2598 1203 2640 ex
1226 2575 1335 2658 duplici

250 2680 434 2756 praesertim
451 2681 561 2760 capite
577 2683 702 2743 oritur:
729 2677 795 2765 (A)
823 2681 877 2742 Ex
903 2683 1075 2742 remotione
1098 2681 1337 2761 impedimento-

250 2799 322 2844 rum
333 2803 340 2856 ;
363 2782 494 2844 virtutis
511 2785 599 2845 enim
617 2784 734 2845 infusae
758 2785 920 2846 exercitio
944 2784 1115 2863 passiones
1133 2783 1338 2851 moderantur,

250 2883 443 2961 praejudicia
466 2886 689 2965 deponuntur,
705 2885 918 2948 difficultates
942 2894 1158 2965 superantur:
1181 2886 1280 2964 atqui,
1296 2901 1337 2942 re·

251 2986 349 3045 motis
373 2986 561 3057 obstaculis,
584 3008 624 3048 eo
649 2989 721 3068 ipso
746 2988 907 3050 faciliores
937 2987 1021 3049 fiunt
1047 2985 1140 3048 aflus
1170 2988 1336 3049 virtutum:

253 3080 319 3168 (B)
350 3087 405 3148 Ex
437 3089 508 3169 ipsa
538 3091 788 3150 consuetudine:
819 3091 903 3150 sicut
934 3089 1032 3162 enim,
1060 3107 1117 3168 per
1145 3088 1337 3168 frequentem

250 3185 381 3250 actuum
400 3191 599 3252 naturalium
619 3193 860 3272 repetitionem,
878 3191 984 3269 major
1007 3191 1187 3270 acquiritur
1210 3189 1337 3251 facilitas

249 3288 290 3349 ad
323 3291 457 3352 eosdem
489 3291 688 3364 efficiendos,
716 3295 762 3354 ita
793 3294 923 3374 pariter,
952 3289 1110 3354 indiredie
1138 3291 1265 3364 saltem,
1290 3305 1339 3370 per

250 3386 384 3453 afluum
423 3396 723 3474 supernaturalium
763 3396 1001 3474 repetitionem,
1032 3405 1172 3474 augetur
1210 3393 1337 3455 facilitas

250 3495 384 3556 eosdem
408 3495 593 3558 efficiendi:
617 3499 663 3558 sic
688 3498 775 3558 enirn
801 3500 951 3578 potentia
975 3498 1091 3559 melius
1114 3498 1298 3577 disponitur
1310 3503 1338 3552 et

250 3595 350 3658 veluti
365 3597 541 3660 inclinatur
554 3601 594 3659 ad
610 3597 730 3660 actum.
773 3601 860 3660 Hinc
875 3609 1029 3680 peccator
1042 3618 1154 3660 recens
1170 3613 1338 3660 conversus

250 3697 381 3760 difficile
392 3702 526 3781 quidem
538 3700 630 3762 actus
642 3704 880 3781 temperantiae,
893 3703 1064 3773 castitatis
1077 3700 1278 3766 fortitudinis
1287 3709 1337 3772 etc¹

250 3813 424 3880 operatur;
455 3805 522 3875 sed,
549 3804 734 3864 dummodo
759 3807 864 3885 gratia
891 3805 1024 3884 adjutus
1050 3805 1165 3866 harum
1191 3806 1338 3865 virtutum

251 3901 343 3966 actus
375 3905 492 3978 eliciat,
523 3909 687 3986 gradatim
721 3908 847 3968 facilius
884 3919 917 3969 et
955 3905 1183 3970 delectabilius
1215 3909 1337 3968 eosdem

250 4004 405 4085 perficiet.

288 4219 294 4250 ¹
311 4219 382 4272 Part.
401 4219 438 4284 11,
452 4220 487 4274 de
504 4221 656 4290 baptismo,
670 4241 695 4276 n.
711 4241 754 4284 42·
