2770 4646
704 146 841 198 CAPUT
858 147 883 196 1.

250 231 1337 276 --—-—...b.—.-———-

248 330 487 392 Rutt'onalistus
509 331 564 411 qui
588 331 703 392 dicunt
721 351 784 392 non
802 333 918 394 decere
935 343 971 394 ut
986 351 1006 392 a
1022 331 1118 393 rebus
1135 330 1334 392 sensibilibus

249 433 420 496 hominurn
437 435 525 496 salus
540 435 692 515 pendeat.

297 549 329 597 1⁰
344 537 399 598 Ex
411 548 506 618 purte
525 538 671 600 lrorur'ms.
718 537 776 618 (A)
797 538 853 600 Ex
869 537 939 619 ἐμά
957 537 1098 600 bortrinis
1117 537 1245 598 notarri.
1290 537 1333 597 Ea

249 640 336 701 enim
354 651 403 703 est
420 653 536 703 natura
552 642 696 702 hominis
714 651 748 704 ut
764 643 806 704 ad
823 641 1007 722 spiritualia
1019 661 1076 723 per
1088 641 1256 704 sensibilia
1270 661 1332 721 per·

249 744 408 820 ducatur;
434 745 489 818 ita,
504 766 530 806 v.
548 765 577 826 g.
594 765 652 825 per
675 746 866 826 corporalia,
882 745 1026 806 hominis
1050 743 1235 808 intelledlus
1252 745 1333 804 velut

250 848 482 910 manuducitur
500 848 531 909 in
550 847 806 929 intelligibilium
823 847 1065 928 cognitionem;
1081 849 1173 929 atqui
1189 849 1333 909 conuenit

249 959 286 1011 ut
310 950 432 1012 Divina
454 951 664 1013 Providentia
685 953 717 1013 in
737 952 916 1032 gratiarum
938 951 1195 1030 dispensatione,
1217 960 1332 1012 naturae

249 1053 423 1133 cujuslibet
445 1055 531 1117 entis
554 1075 624 1117 sese
651 1056 900 1130 accommodet;
927 1074 1005 1135 ergo
1028 1054 1184 1117 convenit
1199 1063 1234 1116 ut
1251 1053 1332 1114 Deus

249 1175 306 1236 per
321 1156 487 1219 sensibilia
505 1159 614 1221 media
629 1159 754 1220 homini
770 1158 910 1240 gratiam
927 1159 1096 1238 dispenset
1108 1169 1127 1220 ¹.

292 1261 303 1339 (
308 1259 351 1342 13)
374 1261 429 1323 Ex
449 1261 625 1323 uz'rlult'hus
646 1282 717 1340 quoe
738 1261 849 1322 exinde
864 1263 1048 1340 sonentur:
1074 1259 1155 1323 illud
1179 1260 1332 1340 siquidem

248 1365 400 1426 convenit
426 1365 515 1445 quod
543 1366 584 1427 ad
612 1365 750 1426 virtuter
771 1363 939 1426 hominem
965 1374 1147 1445 promovet,
1162 1382 1332 1444 eumquea
1381 1433 1382 1462 ,

249 1467 341 1530 uilius
358 1470 476 1529 avertit
489 1489 496 1544 ;
523 1467 614 1549 atqui
640 1469 685 1529 ita
708 1477 758 1530 est
781 1468 823 1529 de
846 1469 1081 1546 sacramentis;
1108 1488 1185 1530 nam
1209 1487 1263 1549 per
1281 1486 1332 1526 ca:
1381 1463 1382 1526 3

250 1569 299 1650 (a)
311 1569 398 1652 fides
420 1581 641 1651 promouetur,
662 1570 741 1632 dum
761 1571 934 1645 credimus,
955 1580 1090 1652 propter
1112 1569 1247 1634 verbnm
1267 1569 1332 1636 Dei.

250 1675 390 1753 gratiam
411 1675 513 1753 signis
535 1673 745 1735 sensibilibus
766 1673 916 1754 alligari3
938 1675 1114 1736 autetiam
1134 1675 1214 1737 dum
1237 1691 1333 1735 sacra·
1381 1695 1382 1714 i

251 1787 362 1840 menta
378 1777 508 1858 publice
525 1769 720 1858 recipientes
737 1779 768 1838 in
785 1777 957 1840 hominum
975 1773 1153 1858 conspeetu
1171 1775 1265 1840 fidem
1280 1795 1331 1835 no-

250 1891 350 1942 stram
374 1881 589 1962 profitemur;
616 1881 667 1962 (b)
684 1891 753 1961 spes
771 1881 915 1960 erigitur,
930 1901 1031 1963 quum
1054 1888 1257 1942 sacramenta
1272 1879 1333 1939 sint

250 1986 388 2067 pignora
410 1984 532 2048 divinae
550 2005 628 2066 erga
652 2005 711 2046 nos
735 1982 902 2058 bonitatis,
923 1983 1009 2044 viam
1031 1982 1147 2044 salutis
1165 1980 1332 2043 faciliorem

250 2085 446 2163 efficientia;
477 2085 525 2166 (c)
548 2085 669 2146 caritas
691 2105 769 2165 erga
794 2087 902 2149 Deum
927 2094 1070 2168 augetur,
1091 2086 1171 2148 dum
1195 2083 1333 2146 videmus

250 2191 417 2255 Christum
436 2189 530 2252 nobis
547 2188 726 2270 praebuisse
743 2199 810 2250 tam
829 2190 934 2252 multa
949 2187 1220 2252 sandtificationis
1236 2187 1333 2249 media

250 2305 370 2357 nostrue
401 2291 583 2354 infirmitati
614 2293 740 2373 optime
770 2291 1046 2369 accommodata;
1083 2293 1204 2354 caritas
1232 2303 1331 2353 autem

250 2399 393 2460 fraterna
418 2395 651 2471 inflammatur,
675 2416 749 2458 cum
778 2416 821 2457 ex
848 2407 1130 2459 sacramentorum
1159 2395 1331 2476 receptione

251 2502 461 2588 recordamur
477 2519 537 2560 nos
554 2495 739 2561 arctissimo
754 2499 886 2562 vinculo
905 2500 1078 2580 colligatos
1101 2510 1135 2562 et
1158 2501 1252 2562 unius
1273 2517 1331 2559 cor-

251 2605 338 2686 poris
362 2603 510 2665 membra
533 2601 667 2666 effectos
691 2622 784 2678 esse;
811 2603 863 2683 (d)
886 2603 1021 2664 tandem
1044 2603 1192 2684 superbia
1212 2603 1331 2664 edoma-

251 2722 311 2782 tur,
327 2708 406 2769 dum
424 2707 602 2768 necessitas
620 2706 714 2767 nobis
730 2706 892 2768 incumbit
915 2707 956 2767 ad
981 2706 1076 2787 signa
1096 2705 1269 2779 sensibilia,
1283 2720 1333 2785 per

251 2812 439 2874 sacerdotes
454 2806 614 2884 conlecta,
624 2810 820 2882 recurrendi,
831 2810 872 2870 ad
887 2819 1032 2872 nostram
1050 2806 1331 2871 sanctificationem

251 2915 475 2978 obtinendam.

292 3047 321 3110 9.
370 3043 405 3091 2⁰
421 3029 579 3110 Exparte
595 3027 746 3091 Ecclesiae.
793 3028 952 3104 Ecclesia,
966 3037 1081 3112 utpote
1093 3039 1233 3090 externa
1244 3026 1331 3088 socie·
1381 3033 1382 3048 ¹

251 3146 311 3210 tas
327 3134 474 3196 externis
491 3134 617 3214 indiget
634 3131 802 3214 symbolis,
818 3133 937 3214 quibus
959 3134 1037 3195 unio
1054 3133 1138 3195 inter
1154 3130 1263 3194 fideles
1278 3148 1331 3190 ser·

250 3240 319 3302 vari
332 3239 437 3321 possit
450 3260 456 3316 ;
477 3239 569 3318 atqui
583 3238 661 3300 illud
675 3239 801 3320 optime
817 3259 836 3300 a
852 3238 1066 3301 sacramentis
1078 3246 1261 3318 praestatur,
1269 3251 1331 3316 quac

251 3341 364 3405 fideles
380 3342 422 3403 ab
440 3340 626 3404 infidelibus
642 3342 861 3422 distinguunt,
877 3351 910 3403 et
934 3361 990 3402 eos
1013 3337 1128 3402 stricto
1151 3359 1240 3402 nexu
1262 3339 1331 3399 inter

251 3468 285 3509 se
312 3447 501 3508 coadunant
515 3467 522 3522 ;
549 3444 628 3505 dum
656 3445 743 3506 enim
768 3447 885 3507 cadem
910 3445 1110 3525 participant
1133 3449 1331 3507 sacramenta,

251 3551 347 3612 unius
372 3559 405 3610 et
429 3548 578 3629 ejusdem
604 3547 749 3628 corporis
775 3547 923 3608 membra
952 3567 986 3608 se
1013 3555 1205 3627 agnoscunt.
1258 3541 1329 3606 Hinc

253 3653 287 3716 S.
318 3651 528 3732 Augustinus
557 3651 651 3712 ait2:
683 3651 750 3712 “ln
783 3651 909 3712 nullum
942 3670 1062 3713 nomen
1094 3647 1260 3729 religionis
1286 3661 1329 3703 scu

251 3775 335 3816 verae
361 3775 417 3817 seu
443 3753 533 3816 salsae
557 3753 723 3833 coagulari
749 3753 900 3815 homines
924 3763 1071 3834 possunt,
1093 3751 1154 3812 nisi
1177 3750 1282 3830 aliquo
1299 3741 1329 3802 si·

250 3857 464 3939 gnaculorum
490 3857 538 3918 vel
564 3867 844 3918 sacramentorum
868 3857 1045 3919 visibilium
1070 3853 1237 3916 consortio
1259 3845 1330 3913 colli·

251 3959 405 4041 gentur''.

416 4187 448 4222 ru.
464 4187 488 4239 3,
502 4187 528 4239 q.
542 4171 585 4237 6¹,
602 4187 627 4223 a.
650 4184 672 4223 1.

430 4268 498 4311 aust.
513 4257 530 4310 l.
548 4257 627 4324 XIX,
645 4274 668 4310 c.
686 4273 725 4312 rr.
