2752 4648
246 156 312 207 362
411 211 413 218 ,
705 158 839 210 cnPuT
857 157 882 206 1.

247 335 440 393 demonstrari
456 335 558 406 nequit
571 352 680 408 corpus
691 335 799 396 Christi
814 336 1028 396 sacramentale
1041 353 1103 394 non
1118 351 1202 407 posse
1211 331 1319 405 pluribus

247 423 334 480 simul
357 423 386 478 in
407 422 480 480 locis
503 439 632 495 praesens
653 427 743 483 esse¹.
785 426 902 484 Revera
920 423 1012 482 hodie
1031 422 1125 480 multa
1145 433 1176 479 ut
1193 417 1320 492 possibilia

247 520 449 580 agnoscuntur
473 527 548 581 quae,
576 511 666 568 etiam
692 512 777 570 initio
803 512 892 584 huius
917 510 1027 580 saeculi,
1053 511 1194 581 tanquam
1216 505 1321 564 absurda

248 595 434 654 habebantur
447 614 464 653 a
476 595 573 654 doctis
586 597 767 667 Acaderniis‚
780 618 804 656 ν.
818 617 844 671 g.
860 597 1043 670 hypnotismi
1063 595 1254 668 phaenomena
1268 591 1321 648 alia·

248 700 307 755 que
320 682 503 755 hujusmodi3
522 683 588 754 quis
602 684 690 756 igitur
702 685 802 743 dicere
815 685 893 743 valet
907 683 1072 757 potentiam
1088 683 1145 740 Dei
1165 691 1222 740 tam
1239 678 1321 736 limita·

248 780 308 827 tam
322 787 386 827 esse
400 781 431 828 ut
445 788 504 828 non
519 769 613 842 possit
625 789 733 844 corpus
747 771 856 830 Christi
877 771 907 828 in
928 769 1062 842 pluribus
1079 768 1167 826 simul
1185 766 1251 824 locis
1267 781 1321 836 pne

249 875 316 914 sens
330 855 470 914 reddere?
563 922 564 928 χ

282 951 323 1002 ⁶1.
362 945 410 1010 (Β)
424 943 562 1001 Secunda
574 943 732 1001 difficultas
745 943 787 1000 sic
800 961 831 1002 se
846 943 934 1000 habet
951 964 958 999 :
980 942 1050 1000 Non
1064 949 1189 1014 possunt
1201 935 1323 1000 contradi·

248 1029 341 1086 cloria
354 1029 392 1106 de
405 1030 512 1087 eodem
530 1039 599 1087 ente
618 1029 770 1101 praedicari
785 1053 791 1098 ;
810 1029 892 1100 atqui
911 1030 935 1087 si
955 1046 1063 1100 corpus
1079 1027 1200 1086 Domini
1219 1038 1324 1097 presens

249 1125 325 1174 esset
338 1115 424 1174 simul
440 1115 469 1172 in
483 1115 617 1188 pluribus
630 1116 704 1173 locis
717 1115 774 1173 sub
787 1115 873 1172 variis
887 1113 1053 1187 speciebus,
1069 1110 1286 1171 contradictoria
1296 1107 1325 1166 de

248 1201 366 1260 codici
388 1214 519 1274 possent,
541 1222 568 1260 v.
590 1221 618 1275 g.
642 1203 739 1275 ipsum
762 1202 850 1260 simul
873 1202 984 1259 moveri
1005 1210 1034 1260 et
1055 1200 1215 1272 quiescere,
1235 1193 1325 1254 moveri

248 1287 336 1346 simul
366 1289 404 1346 ad
436 1289 585 1346 dexteram
612 1301 641 1346 et
666 1289 705 1346 ad
731 1287 888 1358 sinistram,
916 1304 1009 1359 quum
1041 1295 1156 1344 motum
1184 1283 1326 1357 specierum

249 1384 397 1446 sequatur.

283 1461 368 1532 Resp.
397 1460 557 1532 Distingui)
567 1461 723 1534 rrtajorem:
743 1480 802 1520 non
818 1472 942 1534 possunt
952 1459 1183 1518 contradictoria
1194 1458 1231 1516 de
1240 1455 1327 1514 eodem

249 1547 401 1620 praedicari
421 1548 471 1604 snb
489 1547 580 1604 eodem
601 1550 734 1620 respee‘iu,
749 1549 904 1619 concedo;
926 1547 978 1604 sub
990 1547 1102 1604 diturso
1115 1545 1246 1618 respctln,
1260 1557 1328 1610 nego.

250 1633 340 1690 Nulla
359 1633 437 1690 enim
458 1645 502 1692 est
520 1634 718 1693 contradictio
737 1636 765 1692 in
786 1653 823 1693 eo
836 1634 919 1707 quod
939 1635 1019 1692 idem
1032 1650 1142 1704 corpus
1161 1630 1216 1691 sub
1233 1629 1329 1688 diverso

250 1719 385 1792 respectu
408 1722 541 1792 quiescat
563 1731 591 1778 et
613 1733 775 1792 moveatur,
796 1741 820 1777 v.
841 1739 869 1792 g.
893 1720 943 1792 qui
967 1719 996 1775 in
1019 1737 1105 1776 curru
1129 1718 1243 1776 vehitur
1260 1711 1329 1770 simul

250 1806 375 1878 quiescit
388 1817 417 1865 et
431 1819 582 1880 movetur,
602 1809 641 1866 ita
655 1809 763 1881 pariter
777 1827 884 1880 corpus
898 1807 1007 1867 Christi
1022 1817 1172 1878 quatenus
1184 1803 1330 1864 continetur

250 1894 305 1950 sub
326 1893 433 1951 talibus
454 1893 610 1966 speciebus
631 1905 774 1965 movetur,
795 1896 866 1966 quia
885 1896 1000 1967 species
1022 1895 1094 1966 ipsae
1115 1903 1274 1960 moventur,
1290 1886 1330 1944 sed

250 1991 395 2052 quatenus
408 1980 576 2039 continetur
589 1980 646 2038 sub
658 1981 722 2038 aliis
735 1980 893 2053 speciebus
908 1981 1041 2053 quiescit,
1058 1981 1128 2053 quia
1148 1979 1259 2053 species
1275 1977 1330 2047 ipsa

250 2077 415 2138 quiescunt.

648 2204 675 2257 2⁰
687 2201 741 2256 Ex
754 2202 949 2259 occulentibus.
1362 2239 1363 2295 t

284 2339 325 2395 ⁶2.
365 2339 413 2406 (A)
430 2337 516 2408 oljr'c.
555 2337 665 2394 Sensus
685 2339 774 2395 nostri
796 2355 856 2396 non
877 2347 1000 2409 possunt
1014 2337 1218 2394 universaliter
1230 2351 1279 2390 nos
1293 2331 1332 2388 de·

251 2426 360 2496 cipere;
380 2424 471 2496 atqui,
482 2424 578 2494 posita
591 2424 929 2494 transsubstantiatione,
937 2442 1040 2483 sensus
1052 2423 1143 2481 nostri
1156 2419 1334 2480 universaliter

251 2513 448 2584 decipiuntur,
460 2530 554 2583 quum
569 2513 654 2571 nobis
665 2513 791 2570 referant
805 2513 834 2568 in
847 2511 1032 2570 Eucharistid
1042 2510 1148 2569 adesse
1161 2509 1244 2583 panis
1252 2519 1278 2565 et
1287 2503 1332 2560 sini

252 2609 379 2670 gustum,
393 2598 534 2666 colorem,
547 2609 602 2657 etc.
616 2617 651 2656 ac
665 2600 791 2671 proinde
805 2615 915 2670 panem
929 2609 958 2658 et
971 2599 1086 2668 vinum;
1105 2615 1186 2668 ergo.

287 2681 371 2751 Resp.
410 2681 520 2740 Sensus
534 2685 624 2740 nostri
640 2701 694 2742 nos
708 2700 768 2740 non
782 2684 946 2757 decipiunt,
963 2684 1087 2758 quando
1105 2683 1186 2741 circa
1199 2679 1333 2755 proprium

251 2767 385 2839 oisellum
399 2779 428 2824 et
442 2768 522 2824 rrrodo
533 2767 624 2823 debito
637 2779 816 2838 exercentur,
833 2768 969 2827 concedo
982 2789 989 2838 ;
1007 2787 1091 2835 senis,
1107 2787 1186 2841 nego
1201 2789 1207 2840 ;
1224 2771 1333 2839 jamvero

252 2853 404 2924 obieetum
431 2855 583 2926 proprium
610 2871 751 2910 sensuum
777 2865 821 2912 est
846 2855 979 2925 judicare
1004 2857 1043 2913 de
1065 2856 1268 2914 accidentibus
1286 2869 1334 2909 cot·

253 2959 367 3014 porum,
385 2960 445 2998 non
464 2952 564 2999 autem
584 2940 622 2998 de
642 2939 814 2998 substantiis
825 2963 832 3013 ;
853 2943 941 3013 igitur
957 2953 1104 3015 quatenus
1123 2943 1268 3002 affirmant
1286 2953 1335 2997 esse

253 3029 391 3096 colorem,
408 3038 537 3096 gustum,
553 3039 607 3084 cte.
624 3027 708 3099 pranis
722 3041 751 3086 et
765 3028 835 3094 vini,
852 3047 912 3086 non
926 3030 1125 3101 decipiuntur,
1141 3031 1212 3102 quia
1225 3031 1261 3088 de
1273 3028 1335 3083 lacto

290 3209 296 3231 ¹
323 3207 367 3260 nd
393 3223 450 3260 rem
476 3208 674 3262 animadvertit
701 3207 784 3261 Card.
813 3208 953 3259 ive-rumim
979 3205 1139 3276 (Apologia,
1165 3216 1235 3275 part.
1260 3202 1335 3257 vtll:

257 3293 272 3318 “
282 3293 605 3347 Transubstantiationis
618 3293 747 3347 dodlrina
760 3292 881 3346 difficilis
895 3293 930 3346 ad
945 3294 1118 3347 credendum
1132 3294 1233 3346 dicitur
1282 3289 1337 3340 Esto

256 3380 330 3448 qnod
351 3380 544 3446 imaginationi
564 3380 685 3434 difficilis
700 3382 744 3442 sit,
761 3381 817 3432 imo
836 3379 988 3448 impervia!
1014 3381 1067 3433 Ast
1081 3380 1224 3448 quomodo
1237 3373 1337 3430 difficilis

255 3469 290 3520 acl
312 3468 504 3522 credendum?
526 3469 609 3522 Certe
629 3469 696 3537 quid
718 3469 753 3520 sit
774 3479 801 3522 et
822 3468 965 3535 quomodo
985 3468 1047 3520 haec
1067 3484 1098 3521 se
1119 3467 1231 3532 habeat,
1244 3459 1336 3529 assequi

255 3571 372 3622 nequeo,
391 3571 439 3607 cur
453 3571 518 3608 vero
531 3571 594 3608 earn
607 3571 670 3609 esse
690 3554 820 3622 negabo?
846 3553 921 3621 Quid
940 3571 1004 3608 eam
1023 3552 1228 3622 impossibilem
1247 3545 1337 3605 reddit?
1358 3545 1359 3629 l

256 3637 331 3704 Quid
344 3639 431 3692 sciam
445 3638 520 3691 circa
534 3639 700 3692 substantia*
713 3649 741 3690 et
756 3639 881 3691 materiae
896 3637 1045 3691 naturam?
1072 3637 1151 3690 Nihil
1170 3636 1286 3695 omnino,
1298 3643 1336 3684 nec

256 3725 345 3790 inagis
359 3723 472 3776 maximi
494 3736 595 3779 norunt
615 3723 782 3792 philosophi.
822 3726 858 3777 Et
878 3726 931 3778 hoc
948 3724 1021 3778 adeo
1034 3741 1132 3779 verum
1145 3735 1235 3778 estut
1254 3717 1336 3774 nostris

257 3811 428 3878 temporibus
448 3811 507 3878 jam
526 3823 587 3864 orta
607 3811 642 3864 sit
661 3812 892 3880 philosophorum
912 3812 1018 3874 schola,
1039 3811 1146 3866 docens
1169 3812 1336 3881 phoenonena

257 3905 346 3947 totum
366 3897 393 3948 id
414 3897 583 3952 constituere
602 3898 678 3968 quod
705 3915 754 3965 per
776 3898 910 3966 Physicas
936 3897 1068 3952 scientias
1088 3898 1169 3951 nobis
1189 3905 1335 3966 cognoscere

257 3979 348 4033 liceat.
387 3982 451 4049 Jam
472 3983 600 4037 doclrinn
620 3985 759 4038 catholica
779 3986 969 4053 phoenomena
992 4002 1048 4038 non
1073 3986 1185 4054 tangit;
1216 3986 1271 4038 haec
1292 3991 1333 4030 110ss

258 4081 379 4116 cessare.
400 4083 416 4118 e
436 4078 533 4120 contra
552 4085 680 4132 tnnnere,
701 4087 752 4123 nec
772 4071 873 4124 eodem
894 4071 1019 4141 pluribus
1037 4072 1107 4124 locis
1133 4071 1215 4124 sirnul
1238 4068 1334 4123 existere
1356 4115 1357 4140 ἦ

453 4153 518 4218 Agit
538 4155 598 4222 ipsa
613 4157 648 4209 de
663 4157 744 4210 rebus
758 4174 876 4225 quarum
890 4169 1019 4212 naturam
1037 4175 1121 4213 nemo
1137 4156 1281 4227 cognoscit,
1295 4147 1332 4202 sci·

434 4236 456 4288 ‘s
471 4239 660 4294 materialibus
674 4244 867 4298 substantiis’'.
