2738 4646
437 174 494 225 DE
513 173 730 224 Mmlsuno.
1069 170 1130 222 2⁵1

50 353 164 416 ratione
189 353 294 436 gravi,
317 353 489 437 baptizant
513 355 638 418 alienos
665 353 819 436 parvulos
845 354 972 434 absque
998 351 1130 415 licentia

49 461 202 536 expressa
212 458 313 520 tacita
324 458 375 520 vel
389 462 591 540 praesumpta
606 458 728 540 proprii
742 456 881 520 Parochi
891 466 949 519 aut
960 454 1130 537 Episcopi;

50 559 119 620 item
141 570 302 641 parentes,
317 562 382 642 qui,
399 561 469 624 sine
484 561 575 642 gravi
597 560 731 635 motivo,
747 559 873 640 prolem
894 558 1130 640 baptizandam

49 659 188 725 deserunt
203 665 246 726 ad
262 662 387 738 alienos
403 664 598 726 sacerdotes,

87 763 131 845 (b)
154 767 318 848 Peregrini
335 768 385 830 vel
405 768 480 848 vagi
497 767 658 846 baptizari
679 777 819 848 possunt
840 767 872 828 in
895 765 1043 848 qualibet
1067 765 1129 828 Ec·

49 864 136 928 clesia
150 888 250 949 quam
267 869 433 952 elegerint.

87 967 127 1046 (c)
146 971 285 1052 Insuper
300 973 491 1053 regulariter
507 972 700 1058 Baptismus
716 973 816 1036 debet
836 974 898 1036 sub
921 973 1012 1054 gravi
1034 973 1130 1036 mini-

49 1073 132 1133 strari
149 1073 179 1135 in
199 1074 357 1148 Ecclesia,
374 1096 439 1138 non
465 1085 576 1138 autem
601 1074 634 1137 in
658 1075 814 1150 sacristia,
830 1075 892 1137 nisi
914 1074 1001 1138 adsit
1022 1075 1130 1156 gravis

48 1192 144 1250 causa,
154 1176 197 1238 ab
214 1177 382 1260 Episcopo
398 1178 615 1261 approbanda
631 1187 668 1240 ut
683 1187 814 1240 constat
826 1197 871 1240 ex
887 1177 919 1242 S.
933 1178 968 1241 C.
982 1179 1058 1254 Rit,
1070 1197 1131 1240 nec

48 1293 63 1332 a
79 1275 197 1340 fortiori
215 1280 248 1341 in
264 1280 439 1353 domiciliis
455 1281 599 1362 privatis.
647 1280 730 1342 Haec
754 1280 854 1344 habet
878 1279 965 1346 Cunc.
981 1281 1067 1344 Balt.
1086 1282 1131 1358 II,

49 1391 63 1434 2
67 1394 81 1454 3
86 1393 103 1453 7
116 1401 122 1440 :
144 1386 159 1411 ‘⁴
173 1379 239 1462 Qui
252 1383 316 1444 mri
332 1382 468 1463 degunt,
478 1392 535 1446 aut
552 1384 583 1444 in
601 1383 694 1465 pagis
710 1393 768 1446 aut
783 1383 959 1465 oppidulis,
972 1384 1026 1446 ubi
1041 1384 1130 1447 nulla

48 1488 91 1540 est
106 1483 248 1559 ecclesia,
265 1484 407 1547 infantes
429 1486 470 1547 ad
492 1486 663 1548 ecclesiam
689 1483 958 1565 propinquiorem
969 1533 975 1546 .
986 1534 992 1546 .
1004 1534 1010 1546 .
1022 1485 1130 1566 bapti·

48 1584 160 1646 zandos
170 1586 353 1664 adducant;
369 1587 458 1668 quod
471 1585 498 1647 si
510 1584 555 1648 ob
564 1584 647 1647 aeris
658 1583 896 1665 intemperiem,
909 1583 1034 1646 itineris
1046 1583 1130 1647 diffi-

48 1682 203 1762 cultatem,
216 1698 390 1768 parentum
407 1688 553 1768 inopiam
570 1687 620 1748 vel
638 1687 719 1749 alias
731 1705 847 1767 graves
860 1705 975 1748 causas
988 1685 1051 1748 hoc
1062 1686 1129 1748 fieri

48 1787 160 1866 nequit,
173 1798 249 1852 tunc
262 1791 457 1852 missionarii
471 1789 681 1852 conscientia:
694 1788 908 1868 relinquimus
921 1799 958 1852 ut
969 1809 1026 1850 eos
1039 1790 1129 1852 domi

47 1905 114 1950 cum
127 1892 280 1954 omnibus
293 1893 452 1955 Ecclesiae
467 1893 671 1954 caeremoniis
688 1891 834 1972 baptizet
844 1891 867 1953 ’'.
909 1891 946 1952 ln
964 1893 1130 1954 nonnullis

47 1992 240 2071 dioecesibus,
256 1996 328 2058 haec
351 1996 519 2058 concessio
538 1995 699 2057 limitatur
721 1997 762 2057 ad
783 2015 894 2056 casum
916 2014 982 2075 quo
1003 1994 1129 2076 parvuli

46 2093 83 2155 ab
97 2097 231 2159 ecclesia
247 2100 373 2162 distant
389 2098 493 2162 tribus
511 2096 676 2160 milliariis.

84 2195 129 2279 (d)
154 2199 189 2263 Si
213 2201 356 2264 infantes
373 2200 463 2263 domi
483 2199 693 2282 baptizantur
714 2201 784 2263 sine
803 2199 1016 2276 caeremoniis,
1033 2222 1130 2264 caere-

47 2302 157 2364 moniae
166 2313 284 2384 postea
294 2304 489 2385 supplendae
502 2313 593 2378 sunt;
610 2305 642 2364 in
656 2303 850 2384 supplendis
863 2301 978 2364 ritibus
991 2303 1130 2376 omissis,

46 2400 91 2463 ille
102 2405 180 2467 ordo
192 2407 373 2468 servandus
385 2405 440 2487 qui
453 2407 634 2468 servandus
648 2406 762 2468 suisset
775 2415 924 2486 tempore
936 2425 1003 2486 quo
1017 2405 1129 2486 Bapti-

45 2525 125 2569 smus
141 2510 280 2572 collatus
303 2510 374 2584 suit,
389 2530 431 2573 sc.
449 2511 474 2570 si
500 2519 579 2571 tunc
600 2510 758 2590 temporis
783 2508 1002 2591 baptizandus
1020 2507 1129 2571 adhuc

45 2608 141 2672 infans
157 2623 253 2688 esset,
269 2613 463 2694 supplendae
479 2622 557 2674 sunt
572 2613 778 2674 caeremoniae
796 2611 958 2692 Baptismi
978 2610 1129 2691 parvulo-

44 2731 107 2773 rum
121 2735 129 2790 ;
150 2717 176 2776 si
194 2715 332 2792 adultus,
345 2715 539 2796 supplendae
552 2722 628 2776 sunt
641 2715 846 2776 caeremoniae
861 2713 1023 2794 Baptismi
1037 2713 1130 2802 adul7

45 2821 141 2878 torum
158 2815 263 2896 (Cone.
280 2817 366 2880 Bau.
384 2817 429 2891 11,
446 2829 483 2877 n0
499 2816 586 2896 239).

79 2919 125 2998 (e)
142 2920 177 2983 Si
194 2921 326 2984 adultus
350 2921 392 2982 ab
415 2920 530 2981 haeresi
547 2939 723 2980 conversus
740 2918 966 2980 conditionate
983 2916 1129 2998 baptiza·

44 3030 96 3093 tur,
110 3022 330 3085 adhibeantur
352 3023 557 3085 caeremoniae
578 3041 638 3102 pro
661 3020 850 3084 adultorum
868 3020 1050 3101 Baptismo‚
1068 3022 1129 3082 nisi

44 3127 173 3204 speciale
193 3127 362 3190 Indultum
379 3146 573 3189 concessum
591 3125 696 3187 luerit.
734 3124 786 3204 (S.
799 3121 892 3203 Cong.
906 3123 975 3184 Rit.
989 3139 1029 3202 27
1042 3123 1130 3204 Aug.

47 3229 126 3306 1836,
145 3228 274 3292 Gardel.
291 3250 320 3292 n.
337 3233 446 3311 4780).

78 3331 119 3412 (ἰ)
136 3332 361 3408 Caeremoniae,
384 3355 458 3415 quae
483 3336 514 3396 in
539 3334 679 3395 solemni
704 3333 878 3413 Baptismo
902 3331 944 3392 ad
970 3329 1128 3408 majorem

44 3451 190 3516 pompam
207 3456 245 3497 ac
262 3435 509 3499 solemnitatem
533 3436 741 3509 adhibentur,
758 3453 823 3495 non
849 3442 988 3512 possunt
1011 3432 1131 3507 omitti,

44 3538 177 3611 resecari,
194 3539 337 3600 mutilari
354 3547 411 3600 aut
427 3547 631 3619 praepostero
647 3536 762 3598 ordine
779 3535 937 3614 usurpari.
983 3533 1130 3614 “Neque

43 3637 128 3713 enim,
144 3639 191 3701 ait
206 3639 397 3702 Benedtbius
412 3640 472 3702 XI
480 3639 510 3704 V
517 3653 537 3716 ¹,
554 3641 625 3703 sine
647 3640 738 3720 gravi
761 3647 901 3720 peccato
917 3637 1131 3717 negliguntur

44 3748 101 3802 tam
124 3742 234 3823 magni
256 3743 412 3823 ponderis
433 3753 602 3824 tantaeque
623 3742 830 3823 antiquitatis
852 3741 941 3812 ritus
964 3748 1064 3820 atquc
1088 3738 1129 3801 ad

44 3846 246 3906 reverentiam
263 3855 471 3907 sacramento
487 3846 730 3907 conciliandam
750 3842 899 3905 maxime
919 3842 1092 3903 necessarii
1105 3841 1129 3904 ”.

46 3941 227 4027 Principium
244 3948 398 4028 generale
415 3957 465 4009 est
481 3967 580 4029 grave
601 3968 671 4010 esse
696 3957 868 4028 peccatum
885 3945 1039 4006 omittere
1057 3964 1129 4024 par-

71 4163 77 4192 ¹
91 4168 205 4223 Constit.
216 4166 302 4223 Inter
312 4170 481 4239 ornnthenas,
495 4169 541 4224 die
555 4185 569 4222 2
585 4169 666 4223 Febr,
681 4181 756 4233 1744,
771 4185 797 4220 n.
813 4181 843 4234 19
855 4184 862 4232 ;
885 4167 932 4220 cfr.
948 4167 1050 4221 Cuncil.
1064 4167 1129 4218 Bal-

45 4251 123 4307 !imor.
138 4257 178 4322 II,
192 4273 218 4309 n.
233 4267 294 4324 ²35·
