<?xml version="1.0" encoding="UTF-8"?>
<!DOCTYPE html PUBLIC "-//W3C//DTD XHTML 1.0 Transitional//EN"
    "http://www.w3.org/TR/xhtml1/DTD/xhtml1-transitional.dtd">
<html xmlns="http://www.w3.org/1999/xhtml" xml:lang="en" lang="en">
 <head>
  <title>
</title>
<meta http-equiv="Content-Type" content="text/html;charset=utf-8" />
  <meta name='ocr-system' content='tesseract 3.04.00' />
  <meta name='ocr-capabilities' content='ocr_page ocr_carea ocr_par ocr_line ocrx_word'/>
</head>
<body>
  <div class='ocr_page' id='page_1' title='image "./synopsistheolog01tanqgoog_0069.png"; bbox 0 0 2776 4644; ppageno 0'>
   <div class='ocr_carea' id='block_1_1' title="bbox 246 153 895 207">
    <p class='ocr_par' dir='ltr' id='par_1_1' title="bbox 246 153 895 207">
     <span class='ocr_line' id='line_1_1' title="bbox 246 153 895 207; baseline 0.005 -3"><span class='ocrx_word' id='word_1_1' title='bbox 246 153 293 204; x_wconf 75' lang='lat'>5⁴</span> <span class='ocrx_word' id='word_1_2' title='bbox 715 157 854 207; x_wconf 78' lang='lat' dir='ltr'>CAPUT</span> <span class='ocrx_word' id='word_1_3' title='bbox 870 156 895 207; x_wconf 92' lang='lat'>1.</span> 
     </span>
    </p>
   </div>
   <div class='ocr_carea' id='block_1_2' title="bbox 245 329 1372 1615">
    <p class='ocr_par' dir='ltr' id='par_1_2' title="bbox 245 329 1370 1010">
     <span class='ocr_line' id='line_1_2' title="bbox 246 329 1334 404; baseline 0 -19"><span class='ocrx_word' id='word_1_4' title='bbox 246 329 340 387; x_wconf 86' lang='lat' dir='ltr'>stolus</span> <span class='ocrx_word' id='word_1_5' title='bbox 353 331 485 402; x_wconf 87' lang='lat' dir='ltr'>loquitur</span> <span class='ocrx_word' id='word_1_6' title='bbox 496 332 536 390; x_wconf 91' lang='lat' dir='ltr'>de</span> <span class='ocrx_word' id='word_1_7' title='bbox 549 332 689 404; x_wconf 87' lang='lat' dir='ltr'><strong>operibus</strong></span> <span class='ocrx_word' id='word_1_8' title='bbox 700 333 892 400; x_wconf 91' lang='lat' dir='ltr'>naturalibus,</span> <span class='ocrx_word' id='word_1_9' title='bbox 904 343 933 393; x_wconf 92' lang='lat' dir='ltr'>et</span> <span class='ocrx_word' id='word_1_10' title='bbox 943 334 1017 392; x_wconf 89' lang='lat' dir='ltr'>dicit</span> <span class='ocrx_word' id='word_1_11' title='bbox 1028 351 1082 390; x_wconf 93' lang='lat' dir='ltr'>nos</span> <span class='ocrx_word' id='word_1_12' title='bbox 1093 349 1215 404; x_wconf 83' lang='lat' dir='ltr'>capaces</span> <span class='ocrx_word' id='word_1_13' title='bbox 1225 348 1287 388; x_wconf 88' lang='lat' dir='ltr'>esse</span> <span class='ocrx_word' id='word_1_14' title='bbox 1295 347 1334 385; x_wconf 80' lang='lat' dir='ltr'>vo·</span> 
     </span>
     <span class='ocr_line' id='line_1_3' title="bbox 246 415 1335 491; baseline -0.003 -18"><span class='ocrx_word' id='word_1_15' title='bbox 246 415 327 474; x_wconf 93' lang='lat' dir='ltr'>lendi</span> <span class='ocrx_word' id='word_1_16' title='bbox 339 417 453 474; x_wconf 89' lang='lat' dir='ltr'>bonum</span> <span class='ocrx_word' id='word_1_17' title='bbox 464 420 605 488; x_wconf 88' lang='lat' dir='ltr'>naturale,</span> <span class='ocrx_word' id='word_1_18' title='bbox 615 421 750 490; x_wconf 88' lang='lat' dir='ltr'>quamvis</span> <span class='ocrx_word' id='word_1_19' title='bbox 760 419 936 491; x_wconf 85' lang='lat' dir='ltr'>plerumque</span> <span class='ocrx_word' id='word_1_20' title='bbox 947 420 1021 477; x_wconf 93' lang='lat' dir='ltr'>illud</span> <span class='ocrx_word' id='word_1_21' title='bbox 1031 437 1091 476; x_wconf 88' lang='lat' dir='ltr'>non</span> <span class='ocrx_word' id='word_1_22' title='bbox 1104 416 1335 490; x_wconf 86' lang='lat' dir='ltr'>perficiamus,ob</span> 
     </span>
     <span class='ocr_line' id='line_1_4' title="bbox 247 503 1335 577; baseline -0.002 -19"><span class='ocrx_word' id='word_1_23' title='bbox 247 503 446 562; x_wconf 86' lang='lat' dir='ltr'>infirmitatem</span> <span class='ocrx_word' id='word_1_24' title='bbox 460 516 590 562; x_wconf 88' lang='lat' dir='ltr'>nostram</span> <span class='ocrx_word' id='word_1_25' title='bbox 600 525 607 576; x_wconf 91' lang='lat'>;</span> <span class='ocrx_word' id='word_1_26' title='bbox 626 505 748 576; x_wconf 87' lang='lat' dir='ltr'>quando</span> <span class='ocrx_word' id='word_1_27' title='bbox 766 517 866 574; x_wconf 88' lang='lat' dir='ltr'>autem</span> <span class='ocrx_word' id='word_1_28' title='bbox 886 507 915 564; x_wconf 90' lang='lat' dir='ltr'>S.</span> <span class='ocrx_word' id='word_1_29' title='bbox 933 507 1042 563; x_wconf 91' lang='lat' dir='ltr'>Paulus</span> <span class='ocrx_word' id='word_1_30' title='bbox 1061 505 1191 577; x_wconf 89' lang='lat' dir='ltr'>loquitur</span> <span class='ocrx_word' id='word_1_31' title='bbox 1203 504 1239 562; x_wconf 94' lang='lat' dir='ltr'>de</span> <span class='ocrx_word' id='word_1_32' title='bbox 1249 503 1335 573; x_wconf 20' lang='lat' dir='ltr'>,operi-</span> 
     </span>
     <span class='ocr_line' id='line_1_5' title="bbox 247 587 1335 662; baseline -0.002 -16"><span class='ocrx_word' id='word_1_33' title='bbox 247 589 303 646; x_wconf 89' lang='lat' dir='ltr'>bus</span> <span class='ocrx_word' id='word_1_34' title='bbox 316 592 599 662; x_wconf 86' lang='lat' dir='ltr'>supernaturalibus,</span> <span class='ocrx_word' id='word_1_35' title='bbox 615 604 686 648; x_wconf 92' lang='lat' dir='ltr'>tunc</span> <span class='ocrx_word' id='word_1_36' title='bbox 705 592 769 649; x_wconf 87' lang='lat' dir='ltr'>sine</span> <span class='ocrx_word' id='word_1_37' title='bbox 787 591 881 650; x_wconf 92' lang='lat' dir='ltr'>dubio</span> <span class='ocrx_word' id='word_1_38' title='bbox 893 593 996 650; x_wconf 86' lang='lat' dir='ltr'>asserit</span> <span class='ocrx_word' id='word_1_39' title='bbox 1010 603 1074 649; x_wconf 81' lang='lat' dir='ltr'>tunt</span> <span class='ocrx_word' id='word_1_40' title='bbox 1087 591 1173 656; x_wconf 90' lang='lat' dir='ltr'>velle,</span> <span class='ocrx_word' id='word_1_41' title='bbox 1189 601 1248 647; x_wconf 82' lang='lat' dir='ltr'>tuni</span> <span class='ocrx_word' id='word_1_42' title='bbox 1263 587 1335 660; x_wconf 89' lang='lat' dir='ltr'>perti-</span> 
     </span>
     <span class='ocr_line' id='line_1_6' title="bbox 247 676 1334 750; baseline -0.003 -19"><span class='ocrx_word' id='word_1_43' title='bbox 247 693 314 734; x_wconf 89' lang='lat' dir='ltr'>cere</span> <span class='ocrx_word' id='word_1_44' title='bbox 333 695 398 735; x_wconf 92' lang='lat' dir='ltr'>esse</span> <span class='ocrx_word' id='word_1_45' title='bbox 414 695 432 734; x_wconf 86' lang='lat' dir='ltr'>a</span> <span class='ocrx_word' id='word_1_46' title='bbox 448 679 560 749; x_wconf 70' lang='lat' dir='ltr'>gratia:</span> <span class='ocrx_word' id='word_1_47' title='bbox 580 679 753 750; x_wconf 86' lang='lat' dir='ltr'>“Operatur</span> <span class='ocrx_word' id='word_1_48' title='bbox 770 679 800 735; x_wconf 93' lang='lat' dir='ltr'>in</span> <span class='ocrx_word' id='word_1_49' title='bbox 818 679 904 736; x_wconf 91' lang='lat' dir='ltr'>vobis</span> <span class='ocrx_word' id='word_1_50' title='bbox 920 679 997 737; x_wconf 91' lang='lat' dir='ltr'>velle</span> <span class='ocrx_word' id='word_1_51' title='bbox 1015 689 1044 737; x_wconf 91' lang='lat' dir='ltr'>et</span> <span class='ocrx_word' id='word_1_52' title='bbox 1062 676 1224 750; x_wconf 62' lang='lat' dir='ltr'>perficeret</span> <span class='ocrx_word' id='word_1_53' title='bbox 1235 685 1251 732; x_wconf 90' lang='lat'>¹.</span> <span class='ocrx_word' id='word_1_54' title='bbox 1287 676 1334 730; x_wconf 75' lang='lat' dir='ltr'>Alii</span> 
     </span>
     <span class='ocr_line' id='line_1_7' title="bbox 245 763 1336 836; baseline -0.001 -18"><span class='ocrx_word' id='word_1_55' title='bbox 245 763 315 820; x_wconf 78' lang='lat' dir='ltr'>nelle</span> <span class='ocrx_word' id='word_1_56' title='bbox 328 763 525 834; x_wconf 82' lang='lat' dir='ltr'>intelligentes</span> <span class='ocrx_word' id='word_1_57' title='bbox 538 764 576 823; x_wconf 92' lang='lat' dir='ltr'>de</span> <span class='ocrx_word' id='word_1_58' title='bbox 589 765 731 822; x_wconf 88' lang='lat' dir='ltr'>volitione</span> <span class='ocrx_word' id='word_1_59' title='bbox 744 766 958 836; x_wconf 81' lang='lat' dir='ltr'>supernaturali</span> <span class='ocrx_word' id='word_1_60' title='bbox 974 767 1014 822; x_wconf 92' lang='lat' dir='ltr'>ita</span> <span class='ocrx_word' id='word_1_61' title='bbox 1027 775 1140 822; x_wconf 87' lang='lat' dir='ltr'>textum</span> <span class='ocrx_word' id='word_1_62' title='bbox 1159 765 1336 834; x_wconf 85' lang='lat' dir='ltr'>interpretan-</span> 
     </span>
     <span class='ocr_line' id='line_1_8' title="bbox 248 851 1335 922; baseline -0.001 -17"><span class='ocrx_word' id='word_1_63' title='bbox 248 859 313 906; x_wconf 89' lang='lat' dir='ltr'>tur:</span> <span class='ocrx_word' id='word_1_64' title='bbox 333 852 408 910; x_wconf 89' lang='lat' dir='ltr'>velle</span> <span class='ocrx_word' id='word_1_65' title='bbox 421 869 489 909; x_wconf 90' lang='lat' dir='ltr'>curn</span> <span class='ocrx_word' id='word_1_66' title='bbox 503 851 605 922; x_wconf 73' lang='lat' dir='ltr'>gratia,</span> <span class='ocrx_word' id='word_1_67' title='bbox 616 851 733 922; x_wconf 82' lang='lat' dir='ltr'>adjacet</span> <span class='ocrx_word' id='word_1_68' title='bbox 746 851 827 922; x_wconf 90' lang='lat' dir='ltr'>mihi,</span> <span class='ocrx_word' id='word_1_69' title='bbox 840 851 893 910; x_wconf 93' lang='lat' dir='ltr'>sed</span> <span class='ocrx_word' id='word_1_70' title='bbox 903 852 961 908; x_wconf 88' lang='lat' dir='ltr'>alia</span> <span class='ocrx_word' id='word_1_71' title='bbox 974 863 1003 910; x_wconf 90' lang='lat' dir='ltr'>et</span> <span class='ocrx_word' id='word_1_72' title='bbox 1016 852 1111 908; x_wconf 86' lang='lat' dir='ltr'>multo</span> <span class='ocrx_word' id='word_1_73' title='bbox 1126 851 1273 922; x_wconf 92' lang='lat' dir='ltr'>potentior</span> <span class='ocrx_word' id='word_1_74' title='bbox 1285 865 1335 919; x_wconf 84' lang='lat' dir='ltr'>gra·</span> 
     </span>
     <span class='ocr_line' id='line_1_9' title="bbox 247 937 1370 1010; baseline 0.004 -19"><span class='ocrx_word' id='word_1_75' title='bbox 247 937 288 993; x_wconf 91' lang='lat' dir='ltr'>tia</span> <span class='ocrx_word' id='word_1_76' title='bbox 301 939 465 996; x_wconf 89' lang='lat' dir='ltr'>necessaria</span> <span class='ocrx_word' id='word_1_77' title='bbox 479 949 523 996; x_wconf 94' lang='lat' dir='ltr'>est</span> <span class='ocrx_word' id='word_1_78' title='bbox 535 940 573 996; x_wconf 88' lang='lat' dir='ltr'>ad</span> <span class='ocrx_word' id='word_1_79' title='bbox 587 956 663 1010; x_wconf 92' lang='lat' dir='ltr'>opus</span> <span class='ocrx_word' id='word_1_80' title='bbox 676 938 909 1009; x_wconf 86' lang='lat' dir='ltr'>exsequendum.</span> <span class='ocrx_word' id='word_1_81' title='bbox 1369 953 1370 1008; x_wconf 69' lang='lat' dir='ltr'>l</span> 
     </span>
    </p>

    <p class='ocr_par' dir='ltr' id='par_1_3' title="bbox 248 1023 1372 1615">
     <span class='ocr_line' id='line_1_10' title="bbox 283 1023 1336 1096; baseline 0 -19"><span class='ocrx_word' id='word_1_82' title='bbox 283 1025 331 1094; x_wconf 86' lang='lat' dir='ltr'>(C)</span> <span class='ocrx_word' id='word_1_83' title='bbox 346 1025 531 1083; x_wconf 87' lang='lat' dir='ltr'>Exhibentur</span> <span class='ocrx_word' id='word_1_84' title='bbox 548 1026 637 1082; x_wconf 87' lang='lat' dir='ltr'>etiarn</span> <span class='ocrx_word' id='word_1_85' title='bbox 657 1025 793 1096; x_wconf 86' lang='lat' dir='ltr'>exempla</span> <span class='ocrx_word' id='word_1_86' title='bbox 807 1025 1007 1095; x_wconf 91' lang='lat' dir='ltr'>Centurionis,</span> <span class='ocrx_word' id='word_1_87' title='bbox 1025 1025 1151 1093; x_wconf 84' lang='lat' dir='ltr'>Zachaei,</span> <span class='ocrx_word' id='word_1_88' title='bbox 1165 1023 1235 1082; x_wconf 92' lang='lat' dir='ltr'>boni</span> <span class='ocrx_word' id='word_1_89' title='bbox 1250 1023 1336 1078; x_wconf 78' lang='lat' dir='ltr'>latro·</span> 
     </span>
     <span class='ocr_line' id='line_1_11' title="bbox 248 1107 1336 1184; baseline -0.004 -20"><span class='ocrx_word' id='word_1_90' title='bbox 248 1110 302 1178; x_wconf 92' lang='lat' dir='ltr'>nis,</span> <span class='ocrx_word' id='word_1_91' title='bbox 315 1112 365 1182; x_wconf 87' lang='lat' dir='ltr'>qui</span> <span class='ocrx_word' id='word_1_92' title='bbox 386 1129 438 1184; x_wconf 92' lang='lat' dir='ltr'>per</span> <span class='ocrx_word' id='word_1_93' title='bbox 456 1111 629 1179; x_wconf 87' lang='lat' dir='ltr'>orationem,</span> <span class='ocrx_word' id='word_1_94' title='bbox 643 1122 693 1168; x_wconf 90' lang='lat' dir='ltr'>aut</span> <span class='ocrx_word' id='word_1_95' title='bbox 712 1112 794 1183; x_wconf 88' lang='lat' dir='ltr'>pium</span> <span class='ocrx_word' id='word_1_96' title='bbox 812 1111 993 1169; x_wconf 79' lang='lat' dir='ltr'>desideriunt</span> <span class='ocrx_word' id='word_1_97' title='bbox 1008 1111 1161 1170; x_wconf 89' lang='lat' dir='ltr'>Christum</span> <span class='ocrx_word' id='word_1_98' title='bbox 1178 1107 1336 1181; x_wconf 88' lang='lat' dir='ltr'>recipiendi,</span> 
     </span>
     <span class='ocr_line' id='line_1_12' title="bbox 248 1195 1371 1268; baseline -0.004 -16"><span class='ocrx_word' id='word_1_99' title='bbox 248 1199 473 1256; x_wconf 90' lang='lat' dir='ltr'>conversionem</span> <span class='ocrx_word' id='word_1_100' title='bbox 487 1216 571 1256; x_wconf 88' lang='lat' dir='ltr'>suam</span> <span class='ocrx_word' id='word_1_101' title='bbox 585 1197 780 1256; x_wconf 91' lang='lat' dir='ltr'>obtinuerunt</span> <span class='ocrx_word' id='word_1_102' title='bbox 788 1217 795 1268; x_wconf 91' lang='lat'>;</span> <span class='ocrx_word' id='word_1_103' title='bbox 814 1215 848 1254; x_wconf 87' lang='lat' dir='ltr'>ex</span> <span class='ocrx_word' id='word_1_104' title='bbox 862 1196 971 1267; x_wconf 88' lang='lat' dir='ltr'>quibus</span> <span class='ocrx_word' id='word_1_105' title='bbox 984 1195 1144 1254; x_wconf 88' lang='lat' dir='ltr'>deducitur</span> <span class='ocrx_word' id='word_1_106' title='bbox 1155 1195 1269 1252; x_wconf 90' lang='lat' dir='ltr'>initium</span> <span class='ocrx_word' id='word_1_107' title='bbox 1280 1211 1336 1249; x_wconf 89' lang='lat' dir='ltr'>con·</span> <span class='ocrx_word' id='word_1_108' title='bbox 1370 1245 1371 1266; x_wconf 19' lang='grc' dir='ltr'>ἶ</span> 
     </span>
     <span class='ocr_line' id='line_1_13' title="bbox 249 1275 1371 1354; baseline -0.002 -18"><span class='ocrx_word' id='word_1_109' title='bbox 249 1284 390 1340; x_wconf 84' lang='lat' dir='ltr'>versionis</span> <span class='ocrx_word' id='word_1_110' title='bbox 403 1283 606 1341; x_wconf 87' lang='lat' dir='ltr'>esseanohis.</span> <span class='ocrx_word' id='word_1_111' title='bbox 647 1283 706 1341; x_wconf 91' lang='lat' dir='ltr'>Sed</span> <span class='ocrx_word' id='word_1_112' title='bbox 719 1295 831 1349; x_wconf 86' lang='lat' dir='ltr'>contra,</span> <span class='ocrx_word' id='word_1_113' title='bbox 842 1284 917 1341; x_wconf 88' lang='lat' dir='ltr'>fides</span> <span class='ocrx_word' id='word_1_114' title='bbox 930 1283 1222 1354; x_wconf 89' lang='lat' dir='ltr'>Centurionis,pium</span> <span class='ocrx_word' id='word_1_115' title='bbox 1235 1279 1337 1338; x_wconf 72' lang='lat' dir='ltr'>Zachaei</span> <span class='ocrx_word' id='word_1_116' title='bbox 1370 1275 1371 1282; x_wconf 64' lang='lat'><em>&#39;</em></span> 
     </span>
     <span class='ocr_line' id='line_1_14' title="bbox 248 1365 1336 1441; baseline -0.003 -19"><span class='ocrx_word' id='word_1_117' title='bbox 248 1365 428 1425; x_wconf 88' lang='lat' dir='ltr'>desiderium</span> <span class='ocrx_word' id='word_1_118' title='bbox 442 1378 471 1425; x_wconf 91' lang='lat' dir='ltr'>et</span> <span class='ocrx_word' id='word_1_119' title='bbox 484 1366 633 1424; x_wconf 83' lang='lat' dir='ltr'>consessio</span> <span class='ocrx_word' id='word_1_120' title='bbox 648 1366 718 1424; x_wconf 91' lang='lat' dir='ltr'>boni</span> <span class='ocrx_word' id='word_1_121' title='bbox 734 1368 878 1438; x_wconf 84' lang='lat' dir='ltr'>Latronis,</span> <span class='ocrx_word' id='word_1_122' title='bbox 888 1370 1016 1435; x_wconf 87' lang='lat' dir='ltr'>luerunt,</span> <span class='ocrx_word' id='word_1_123' title='bbox 1028 1371 1110 1441; x_wconf 87' lang='lat' dir='ltr'>juxta</span> <span class='ocrx_word' id='word_1_124' title='bbox 1123 1369 1240 1428; x_wconf 91' lang='lat' dir='ltr'>Concil.</span> <span class='ocrx_word' id='word_1_125' title='bbox 1252 1369 1336 1424; x_wconf 74' lang='lat' dir='ltr'>Arari-</span> 
     </span>
     <span class='ocr_line' id='line_1_15' title="bbox 251 1430 1372 1527; baseline -0.002 -19"><span class='ocrx_word' id='word_1_126' title='bbox 251 1453 386 1524; x_wconf 84' lang='lat' dir='ltr'>ricanum,</span> <span class='ocrx_word' id='word_1_127' title='bbox 409 1471 499 1525; x_wconf 88' lang='lat' dir='ltr'>opera</span> <span class='ocrx_word' id='word_1_128' title='bbox 520 1470 587 1511; x_wconf 90' lang='lat' dir='ltr'>vere</span> <span class='ocrx_word' id='word_1_129' title='bbox 610 1455 851 1526; x_wconf 88' lang='lat' dir='ltr'>supernaturalia,</span> <span class='ocrx_word' id='word_1_130' title='bbox 876 1457 932 1514; x_wconf 90' lang='lat' dir='ltr'>sub</span> <span class='ocrx_word' id='word_1_131' title='bbox 951 1457 1063 1513; x_wconf 86' lang='lat' dir='ltr'>influxu</span> <span class='ocrx_word' id='word_1_132' title='bbox 1084 1457 1186 1527; x_wconf 81' lang='lat' dir='ltr'>gratiae</span> <span class='ocrx_word' id='word_1_133' title='bbox 1207 1452 1337 1514; x_wconf 84' lang='lat' dir='ltr'>interioris</span> <span class='ocrx_word' id='word_1_134' title='bbox 1371 1430 1372 1500; x_wconf 82' lang='lat' dir='ltr'>l</span> 
     </span>
     <span class='ocr_line' id='line_1_16' title="bbox 251 1539 1161 1615; baseline 0.001 -18"><span class='ocrx_word' id='word_1_135' title='bbox 251 1541 354 1612; x_wconf 83' lang='lat' dir='ltr'>elicita,</span> <span class='ocrx_word' id='word_1_136' title='bbox 370 1559 426 1598; x_wconf 92' lang='lat' dir='ltr'>nec</span> <span class='ocrx_word' id='word_1_137' title='bbox 438 1539 553 1611; x_wconf 85' lang='lat' dir='ltr'>absque</span> <span class='ocrx_word' id='word_1_138' title='bbox 566 1541 661 1611; x_wconf 70' lang='lat' dir='ltr'>gratia</span> <span class='ocrx_word' id='word_1_139' title='bbox 675 1541 873 1611; x_wconf 84' lang='lat' dir='ltr'>praeveniente</span> <span class='ocrx_word' id='word_1_140' title='bbox 886 1543 952 1600; x_wconf 87' lang='lat' dir='ltr'>elici</span> <span class='ocrx_word' id='word_1_141' title='bbox 967 1543 1134 1615; x_wconf 90' lang='lat' dir='ltr'>potuissent</span> <span class='ocrx_word' id='word_1_142' title='bbox 1141 1544 1161 1598; x_wconf 87' lang='lat'>¹.</span> 
     </span>
    </p>
   </div>
   <div class='ocr_carea' id='block_1_3' title="bbox 252 1703 1373 1876">
    <p class='ocr_par' dir='ltr' id='par_1_4' title="bbox 252 1703 1373 1876">
     <span class='ocr_line' id='line_1_17' title="bbox 252 1703 1373 1781; baseline -0.003 -19"><span class='ocrx_word' id='word_1_143' title='bbox 252 1707 301 1764; x_wconf 93' lang='lat'>11.</span> <span class='ocrx_word' id='word_1_144' title='bbox 319 1707 465 1766; x_wconf 84' lang='lat' dir='ltr'>Gratiae</span> <span class='ocrx_word' id='word_1_145' title='bbox 481 1709 649 1766; x_wconf 88' lang='lat' dir='ltr'>actualis</span> <span class='ocrx_word' id='word_1_146' title='bbox 667 1707 879 1765; x_wconf 82' lang='lat' dir='ltr'>necessitas</span> <span class='ocrx_word' id='word_1_147' title='bbox 894 1707 941 1766; x_wconf 89' lang='lat' dir='ltr'>ad</span> <span class='ocrx_word' id='word_1_148' title='bbox 964 1721 1094 1780; x_wconf 87' lang='lat' dir='ltr'>opera,</span> <span class='ocrx_word' id='word_1_149' title='bbox 1111 1721 1201 1781; x_wconf 86' lang='lat' dir='ltr'>quae</span> <span class='ocrx_word' id='word_1_150' title='bbox 1213 1703 1339 1778; x_wconf 78' lang='lat' dir='ltr'>justin·</span> <span class='ocrx_word' id='word_1_151' title='bbox 1372 1723 1373 1780; x_wconf 62' lang='lat' dir='ltr'>i</span> 
     </span>
     <span class='ocr_line' id='line_1_18' title="bbox 316 1797 1373 1876; baseline -0.001 -15"><span class='ocrx_word' id='word_1_152' title='bbox 316 1805 512 1862; x_wconf 68' lang='lat' dir='ltr'>cationern‘</span> <span class='ocrx_word' id='word_1_153' title='bbox 525 1809 755 1876; x_wconf 86' lang='lat' dir='ltr'>sequuntur,</span> <span class='ocrx_word' id='word_1_154' title='bbox 774 1817 841 1862; x_wconf 85' lang='lat' dir='ltr'>scu</span> <span class='ocrx_word' id='word_1_155' title='bbox 858 1804 907 1860; x_wconf 90' lang='lat' dir='ltr'>ad</span> <span class='ocrx_word' id='word_1_156' title='bbox 922 1805 1257 1874; x_wconf 81' lang='lat' dir='ltr'>perseverantiam</span> <span class='ocrx_word' id='word_1_157' title='bbox 1268 1797 1287 1858; x_wconf 74' lang='lat'>³.</span> <span class='ocrx_word' id='word_1_158' title='bbox 1372 1841 1373 1846; x_wconf 18' lang='grc' dir='ltr'><strong>κ</strong></span> 
     </span>
    </p>
   </div>
   <div class='ocr_carea' id='block_1_4' title="bbox 250 1953 1375 2404">
    <p class='ocr_par' dir='ltr' id='par_1_5' title="bbox 250 1953 1375 2404">
     <span class='ocr_line' id='line_1_19' title="bbox 292 1953 1337 2034; baseline -0.005 -17"><span class='ocrx_word' id='word_1_159' title='bbox 292 1963 341 2034; x_wconf 81' lang='grc'>57.</span> <span class='ocrx_word' id='word_1_160' title='bbox 389 1955 445 2016; x_wconf 88' lang='lat' dir='ltr'>Ex</span> <span class='ocrx_word' id='word_1_161' title='bbox 467 1953 573 2029; x_wconf 75' lang='lat' dir='ltr'>dictis,</span> <span class='ocrx_word' id='word_1_162' title='bbox 591 1954 699 2034; x_wconf 83' lang='lat' dir='ltr'>gratia</span> <span class='ocrx_word' id='word_1_163' title='bbox 717 1953 855 2017; x_wconf 67' lang='lat' dir='ltr'>actualis</span> <span class='ocrx_word' id='word_1_164' title='bbox 878 1957 1062 2017; x_wconf 89' lang='lat' dir='ltr'>necessaria</span> <span class='ocrx_word' id='word_1_165' title='bbox 1085 1957 1200 2018; x_wconf 88' lang='lat' dir='ltr'>estad</span> <span class='ocrx_word' id='word_1_166' title='bbox 1222 1954 1337 2016; x_wconf 84' lang='lat' dir='ltr'>initium</span> 
     </span>
     <span class='ocr_line' id='line_1_20' title="bbox 250 2057 1374 2140; baseline -0.004 -19"><span class='ocrx_word' id='word_1_167' title='bbox 250 2058 326 2122; x_wconf 89' lang='lat' dir='ltr'>fidei</span> <span class='ocrx_word' id='word_1_168' title='bbox 350 2069 383 2121; x_wconf 90' lang='lat' dir='ltr'>et</span> <span class='ocrx_word' id='word_1_169' title='bbox 407 2058 450 2120; x_wconf 91' lang='lat' dir='ltr'>ad</span> <span class='ocrx_word' id='word_1_170' title='bbox 473 2059 586 2120; x_wconf 88' lang='lat' dir='ltr'>omnia</span> <span class='ocrx_word' id='word_1_171' title='bbox 611 2077 712 2138; x_wconf 87' lang='lat' dir='ltr'>opera</span> <span class='ocrx_word' id='word_1_172' title='bbox 737 2059 779 2120; x_wconf 89' lang='lat' dir='ltr'>ad</span> <span class='ocrx_word' id='word_1_173' title='bbox 800 2057 1073 2138; x_wconf 81' lang='lat' dir='ltr'>justificationem</span> <span class='ocrx_word' id='word_1_174' title='bbox 1095 2057 1339 2140; x_wconf 86' lang='lat' dir='ltr'>praeparatoria;</span> <span class='ocrx_word' id='word_1_175' title='bbox 1373 2097 1374 2110; x_wconf 65' lang='lat'>,</span> 
     </span>
     <span class='ocr_line' id='line_1_21' title="bbox 250 2159 1338 2244; baseline -0.006 -20"><span class='ocrx_word' id='word_1_176' title='bbox 250 2163 307 2225; x_wconf 90' lang='lat' dir='ltr'>sed</span> <span class='ocrx_word' id='word_1_177' title='bbox 325 2163 458 2242; x_wconf 87' lang='lat' dir='ltr'>insuper</span> <span class='ocrx_word' id='word_1_178' title='bbox 473 2161 658 2222; x_wconf 87' lang='lat' dir='ltr'>necessaria</span> <span class='ocrx_word' id='word_1_179' title='bbox 673 2172 723 2222; x_wconf 90' lang='lat' dir='ltr'>cst</span> <span class='ocrx_word' id='word_1_180' title='bbox 739 2163 838 2222; x_wconf 87' lang='lat' dir='ltr'>etiarn</span> <span class='ocrx_word' id='word_1_181' title='bbox 850 2163 945 2241; x_wconf 72' lang='lat' dir='ltr'>jusm</span> <span class='ocrx_word' id='word_1_182' title='bbox 963 2163 1005 2224; x_wconf 87' lang='lat' dir='ltr'>ad</span> <span class='ocrx_word' id='word_1_183' title='bbox 1020 2161 1294 2244; x_wconf 78' lang='lat' dir='ltr'>perseverandum</span> <span class='ocrx_word' id='word_1_184' title='bbox 1314 2159 1338 2219; x_wconf 91' lang='lat' dir='ltr'>in</span> 
     </span>
     <span class='ocr_line' id='line_1_22' title="bbox 250 2262 1375 2404; baseline -0.005 -77"><span class='ocrx_word' id='word_1_185' title='bbox 250 2265 356 2346; x_wconf 70' lang='lat' dir='ltr'>gratia</span> <span class='ocrx_word' id='word_1_186' title='bbox 379 2263 537 2327; x_wconf 88' lang='lat' dir='ltr'>habituali</span> <span class='ocrx_word' id='word_1_187' title='bbox 559 2262 661 2325; x_wconf 89' lang='lat' dir='ltr'>semel</span> <span class='ocrx_word' id='word_1_188' title='bbox 685 2266 831 2344; x_wconf 72' lang='lat' dir='ltr'>accepta,</span> <span class='ocrx_word' id='word_1_189' title='bbox 850 2264 1032 2344; x_wconf 79' lang='lat' dir='ltr'>praesertim</span> <span class='ocrx_word' id='word_1_190' title='bbox 1052 2283 1130 2326; x_wconf 91' lang='lat' dir='ltr'>vero</span> <span class='ocrx_word' id='word_1_191' title='bbox 1151 2265 1194 2326; x_wconf 88' lang='lat' dir='ltr'>ad</span> <span class='ocrx_word' id='word_1_192' title='bbox 1209 2275 1339 2345; x_wconf 81' lang='lat' dir='ltr'>perseue-</span> <span class='ocrx_word' id='word_1_193' title='bbox 1374 2310 1375 2404; x_wconf 34' lang='grc'>1</span> 
     </span>
    </p>
   </div>
   <div class='ocr_carea' id='block_1_5' title="bbox 250 2365 1341 3067">
    <p class='ocr_par' dir='ltr' id='par_1_6' title="bbox 250 2365 1339 2550">
     <span class='ocr_line' id='line_1_23' title="bbox 250 2365 1339 2447; baseline -0.005 -19"><span class='ocrx_word' id='word_1_194' title='bbox 250 2368 395 2429; x_wconf 82' lang='lat' dir='ltr'>rantiam</span> <span class='ocrx_word' id='word_1_195' title='bbox 399 2365 546 2447; x_wconf 83' lang='lat' dir='ltr'>finalem,</span> <span class='ocrx_word' id='word_1_196' title='bbox 559 2376 592 2427; x_wconf 92' lang='lat' dir='ltr'>et</span> <span class='ocrx_word' id='word_1_197' title='bbox 605 2367 740 2427; x_wconf 89' lang='lat' dir='ltr'>tandem</span> <span class='ocrx_word' id='word_1_198' title='bbox 754 2366 928 2446; x_wconf 89' lang='lat' dir='ltr'>specialius</span> <span class='ocrx_word' id='word_1_199' title='bbox 940 2367 1041 2429; x_wconf 86' lang='lat' dir='ltr'>etiarn</span> <span class='ocrx_word' id='word_1_200' title='bbox 1059 2367 1100 2428; x_wconf 89' lang='lat' dir='ltr'>ad</span> <span class='ocrx_word' id='word_1_201' title='bbox 1118 2367 1230 2428; x_wconf 82' lang='lat' dir='ltr'>omnia</span> <span class='ocrx_word' id='word_1_202' title='bbox 1245 2365 1339 2427; x_wconf 75' lang='lat' dir='ltr'>vema-</span> 
     </span>
     <span class='ocr_line' id='line_1_24' title="bbox 250 2469 594 2550; baseline -0.012 -18"><span class='ocrx_word' id='word_1_203' title='bbox 250 2472 296 2532; x_wconf 80' lang='lat' dir='ltr'>lia</span> <span class='ocrx_word' id='word_1_204' title='bbox 305 2479 434 2550; x_wconf 78' lang='lat' dir='ltr'>peccata</span> <span class='ocrx_word' id='word_1_205' title='bbox 450 2469 594 2530; x_wconf 81' lang='lat' dir='ltr'>vitanda.</span> 
     </span>
    </p>

    <p class='ocr_par' dir='ltr' id='par_1_7' title="bbox 251 2568 1341 3067">
     <span class='ocr_line' id='line_1_25' title="bbox 296 2568 1340 2652; baseline -0.006 -19"><span class='ocrx_word' id='word_1_206' title='bbox 296 2572 553 2646; x_wconf 90' lang='lat' dir='ltr'>Perseverantia,</span> <span class='ocrx_word' id='word_1_207' title='bbox 568 2571 610 2632; x_wconf 93' lang='lat' dir='ltr'>de</span> <span class='ocrx_word' id='word_1_208' title='bbox 627 2575 692 2651; x_wconf 77' lang='lat' dir='ltr'>qua</span> <span class='ocrx_word' id='word_1_209' title='bbox 708 2571 826 2652; x_wconf 85' lang='lat' dir='ltr'>agitur,</span> <span class='ocrx_word' id='word_1_210' title='bbox 838 2568 993 2632; x_wconf 89' lang='lat' dir='ltr'>definitur</span> <span class='ocrx_word' id='word_1_211' title='bbox 1009 2572 1041 2633; x_wconf 95' lang='lat' dir='ltr'>in</span> <span class='ocrx_word' id='word_1_212' title='bbox 1057 2591 1202 2652; x_wconf 85' lang='lat' dir='ltr'>genere:</span> <span class='ocrx_word' id='word_1_213' title='bbox 1223 2568 1340 2635; x_wconf 89' lang='lat' dir='ltr'>duratio</span> 
     </span>
     <span class='ocr_line' id='line_1_26' title="bbox 251 2673 1341 2755; baseline -0.008 -17"><span class='ocrx_word' id='word_1_214' title='bbox 251 2697 308 2738; x_wconf 90' lang='lat' dir='ltr'>seu</span> <span class='ocrx_word' id='word_1_215' title='bbox 325 2676 534 2738; x_wconf 90' lang='lat' dir='ltr'>continuatio</span> <span class='ocrx_word' id='word_1_216' title='bbox 554 2675 586 2734; x_wconf 92' lang='lat' dir='ltr'>in</span> <span class='ocrx_word' id='word_1_217' title='bbox 608 2685 696 2736; x_wconf 92' lang='lat' dir='ltr'>statu</span> <span class='ocrx_word' id='word_1_218' title='bbox 713 2676 829 2755; x_wconf 70' lang='lat' dir='ltr'>gratiae</span> <span class='ocrx_word' id='word_1_219' title='bbox 845 2696 852 2749; x_wconf 90' lang='grc'>;</span> <span class='ocrx_word' id='word_1_220' title='bbox 879 2673 1006 2754; x_wconf 86' lang='lat' dir='ltr'>duplex</span> <span class='ocrx_word' id='word_1_221' title='bbox 1028 2683 1098 2735; x_wconf 90' lang='lat' dir='ltr'>est:</span> <span class='ocrx_word' id='word_1_222' title='bbox 1118 2674 1301 2754; x_wconf 81' lang='lat' dir='ltr'>temporalis</span> <span class='ocrx_word' id='word_1_223' title='bbox 1316 2679 1341 2731; x_wconf 92' lang='lat' dir='ltr'>et</span> 
     </span>
     <span class='ocr_line' id='line_1_27' title="bbox 252 2777 1341 2859; baseline -0.006 -19"><span class='ocrx_word' id='word_1_224' title='bbox 252 2779 444 2859; x_wconf 69' lang='lat' dir='ltr'>imperfella,</span> <span class='ocrx_word' id='word_1_225' title='bbox 456 2777 591 2856; x_wconf 90' lang='lat' dir='ltr'>quando</span> <span class='ocrx_word' id='word_1_226' title='bbox 604 2777 761 2838; x_wconf 90' lang='lat' dir='ltr'>diuturno</span> <span class='ocrx_word' id='word_1_227' title='bbox 777 2786 927 2857; x_wconf 88' lang='lat' dir='ltr'>tempore</span> <span class='ocrx_word' id='word_1_228' title='bbox 943 2785 1049 2838; x_wconf 88' lang='lat' dir='ltr'>status</span> <span class='ocrx_word' id='word_1_229' title='bbox 1065 2777 1182 2857; x_wconf 86' lang='lat' dir='ltr'>gratiae</span> <span class='ocrx_word' id='word_1_230' title='bbox 1199 2787 1341 2844; x_wconf 86' lang='lat' dir='ltr'>servatur,</span> 
     </span>
     <span class='ocr_line' id='line_1_28' title="bbox 253 2877 1341 2961; baseline -0.008 -17"><span class='ocrx_word' id='word_1_231' title='bbox 253 2902 318 2944; x_wconf 91' lang='lat' dir='ltr'>non</span> <span class='ocrx_word' id='word_1_232' title='bbox 343 2889 454 2942; x_wconf 87' lang='lat' dir='ltr'>tamen</span> <span class='ocrx_word' id='word_1_233' title='bbox 480 2898 584 2959; x_wconf 92' lang='lat' dir='ltr'>usque</span> <span class='ocrx_word' id='word_1_234' title='bbox 611 2879 652 2940; x_wconf 89' lang='lat' dir='ltr'>ad</span> <span class='ocrx_word' id='word_1_235' title='bbox 679 2889 836 2956; x_wconf 88' lang='lat' dir='ltr'>mortem;</span> <span class='ocrx_word' id='word_1_236' title='bbox 854 2879 974 2960; x_wconf 81' lang='lat' dir='ltr'>finalis</span> <span class='ocrx_word' id='word_1_237' title='bbox 994 2888 1028 2942; x_wconf 91' lang='lat' dir='ltr'>et</span> <span class='ocrx_word' id='word_1_238' title='bbox 1044 2881 1197 2960; x_wconf 72' lang='lat' dir='ltr'>perJ‘etla,</span> <span class='ocrx_word' id='word_1_239' title='bbox 1221 2877 1341 2961; x_wconf 91' lang='lat' dir='ltr'>quando</span> 
     </span>
     <span class='ocr_line' id='line_1_29' title="bbox 251 2982 1118 3067; baseline -0.002 -22"><span class='ocrx_word' id='word_1_240' title='bbox 251 2985 322 3067; x_wconf 91' lang='lat' dir='ltr'>quis</span> <span class='ocrx_word' id='word_1_241' title='bbox 339 2985 370 3044; x_wconf 93' lang='lat' dir='ltr'>in</span> <span class='ocrx_word' id='word_1_242' title='bbox 388 2992 476 3044; x_wconf 91' lang='lat' dir='ltr'>statu</span> <span class='ocrx_word' id='word_1_243' title='bbox 492 2983 607 3062; x_wconf 80' lang='lat' dir='ltr'>gratiae</span> <span class='ocrx_word' id='word_1_244' title='bbox 624 3001 728 3061; x_wconf 89' lang='lat' dir='ltr'>usque</span> <span class='ocrx_word' id='word_1_245' title='bbox 745 2982 787 3042; x_wconf 91' lang='lat' dir='ltr'>ad</span> <span class='ocrx_word' id='word_1_246' title='bbox 805 2991 946 3042; x_wconf 89' lang='lat' dir='ltr'>mortem</span> <span class='ocrx_word' id='word_1_247' title='bbox 963 2983 1118 3062; x_wconf 88' lang='lat' dir='ltr'>persistit.</span> 
     </span>
    </p>
   </div>
   <div class='ocr_carea' id='block_1_6' title="bbox 251 3121 1342 3400">
    <p class='ocr_par' dir='ltr' id='par_1_8' title="bbox 251 3121 1342 3400">
     <span class='ocr_line' id='line_1_30' title="bbox 296 3121 1341 3198; baseline -0.002 -16"><span class='ocrx_word' id='word_1_248' title='bbox 296 3123 463 3182; x_wconf 77' lang='lat' dir='ltr'>Thesc&#39;s1⁰.·</span> <span class='ocrx_word' id='word_1_249' title='bbox 484 3121 615 3196; x_wconf 91' lang='lat' dir='ltr'>Justus</span> <span class='ocrx_word' id='word_1_250' title='bbox 636 3137 707 3183; x_wconf 91' lang='lat' dir='ltr'>non</span> <span class='ocrx_word' id='word_1_251' title='bbox 727 3126 847 3198; x_wconf 88' lang='lat' dir='ltr'>potest</span> <span class='ocrx_word' id='word_1_252' title='bbox 869 3121 929 3184; x_wconf 90' lang='lat' dir='ltr'>diu</span> <span class='ocrx_word' id='word_1_253' title='bbox 950 3138 1182 3198; x_wconf 86' lang='lat' dir='ltr'>perseverare</span> <span class='ocrx_word' id='word_1_254' title='bbox 1203 3123 1239 3188; x_wconf 91' lang='lat' dir='ltr'>in</span> <span class='ocrx_word' id='word_1_255' title='bbox 1257 3125 1341 3188; x_wconf 89' lang='lat' dir='ltr'>statu</span> 
     </span>
     <span class='ocr_line' id='line_1_31' title="bbox 251 3217 1341 3300; baseline 0 -18"><span class='ocrx_word' id='word_1_256' title='bbox 251 3219 378 3299; x_wconf 78' lang='lat' dir='ltr'>gratiae</span> <span class='ocrx_word' id='word_1_257' title='bbox 394 3217 655 3281; x_wconf 82' lang='lat' dir='ltr'>sanctificantis</span> <span class='ocrx_word' id='word_1_258' title='bbox 670 3217 748 3280; x_wconf 89' lang='lat' dir='ltr'>sine</span> <span class='ocrx_word' id='word_1_259' title='bbox 761 3217 881 3295; x_wconf 80' lang='lat' dir='ltr'>gratia</span> <span class='ocrx_word' id='word_1_260' title='bbox 894 3219 1027 3282; x_wconf 89' lang='lat' dir='ltr'>actuali</span> <span class='ocrx_word' id='word_1_261' title='bbox 1041 3235 1126 3284; x_wconf 87' lang='lat' dir='ltr'>vere</span> <span class='ocrx_word' id='word_1_262' title='bbox 1143 3229 1341 3300; x_wconf 76' lang='lat' dir='ltr'>supernato</span> 
     </span>
     <span class='ocr_line' id='line_1_32' title="bbox 252 3315 1342 3400; baseline -0.004 -18"><span class='ocrx_word' id='word_1_263' title='bbox 252 3317 325 3382; x_wconf 84' lang='lat' dir='ltr'>tali.</span> <span class='ocrx_word' id='word_1_264' title='bbox 370 3317 421 3378; x_wconf 85' lang='lat' dir='ltr'>De</span> <span class='ocrx_word' id='word_1_265' title='bbox 430 3315 502 3397; x_wconf 79' lang='lat' dir='ltr'>fide</span> <span class='ocrx_word' id='word_1_266' title='bbox 521 3325 568 3376; x_wconf 85' lang='lat' dir='ltr'>est</span> <span class='ocrx_word' id='word_1_267' title='bbox 587 3336 630 3376; x_wconf 90' lang='lat' dir='ltr'>ex</span> <span class='ocrx_word' id='word_1_268' title='bbox 652 3315 794 3376; x_wconf 74' lang='lat' dir='ltr'>Trrilenl.</span> <span class='ocrx_word' id='word_1_269' title='bbox 811 3315 895 3378; x_wconf 90' lang='lat' dir='ltr'>infra</span> <span class='ocrx_word' id='word_1_270' title='bbox 914 3318 1049 3379; x_wconf 88' lang='lat' dir='ltr'>citando</span> <span class='ocrx_word' id='word_1_271' title='bbox 1070 3329 1188 3382; x_wconf 88' lang='lat' dir='ltr'>contra</span> <span class='ocrx_word' id='word_1_272' title='bbox 1209 3321 1342 3400; x_wconf 81' lang='lat' dir='ltr'>Pelagia-</span> 
     </span>
    </p>
   </div>
   <div class='ocr_carea' id='block_1_7' title="bbox 254 3527 1345 4288">
    <p class='ocr_par' dir='ltr' id='par_1_9' title="bbox 288 3527 532 3596">
     <span class='ocr_line' id='line_1_33' title="bbox 288 3527 532 3596; baseline -0.012 -16"><span class='ocrx_word' id='word_1_273' title='bbox 288 3536 295 3558; x_wconf 90' lang='lat'><em>¹</em></span> <span class='ocrx_word' id='word_1_274' title='bbox 310 3528 417 3596; x_wconf 80' lang='lat' dir='ltr'>Philip.</span> <span class='ocrx_word' id='word_1_275' title='bbox 434 3527 473 3590; x_wconf 89' lang='grc' dir='ltr'>ΙΙ,</span> <span class='ocrx_word' id='word_1_276' title='bbox 493 3540 532 3593; x_wconf 85' lang='lat'>¹3·</span> 
     </span>
    </p>

    <p class='ocr_par' dir='ltr' id='par_1_10' title="bbox 254 3611 1345 4032">
     <span class='ocr_line' id='line_1_34' title="bbox 288 3611 1344 3684; baseline -0.006 -15"><span class='ocrx_word' id='word_1_277' title='bbox 288 3618 324 3650; x_wconf 52' lang='grc' dir='ltr'><em>Μ</em></span> <span class='ocrx_word' id='word_1_278' title='bbox 336 3615 420 3668; x_wconf 89' lang='lat' dir='ltr'>Unde</span> <span class='ocrx_word' id='word_1_279' title='bbox 433 3611 662 3666; x_wconf 78' lang='lat' dir='ltr'>manifestissime</span> <span class='ocrx_word' id='word_1_280' title='bbox 676 3611 848 3665; x_wconf 87' lang='lat' dir='ltr'>credendum</span> <span class='ocrx_word' id='word_1_281' title='bbox 861 3623 913 3680; x_wconf 86' lang='lat' dir='ltr'>cst,</span> <span class='ocrx_word' id='word_1_282' title='bbox 924 3614 999 3682; x_wconf 92' lang='lat' dir='ltr'>quod</span> <span class='ocrx_word' id='word_1_283' title='bbox 1010 3625 1037 3668; x_wconf 91' lang='lat' dir='ltr'>et</span> <span class='ocrx_word' id='word_1_284' title='bbox 1049 3614 1122 3668; x_wconf 89' lang='lat' dir='ltr'>illius</span> <span class='ocrx_word' id='word_1_285' title='bbox 1135 3615 1266 3682; x_wconf 87' lang='lat' dir='ltr'>latronis,</span> <span class='ocrx_word' id='word_1_286' title='bbox 1276 3625 1344 3684; x_wconf 85' lang='lat' dir='ltr'>quen</span> 
     </span>
     <span class='ocr_line' id='line_1_35' title="bbox 255 3695 1344 3769; baseline -0.005 -13"><span class='ocrx_word' id='word_1_287' title='bbox 255 3703 396 3756; x_wconf 88' lang='lat' dir='ltr'>Dominus</span> <span class='ocrx_word' id='word_1_288' title='bbox 414 3703 451 3755; x_wconf 91' lang='lat' dir='ltr'>ad</span> <span class='ocrx_word' id='word_1_289' title='bbox 471 3699 593 3769; x_wconf 90' lang='lat' dir='ltr'>paradisi</span> <span class='ocrx_word' id='word_1_290' title='bbox 614 3699 735 3767; x_wconf 87' lang='lat' dir='ltr'>patriam</span> <span class='ocrx_word' id='word_1_291' title='bbox 755 3701 907 3767; x_wconf 78' lang='lat' dir='ltr'>revocavit,</span> <span class='ocrx_word' id='word_1_292' title='bbox 927 3712 954 3754; x_wconf 90' lang='lat' dir='ltr'>et</span> <span class='ocrx_word' id='word_1_293' title='bbox 975 3702 1097 3756; x_wconf 87' lang='lat' dir='ltr'>Cornelii</span> <span class='ocrx_word' id='word_1_294' title='bbox 1121 3702 1301 3768; x_wconf 84' lang='lat' dir='ltr'>centurionis,</span> <span class='ocrx_word' id='word_1_295' title='bbox 1317 3695 1344 3751; x_wconf 85' lang='lat' dir='ltr'>ad</span> 
     </span>
     <span class='ocr_line' id='line_1_36' title="bbox 254 3785 1344 3861; baseline 0 -19"><span class='ocrx_word' id='word_1_296' title='bbox 254 3807 338 3861; x_wconf 80' lang='lat' dir='ltr'>quent</span> <span class='ocrx_word' id='word_1_297' title='bbox 351 3788 477 3856; x_wconf 83' lang='lat' dir='ltr'>Angelus</span> <span class='ocrx_word' id='word_1_298' title='bbox 492 3785 608 3839; x_wconf 91' lang='lat' dir='ltr'>Dornini</span> <span class='ocrx_word' id='word_1_299' title='bbox 622 3785 726 3838; x_wconf 87' lang='lat' dir='ltr'>missus</span> <span class='ocrx_word' id='word_1_300' title='bbox 739 3797 790 3847; x_wconf 91' lang='lat' dir='ltr'>est,</span> <span class='ocrx_word' id='word_1_301' title='bbox 806 3795 834 3838; x_wconf 93' lang='lat' dir='ltr'>et</span> <span class='ocrx_word' id='word_1_302' title='bbox 847 3786 967 3850; x_wconf 86' lang='lat' dir='ltr'>Zachaei,</span> <span class='ocrx_word' id='word_1_303' title='bbox 980 3787 1027 3856; x_wconf 88' lang='lat' dir='ltr'>qui</span> <span class='ocrx_word' id='word_1_304' title='bbox 1039 3789 1132 3857; x_wconf 87' lang='lat' dir='ltr'>ipsum</span> <span class='ocrx_word' id='word_1_305' title='bbox 1147 3790 1303 3842; x_wconf 88' lang='lat' dir='ltr'>Dominum</span> <span class='ocrx_word' id='word_1_306' title='bbox 1315 3799 1344 3836; x_wconf 63' lang='lat' dir='ltr'>rt</span> 
     </span>
     <span class='ocr_line' id='line_1_37' title="bbox 255 3873 1345 3947; baseline -0.009 -14"><span class='ocrx_word' id='word_1_307' title='bbox 255 3880 348 3947; x_wconf 90' lang='lat' dir='ltr'>cipere</span> <span class='ocrx_word' id='word_1_308' title='bbox 361 3875 470 3936; x_wconf 87' lang='lat' dir='ltr'>meruit,</span> <span class='ocrx_word' id='word_1_309' title='bbox 483 3876 530 3926; x_wconf 88' lang='lat' dir='ltr'>illa</span> <span class='ocrx_word' id='word_1_310' title='bbox 544 3885 602 3926; x_wconf 91' lang='lat' dir='ltr'>tarn</span> <span class='ocrx_word' id='word_1_311' title='bbox 615 3873 789 3927; x_wconf 86' lang='lat' dir='ltr'>admirabilis</span> <span class='ocrx_word' id='word_1_312' title='bbox 804 3873 874 3927; x_wconf 85' lang='lat' dir='ltr'>fides</span> <span class='ocrx_word' id='word_1_313' title='bbox 888 3891 943 3928; x_wconf 93' lang='lat' dir='ltr'>non</span> <span class='ocrx_word' id='word_1_314' title='bbox 957 3876 1009 3929; x_wconf 83' lang='lat' dir='ltr'>tuit</span> <span class='ocrx_word' id='word_1_315' title='bbox 1022 3877 1058 3932; x_wconf 87' lang='lat' dir='ltr'>de</span> <span class='ocrx_word' id='word_1_316' title='bbox 1072 3877 1182 3944; x_wconf 65' lang='lat' dir='ltr'>natura,</span> <span class='ocrx_word' id='word_1_317' title='bbox 1193 3877 1246 3931; x_wconf 89' lang='lat' dir='ltr'>sed</span> <span class='ocrx_word' id='word_1_318' title='bbox 1260 3873 1345 3929; x_wconf 79' lang='lat' dir='ltr'>divinae</span> 
     </span>
     <span class='ocr_line' id='line_1_38' title="bbox 255 3960 1005 4032; baseline -0.008 -14"><span class='ocrx_word' id='word_1_319' title='bbox 255 3963 393 4032; x_wconf 87' lang='lat' dir='ltr'>largitatis</span> <span class='ocrx_word' id='word_1_320' title='bbox 406 3961 512 4013; x_wconf 90' lang='lat' dir='ltr'>donum</span> <span class='ocrx_word' id='word_1_321' title='bbox 523 3961 536 3986; x_wconf 86' lang='lat'>’&#39;</span> <span class='ocrx_word' id='word_1_322' title='bbox 550 3960 645 4027; x_wconf 77' lang='lat' dir='ltr'>(Apud</span> <span class='ocrx_word' id='word_1_323' title='bbox 659 3960 797 4026; x_wconf 59' lang='lat' dir='ltr'>Densirtg.</span> <span class='ocrx_word' id='word_1_324' title='bbox 815 3975 841 4011; x_wconf 89' lang='lat' dir='ltr'>n.</span> <span class='ocrx_word' id='word_1_325' title='bbox 859 3961 930 4028; x_wconf 86' lang='lat'>171.)</span> <span class='ocrx_word' id='word_1_326' title='bbox 1003 4013 1005 4018; x_wconf 72' lang='grc'><strong>,</strong></span> 
     </span>
    </p>

    <p class='ocr_par' dir='ltr' id='par_1_11' title="bbox 256 4047 1344 4288">
     <span class='ocr_line' id='line_1_39' title="bbox 290 4047 1343 4119; baseline -0.001 -18"><span class='ocrx_word' id='word_1_327' title='bbox 290 4051 343 4101; x_wconf 73' lang='lat'>³5.</span> <span class='ocrx_word' id='word_1_328' title='bbox 364 4048 494 4113; x_wconf 81' lang='lat' dir='ltr'>Thomas,</span> <span class='ocrx_word' id='word_1_329' title='bbox 510 4064 531 4099; x_wconf 91' lang='lat'>1.</span> <span class='ocrx_word' id='word_1_330' title='bbox 549 4063 573 4099; x_wconf 84' lang='lat'>2.</span> <span class='ocrx_word' id='word_1_331' title='bbox 590 4063 615 4114; x_wconf 90' lang='lat' dir='ltr'>q.</span> <span class='ocrx_word' id='word_1_332' title='bbox 635 4061 691 4113; x_wconf 86' lang='lat'>109,</span> <span class='ocrx_word' id='word_1_333' title='bbox 707 4064 731 4099; x_wconf 90' lang='lat' dir='ltr'>a.</span> <span class='ocrx_word' id='word_1_334' title='bbox 746 4061 825 4112; x_wconf 87' lang='lat'>9·10;</span> <span class='ocrx_word' id='word_1_335' title='bbox 845 4047 962 4113; x_wconf 81' lang='lat' dir='ltr'>Suares,</span> <span class='ocrx_word' id='word_1_336' title='bbox 976 4048 994 4100; x_wconf 90' lang='lat' dir='ltr'>l.</span> <span class='ocrx_word' id='word_1_337' title='bbox 1011 4048 1047 4114; x_wconf 90' lang='lat' dir='ltr'>X,</span> <span class='ocrx_word' id='word_1_338' title='bbox 1063 4065 1087 4102; x_wconf 89' lang='lat' dir='ltr'>c.</span> <span class='ocrx_word' id='word_1_339' title='bbox 1105 4063 1120 4100; x_wconf 87' lang='lat'><em>2</em></span> <span class='ocrx_word' id='word_1_340' title='bbox 1141 4065 1196 4119; x_wconf 89' lang='lat' dir='ltr'>sq.;</span> <span class='ocrx_word' id='word_1_341' title='bbox 1217 4047 1343 4103; x_wconf 79' lang='lat' dir='ltr'>Salmant</span> 
     </span>
     <span class='ocr_line' id='line_1_40' title="bbox 256 4131 1344 4209; baseline 0 -19"><span class='ocrx_word' id='word_1_342' title='bbox 256 4137 328 4204; x_wconf 90' lang='lat' dir='ltr'>disp.</span> <span class='ocrx_word' id='word_1_343' title='bbox 347 4135 402 4196; x_wconf 92' lang='lat'>111,</span> <span class='ocrx_word' id='word_1_344' title='bbox 416 4134 480 4187; x_wconf 89' lang='lat' dir='ltr'>dub.</span> <span class='ocrx_word' id='word_1_345' title='bbox 495 4134 536 4198; x_wconf 92' lang='lat'>11;</span> <span class='ocrx_word' id='word_1_346' title='bbox 551 4135 689 4200; x_wconf 83' lang='lat' dir='ltr'>Br&#39;lluarl,</span> <span class='ocrx_word' id='word_1_347' title='bbox 703 4135 769 4187; x_wconf 93' lang='lat' dir='ltr'>diss.</span> <span class='ocrx_word' id='word_1_348' title='bbox 783 4133 839 4197; x_wconf 93' lang='lat' dir='ltr'>lll,</span> <span class='ocrx_word' id='word_1_349' title='bbox 854 4153 878 4188; x_wconf 79' lang='lat' dir='ltr'>a</span> <span class='ocrx_word' id='word_1_350' title='bbox 897 4150 938 4200; x_wconf 79' lang='lat'>103</span> <span class='ocrx_word' id='word_1_351' title='bbox 952 4137 1105 4204; x_wconf 62' lang='lat' dir='ltr'>,llaaaella</span> <span class='ocrx_word' id='word_1_352' title='bbox 1119 4155 1145 4191; x_wconf 91' lang='lat' dir='ltr'>n.</span> <span class='ocrx_word' id='word_1_353' title='bbox 1161 4139 1215 4207; x_wconf 80' lang='lat'>306</span> <span class='ocrx_word' id='word_1_354' title='bbox 1228 4157 1281 4209; x_wconf 89' lang='lat' dir='ltr'>sq.;</span> <span class='ocrx_word' id='word_1_355' title='bbox 1294 4131 1344 4190; x_wconf 76' lang='lat' dir='ltr'>Pal·</span> 
     </span>
     <span class='ocr_line' id='line_1_41' title="bbox 258 4221 503 4288; baseline -0.016 -12"><span class='ocrx_word' id='word_1_356' title='bbox 258 4223 346 4288; x_wconf 65' lang='lat' dir='ltr'>rnt&#39;ert]</span> <span class='ocrx_word' id='word_1_357' title='bbox 360 4221 398 4274; x_wconf 92' lang='lat' dir='ltr'>th.</span> <span class='ocrx_word' id='word_1_358' title='bbox 415 4222 503 4286; x_wconf 86' lang='lat'>28·29.</span> 
     </span>
    </p>
   </div>
   <div class='ocr_carea' id='block_1_8' title="bbox 0 0 1403 4644">
    <p class='ocr_par' dir='ltr' id='par_1_12' title="bbox 0 0 1403 4644">
     <span class='ocr_line' id='line_1_42' title="bbox 0 0 1403 4644; baseline 0 0"><span class='ocrx_word' id='word_1_359' title='bbox 0 0 1403 4644; x_wconf 95' lang='lat' dir='ltr'> </span> 
     </span>
    </p>
   </div>
  </div>
 </body>
</html>
