2752 4648
249 172 318 223 ³8⁴
703 174 843 226 CAPUT
860 174 903 224 11.

251 361 442 414 consecrata
453 363 473 414 ¹.
527 353 656 416 Revera
671 353 755 416 sacri
772 355 957 435 scriptores,
972 353 1029 434 qui
1045 361 1116 414 tam
1132 359 1273 414 accurate
1286 369 1324 410 re·

251 452 360 516 serunt
375 474 414 515 ea
429 474 505 535 quae
521 457 563 519 ad
581 457 827 521 institutionem
846 455 1066 519 Eucharistiae
1082 457 1252 536 pertinent,
1261 453 1324 514 nihil

252 557 367 620 dicunt
382 560 471 638 quod
488 561 589 622 etiarn
603 562 762 643 suspicari
779 561 867 624 sinat
883 561 949 624 alia
960 559 1062 623 verba
1073 559 1116 621 ad
1132 557 1326 621 consecratio

253 679 328 722 nem
345 660 464 742 requiri
482 662 544 724 nisi
561 685 601 726 ea
615 684 691 745 quae
708 664 862 728 Christus
878 664 949 746 ipse
964 662 1110 747 protulit

255 781 309 870 (c)
327 785 437 849 Valde
454 788 669 870 probabiliter
684 789 785 850 verba
806 789 889 869 “qui
911 788 1018 870 pridie
1032 807 1133 869 quarn
1151 783 1327 869 pateretur”,

253 908 318 950 non
347 899 425 952 sunt
451 892 494 953 ad
524 891 732 953 validitatem
762 893 969 969 necessaria3
1002 910 1080 954 nam
1108 891 1192 953 ratio
1214 910 1234 951 a
1256 887 1329 950 Scuto

253 990 355 1055 allata
371 1011 437 1054 non
453 992 565 1069 valet;
590 1011 705 1054 verum
727 1001 779 1054 est
799 992 963 1073 siquidem
986 995 1205 1057 necessarium
1221 1012 1285 1054 esse
1302 1001 1329 1050 ut

254 1094 416 1169 sacerdos,
426 1094 526 1157 verba
542 1094 799 1158 consecrationis
813 1094 991 1177 proferens,
1001 1095 1156 1178 loquatur
1167 1097 1199 1158 in
1212 1097 1330 1177 persona

255 1195 390 1275 Christi;
412 1197 471 1259 sed
485 1198 526 1260 ad
543 1197 606 1259 hoc
620 1198 740 1259 sufficit
752 1208 789 1261 ut
802 1198 902 1260 talem
918 1198 1139 1260 intentionem
1153 1197 1331 1268 habeatne

255 1301 465 1381 requiruntur
480 1300 581 1362 verba
604 1299 762 1362 historica
780 1319 856 1379 quae
878 1301 1080 1380 praecedunt.
1132 1299 1294 1370 Attamen,
1307 1297 1330 1356 in

255 1404 361 1484 praxi,
377 1423 453 1467 cum
475 1404 590 1485 opinio
612 1403 704 1467 Scoti
727 1402 963 1484 probabilitate
984 1423 1051 1464 non
1071 1413 1193 1480 careat,
1210 1401 1333 1464 Rubrica

255 1506 413 1587 praecepit
433 1515 476 1582 ut,
492 1506 627 1588 quando
648 1505 855 1568 consecratio
876 1506 1021 1582 iteratur,
1042 1505 1198 1568 sacerdos
1212 1525 1232 1566 a
1245 1500 1334 1566 verbis

256 1608 339 1688 “qui
355 1609 460 1689 pridie
476 1609 553 1670 etc.”
572 1608 718 1691 incipiat.

299 1733 348 1810 98.
396 1746 431 1796 20
445 1733 648 1796 Mutatr'ones
666 1734 809 1796 vr'tandoe
824 1755 836 1795 .·
862 1733 914 1814 (a)
930 1735 1079 1797 Verbum
1101 1734 1158 1796 ltoc
1176 1743 1226 1796 est
1245 1749 1334 1794 essen·

257 1837 345 1912 tiale,
361 1857 422 1899 nec
437 1847 548 1919 potest
563 1838 708 1918 suppleri
725 1857 783 1918 per
798 1837 993 1901 adverbium
1015 1843 1031 1870 ‘⁸
1041 1836 1118 1899 leid
1138 1848 1198 1900 aut
1217 1841 1232 1867 ‘⁴
1242 1833 1336 1902 cccc’','

257 1939 284 2000 si
297 1940 371 2020 quis
384 1949 496 2002 autem
509 1959 569 2021 per
582 1942 804 2023 ignorantiam
818 1951 963 2004 mutaret
973 1961 1158 2024 pronomen
1171 1941 1266 2004 hocin
1278 1955 1336 2020 pro

259 2062 379 2105 nomen
395 2042 457 2118 lu'c,
473 2043 583 2106 valida
599 2054 687 2107 esset
708 2043 822 2106 forma
869 2044 992 2107 Valida
1006 2053 1095 2106 esset
1117 2042 1256 2106 formula
1275 2037 1339 2099 “hic

258 2145 351 2208 cibus
371 2155 423 2207 est
443 2164 563 2226 corpus
586 2147 734 2221 meum”,
749 2145 808 2208 sed
833 2145 980 2208 invalida
1001 2155 1089 2208 esset
1113 2144 1253 2208 formula
1275 2139 1339 2202 “hic

245 2248 354 2329 panis
370 2258 421 2311 est
436 2268 555 2329 corpus
572 2268 683 2311 meum
695 2250 720 2323 ”,
736 2248 814 2329 quia
829 2249 876 2310 sic
893 2249 1117 2331 implicaretur
1133 2266 1262 2328 panem,
1275 2246 1339 2306 dum

259 2362 409 2414 remanet
424 2351 529 2433 panis,
539 2371 612 2414 esse
624 2351 722 2414 simul
734 2371 854 2435 corpus
865 2351 997 2417 Christi.
1042 2352 1157 2414 Dubia
1168 2361 1219 2414 est
1233 2351 1340 2414 sorma:

260 2453 365 2516 “illud
387 2465 438 2517 est
459 2474 578 2535 corpus
601 2475 712 2518 meum
723 2455 749 2530 '’,
764 2457 842 2537 quia
858 2475 1041 2537 pronomen
1065 2455 1175 2518 “illud
1187 2456 1202 2480 ”
1226 2458 1341 2516 nonest

260 2557 558 2619 demonstrativum
576 2558 621 2618 rei
638 2559 820 2638 praesentis.

261 2680 312 2760 (b)
333 2679 482 2742 Verbum
506 2688 642 2742 estnon
664 2691 775 2762 potest
795 2681 942 2764 suppleri
965 2701 1024 2762 per
1043 2680 1145 2756 aliud,
1167 2701 1195 2744 v.
1216 2699 1245 2762 g.
1267 2671 1341 2759 “fil'’

261 2792 319 2845 aut
335 2782 481 2845 “transit
494 2780 563 2856 in’'‚
579 2785 658 2863 quia
670 2785 841 2846 conversio
857 2785 913 2847 illa
925 2785 1026 2848 debet
1037 2783 1182 2865 exprimi
1199 2792 1235 2843 ut
1246 2776 1342 2842 simul-

261 2895 362 2949 tanea
375 2895 409 2948 et
425 2905 491 2948 nou
508 2887 702 2963 successiva,
715 2888 747 2949 in
765 2886 853 2952 lacto
869 2906 941 2949 esse
952 2895 987 2948 et
1002 2905 1069 2948 non
1087 2887 1119 2947 in
1137 2883 1215 2948 lieri.
1253 2879 1344 2946 Dubi-

296 3118 456 3176 ²Concludi
476 3121 559 3190 igitur
577 3133 669 3192 potest
689 3123 763 3177 hanc
776 3124 932 3177 orationem
945 3123 1010 3177 ideo
1023 3120 1134 3177 recitari
1153 3130 1185 3175 ut
1202 3113 1344 3174 distintlius

262 3211 419 3265 declaretur
433 3209 461 3262 id
474 3210 550 3278 quod
562 3211 620 3278 jam
632 3208 739 3264 latium
752 3223 803 3278 est,
812 3221 840 3265 et
853 3212 966 3281 insuper
976 3221 1006 3264 ut
1019 3209 1095 3280 quod
1108 3207 1215 3262 fanum
1224 3205 1313 3270 est,sit
1324 3200 1345 3252 in
1366 3217 1367 3300 p

263 3300 381 3354 salutem
400 3295 534 3361 fidelium,
549 3307 579 3350 ut
598 3298 654 3352 late
673 3299 773 3366 probat
785 3299 949 3362 Franaelirr,
965 3298 1005 3350 th.
1022 3311 1046 3366 7.
1085 3297 1197 3351 Revera
1209 3295 1237 3348 in
1250 3294 1280 3346 C.
1294 3289 1344 3377 Fla
1366 3325 1367 3328 =

263 3387 372 3439 reatino
385 3383 559 3437 declaratum
572 3393 623 3450 est,
637 3385 859 3453 approbantibus
872 3383 989 3448 Graecis,
999 3383 1073 3436 hanc
1084 3380 1240 3435 orationem
1253 3375 1345 3431 recitau

263 3471 279 3500 ‘¹
288 3488 344 3524 non
357 3480 386 3524 ut
399 3469 563 3523 conficiatur
575 3470 651 3538 quod
664 3469 824 3524 confectum
837 3481 889 3536 est,
903 3470 953 3524 sed
972 3480 1001 3523 ut
1015 3484 1223 3538 consequamur
1234 3461 1347 3519 effectum
1366 3499 1367 3580 p

263 3557 441 3622 sacramenti,
455 3557 513 3610 scil,
528 3555 600 3610 uniri
620 3573 683 3609 cum
699 3557 811 3612 Christo
829 3569 857 3611 et
877 3555 1049 3627 incorporari
1057 3557 1091 3623 ’';
1110 3555 1188 3625 quod
1206 3549 1347 3622 significant
1366 3591 1367 3642 p

263 3647 324 3715 ipsa
342 3646 428 3698 verba
447 3644 463 3670 “
473 3654 503 3697 ut
516 3645 594 3696 nobis
606 3661 707 3712 corpus
726 3657 754 3698 et
774 3642 890 3710 sanguis
909 3643 956 3696 liat
975 3639 1152 3694 dilectissimi
1167 3640 1230 3694 Filii
1248 3636 1309 3692 tuil-
1321 3659 1347 3670 ··
1366 3673 1367 3730 l

265 3732 340 3784 Hinc
353 3731 427 3783 Pius
441 3729 499 3782 Vll
509 3730 556 3795 (ad
572 3731 724 3784 Patriarch.
741 3729 880 3796 Melchit.,
894 3730 911 3782 8
924 3727 990 3782 maii
1007 3729 1096 3794 1822),
1108 3729 1125 3754 “
1136 3726 1263 3796 prohibet
1274 3717 1347 3775 omui·
1366 3747 1367 3838 p

265 3824 323 3886 bus,
340 3815 488 3887 quominus
503 3815 660 3870 sustineant
673 3833 706 3870 ac
721 3827 851 3871 tueantur
865 3815 942 3868 illam
960 3813 1123 3884 opinionem
1142 3831 1160 3868 a
1178 3804 1346 3868 schismaticis
1366 3863 1367 3884 χ

264 3899 424 3954 bominibus
442 3911 656 3968 propugnatam,
670 3900 913 3954 consecrationem
926 3916 983 3953 non
997 3897 1152 3952 consistere
1166 3898 1247 3952 unice
1264 3893 1288 3947 in
1300 3903 1346 3942 ver·
1366 3909 1367 3970 ζ

264 3987 307 4041 bis
321 3985 433 4054 Christi,
450 3987 551 4055 quibus
570 3997 687 4055 utraque
707 3987 836 4041 Ecclesia
856 3985 1042 4041 occidentalis
1061 3995 1089 4038 et
1108 3983 1251 4038 orientalis
1268 3977 1344 4032 utitur.

265 4073 315 4125 sed
327 4073 364 4124 ad
378 4070 530 4140 perfectam
540 4085 822 4143 consummatamque
832 4071 1075 4126 consecrationem
1086 4071 1155 4124 addi
1170 4079 1292 4140 oportere
1300 4075 1346 4131 pre·

264 4157 346 4210 candi
361 4155 517 4225 iormulam,
527 4175 590 4228 quae
604 4159 632 4211 in
645 4159 757 4227 liturgia
771 4159 940 4212 occidentali
955 4157 1108 4224 antecedit,
1117 4157 1146 4210 in
1160 4151 1283 4212 orientali
1297 4145 1345 4202 sub·

265 4241 390 4310 sequitur
397 4239 421 4296 ¹¹.
