2738 4646
246 159 312 212 268
531 199 534 206 .
686 162 825 212 CAPUT
841 162 895 210 Vl.

244 340 366 414 mortis,
382 341 459 420 quia
483 349 561 404 tunc
585 360 651 403 non
676 341 812 404 timetur
834 339 1051 422 perversionis
1074 337 1268 421 periculum,
1283 357 1332 398 nec

245 441 387 504 violatur
400 442 453 523 jus
470 451 654 523 parentum,
669 463 772 525 quum
790 442 898 506 infans
921 442 1000 524 ipsis
1023 461 1089 502 non
1114 439 1331 506 subtrahatur:

245 545 333 624 quod
351 545 450 607 etiarn
468 545 565 620 valet,
577 564 621 607 ex
634 546 800 609 decisione
817 545 849 609 S.
862 544 972 608 Officii
993 547 1029 606 18
1039 543 1097 625 jul.
1117 546 1209 621 1892,
1222 543 1254 604 in
1267 561 1329 602 casu
1356 593 1357 610 ,

245 666 311 727 quo
327 646 423 709 valde
439 648 618 728 prudenter
629 647 801 710 dubitatur
810 648 899 730 quod
916 665 959 708 ex
977 645 1181 718 infirmitate,
1190 647 1257 726 qua
1268 641 1330 704 οδω

245 746 440 823 afficiuntur,
456 769 523 812 non
539 750 661 824 vivant,
677 751 734 812 sed
759 751 942 813 moriantur
964 755 1042 811 ante
1064 757 1203 811 aetatem
1226 746 1330 808 discre-
1356 753 1357 802 l

245 849 352 912 tionis.
386 850 435 931 (b)
450 850 595 932 Quando
609 851 752 913 infantes
765 860 843 913 sunt
853 861 951 913 extra
960 870 1073 913 curam
1086 859 1273 932 parentum,
1283 866 1331 908 nec

245 951 344 1014 timor
366 953 461 1016 adest
484 953 573 1034 ipsos
594 953 636 1014 ad
660 963 812 1034 parentes
832 972 1037 1029 reversurns;
1060 962 1139 1014 tunc
1164 952 1253 1013 enirn
1277 967 1329 1010 non

245 1053 385 1117 violatur
405 1053 460 1136 jus
483 1065 666 1137 parentum,
690 1075 750 1118 nec
773 1054 962 1138 periculum*
984 1054 1204 1137 perversionis
1231 1054 1330 1120 adest;

246 1157 292 1238 (c)
308 1160 444 1239 quando
460 1159 603 1221 infantes
619 1169 781 1240 perpetuo
797 1169 947 1222 amentes
963 1169 1041 1223 sunt
1055 1181 1062 1237 ;
1084 1159 1137 1241 (d)
1149 1159 1177 1220 si
1191 1177 1274 1220 unus
1286 1176 1329 1237 pa-

245 1269 374 1322 rentum
402 1262 596 1336 consentiat,
619 1260 670 1322 vel
699 1261 735 1335 si,
763 1271 895 1324 mortuo
923 1271 1024 1342 patre,
1050 1281 1130 1324 avus
1157 1259 1330 1323 consentiat

244 1361 343 1424 etiarn
369 1361 472 1425 altero
496 1371 632 1443 parente
655 1359 845 1437 reluctante,
860 1363 1043 1426 dummodo
1066 1382 1141 1444 spes
1163 1363 1250 1424 adsit
1265 1379 1330 1441 pue·

244 1483 316 1524 rum
334 1463 496 1525 catholice
512 1463 685 1526 educandi.

290 1561 356 1649 (B)
373 1564 407 1629 Si
418 1575 530 1627 autern
541 1576 696 1647 parentes
709 1565 883 1628 acatholici
894 1567 1043 1648 proprios
1053 1565 1195 1630 infantes
1205 1564 1330 1628 offerant

244 1669 407 1731 sacerdoti
432 1669 664 1749 baptizandos,
689 1679 799 1750 potest
826 1690 883 1732 eos
909 1671 1091 1752 baptizare,
1113 1671 1141 1733 si
1166 1668 1330 1752 probabilis

244 1771 331 1833 adsit
347 1791 422 1854 spes
438 1771 610 1835 catholicae
633 1792 748 1835 eorum
770 1773 976 1836 educationis
990 1784 1010 1848 ¹,
1026 1792 1101 1853 quae
1117 1773 1253 1853 quidem
1268 1788 1330 1850 spes

244 1871 390 1954 effulget,
406 1873 434 1934 si
450 1893 535 1937 unus
559 1874 677 1936 saltem
702 1886 877 1956 parentum
902 1875 1077 1955 promittat
1100 1893 1136 1936 se
1159 1871 1258 1936 fidem
1273 1889 1329 1932 am·

244 1975 428 2056 plexurum,
447 1985 480 2038 et
508 1977 679 2059 permittat
702 1988 739 2039 ut
767 1979 917 2059 patrinus
940 1977 1122 2040 catholicus
1150 1976 1331 2038 adhibeatur

244 2077 360 2160 (Cone.
377 2078 464 2142 Ball.
482 2079 529 2154 II,
546 2079 632 2160 229).
1357 2087 1358 2092 ¹

275 2261 362 2337 Art.
397 2260 474 2337 111.
502 2261 564 2337 De
593 2262 922 2363 dispositionibus
950 2265 998 2341 ad
1026 2265 1309 2365 Baptismum2.

286 2445 335 2512 51.
376 2436 414 2498 In
433 2435 615 2499 infantibus
629 2437 728 2501 nullae
742 2441 952 2521 requiruntur
963 2438 1190 2515 conditiones;
1207 2438 1238 2500 in
1251 2433 1330 2500 adul·

244 2539 285 2600 tis
302 2547 423 2612 autem,
444 2550 476 2600 10
490 2539 538 2600 ad
549 2540 695 2602 validam
717 2545 963 2624 susceptionem
987 2545 1189 2606 sacramenti
1214 2540 1329 2622 requiri·

244 2649 297 2702 tur
312 2649 345 2702 et
362 2639 482 2702 sufficit
498 2642 639 2704 intentio
655 2643 773 2706 saltem
791 2645 977 2721 habitualis,
995 2647 1012 2708 i.
1026 2665 1052 2707 e.
1068 2655 1167 2708 antea
1185 2645 1291 2706 habita
1304 2652 1329 2700 et

245 2763 310 2805 non
337 2741 524 2818 retractata,
548 2745 757 2825 Baptismum
782 2749 971 2831 recipiendi.
1026 2748 1116 2811 Hinc
1142 2748 1268 2810 validus
1289 2753 1329 2804 est

245 2846 434 2926 Baptismus
451 2849 575 2908 amenti
600 2848 652 2908 vel
675 2849 853 2912 dormienti
877 2851 1028 2925 collatus,
1044 2851 1100 2931 qui
1123 2859 1222 2912 antea
1240 2865 1330 2910 sacra·
1358 2859 1359 2862 ’

245 2958 393 3010 mentum
410 2951 576 3031 suscipere
592 2953 730 3031 optavit.
776 2959 791 2984 “
808 2953 971 3017 Amentes
983 2963 1016 3016 et
1029 2954 1143 3017 furiosi
1161 2973 1226 3016 non
1239 2949 1330 3031 bapti-

244 3061 360 3113 zentur
376 3051 437 3113 nisi
456 3051 538 3114 tales
555 3073 574 3113 a
591 3054 765 3116 nativitate
781 3055 920 3133 suerint;
941 3066 1021 3117 tunc
1038 3056 1125 3118 enim
1144 3055 1187 3118 de
1203 3056 1240 3118 iis
1256 3054 1328 3116 idern

242 3153 399 3233 judicium
424 3151 611 3216 faciendum
636 3159 799 3236 estquod
824 3159 866 3219 de
890 3157 1079 3233 infantibus
1103 3168 1203 3238 atque
1224 3157 1255 3220 in
1277 3152 1329 3214 fide

246 3253 404 3315 Ecclesiae
422 3253 581 3334 baptizari
599 3270 747 3336 possunt.
794 3259 858 3322 Sed
876 3260 902 3320 si
919 3259 1065 3321 dilucida
1082 3259 1227 3322 habeant
1246 3258 1330 3318 inter·

244 3354 339 3428 valla,
356 3356 435 3416 dum
454 3358 574 3418 mentis
591 3370 764 3439 compotes
780 3370 866 3436 sunt,
881 3359 1098 3441 baptizentur,
1112 3361 1139 3422 si
1155 3361 1261 3423 velint
1301 3353 1328 3418 Si

244 3477 331 3532 vero,
343 3467 523 3540 antequam
542 3460 732 3536 insanirent,
749 3463 947 3544 suscipiendi
967 3463 1130 3545 Baptismi
1147 3462 1328 3526 desiderium

280 3653 287 3675 ¹
300 3653 445 3720 Siquidem
461 3653 490 3706 S.
503 3651 534 3706 C.
549 3653 643 3720 Officii
653 3671 698 3706 an.
712 3655 778 3723 1867
789 3656 941 3709 declaravit
956 3656 983 3709 id
997 3657 1198 3712 remittendum
1210 3672 1268 3712 esse
1279 3667 1328 3721 pru·

244 3737 321 3790 denti
335 3737 450 3791 arbitrio
463 3749 490 3790 et
504 3737 685 3791 conscientiae
699 3739 943 3794 hlissionariorum
955 3743 1072 3809 (audito,
1084 3743 1107 3796 si
1119 3743 1177 3797 fieri
1188 3743 1279 3812 possit,
1288 3737 1329 3788 Or·

244 3823 374 3888 dinatio),
386 3824 433 3892 qui
447 3824 588 3893 baptizare
602 3825 710 3894 possint
724 3843 825 3895 pueros
839 3845 856 3879 a
870 3829 1032 3896 parentibus
1045 3847 1102 3882 non
1114 3829 1259 3899 baptizatis
1267 3824 1327 3878 obla-

244 3920 296 3970 tos,
310 3908 463 3962 dummodo
477 3911 504 3962 in
519 3910 635 3978 singulis
649 3913 761 3965 casibus
775 3929 832 3966 non
846 3913 1033 3982 praevideatur
1045 3915 1133 3968 ullum
1147 3915 1245 3968 adesse
1260 3921 1327 3979 grate

243 3993 431 4062 perversionis
444 3997 606 4063 perieulum,
620 4009 647 4051 et
661 3999 815 4052 dummodo
829 4015 885 4052 non
900 4010 1009 4053 constet
1022 4011 1154 4069 parentes
1169 4003 1206 4055 ob
1218 3993 1327 4068 supersti-

244 4078 350 4131 tionem
365 4077 435 4132 filios
449 4080 547 4134 offerre
561 4083 745 4151 baptizandos
758 4083 959 4150 (Collatiam,
974 4102 999 4138 n.
1016 4085 1086 4154 592).

307 4163 334 4214 T
332 4163 456 4230 aurnely,
470 4181 497 4232 q.
516 4167 571 4228 ΙΙΙ,
584 4183 608 4219 a.
620 4183 645 4235 3,
659 4169 695 4222 de
711 4170 856 4238 Baptismo
870 4171 1028 4226 adultorum
1042 4192 1048 4234 ;
1067 4173 1161 4241 Marc,
1178 4191 1205 4226 n.
1223 4185 1282 4240 1471
1295 4183 1325 4232 Sl·

245 4247 413 4310 lerrrrkuhl,
429 4266 454 4302 η.
469 4263 512 4318 73,
528 4253 617 4320 77-78.
