2794 4662
410 210 465 259 DE
483 208 778 262 MATRIMONIO.
933 249 936 252 .
1078 206 1142 259 637

1102 317 1143 326 ...-

20 389 110 454 fidei
132 399 202 466 est,
213 389 412 472 grandisque
427 389 566 462 virtutis,
578 387 641 450 Dei
658 384 821 467 templum
834 404 907 446 esse
922 383 1144 465 purissimum,

21 505 151 557 totum
172 515 212 556 se
227 494 457 556 holocaustum
473 491 591 554 offerre
609 490 762 564 Domino,
772 498 814 564 et,
822 488 921 569 juxta
933 485 1145 568 Apostolum,

22 619 107 660 esse
128 595 289 660 sanetum
307 617 445 679 corpore
460 607 494 660 et
510 597 625 679 spiritu
639 595 662 657 ''.
710 593 758 674 (b)
781 593 875 656 Idem
901 591 1007 672 magis
1023 589 1146 653 diserte

23 699 238 782 Apostolus
253 687 351 762 docet
364 713 391 779 Ι;
416 701 492 763 licet
507 699 596 762 enim
613 699 657 761 ibi
679 695 859 760 honorifice
874 696 916 758 de
933 693 1146 756 matrimonio

25 804 182 878 scribat,
198 803 422 885 virginitatem
451 813 610 883 tanquam
638 801 761 884 aliquid
788 800 914 875 melius,
930 819 988 880 per
1013 797 1144 860 modurn

25 906 180 971 consilii
197 893 352 988 proponit
370 930 377 968 :
409 905 567 968 “Bonum
584 913 635 966 est
650 903 777 966 homini
795 902 965 964 mulierem
990 920 1055 962 non
1073 909 1145 962 tan·

26 1029 120 1090 gere
138 1008 228 1090 (1)...
244 1007 321 1070 volo
346 1009 433 1070 enim
458 1028 574 1071 omnes
590 1028 649 1069 vos
673 1025 744 1068 esse
769 1007 854 1068 sicut
880 1005 1043 1085 meipsum
1060 1001 1144 1084 (7)...

27 1113 118 1174 dico
146 1121 263 1173 autem
289 1130 355 1173 non
382 1111 493 1192 nuptis
518 1120 551 1173 et
567 1110 699 1174 viduis:
734 1109 859 1175 bonum
885 1116 936 1170 est
959 1107 1031 1182 illis,
1050 1106 1076 1168 si
1100 1106 1146 1168 sic

28 1224 279 1298 permaneant,
295 1214 380 1276 sicut
396 1222 429 1276 et
445 1233 508 1294 ego
524 1213 556 1296 (i.
573 1233 598 1276 e.
616 1213 688 1276 sine
711 1211 831 1292 uxore)
847 1205 936 1295 (8)
982 1207 1049 1290 Qui
1073 1209 1144 1270 sine

28 1337 157 1379 uxore
175 1325 234 1390 est,
247 1315 405 1378 sollicitus
421 1325 472 1378 est
488 1335 563 1397 quae
580 1315 717 1378 Domini
733 1323 820 1389 sunt,
832 1314 1001 1394 quomodo
1017 1312 1147 1394 placeat

31 1421 141 1495 Deo;
180 1420 235 1500 qui
260 1429 371 1482 autem
398 1438 473 1481 cum
499 1438 603 1480 uxore
629 1429 689 1492 est,
713 1417 872 1480 sollicitus
899 1427 949 1478 est
972 1435 1046 1496 quae
1069 1423 1148 1478 sunt

30 1522 181 1596 mundi,
206 1523 376 1601 quomodo
407 1522 537 1603 placeat
565 1521 660 1583 uxori
686 1530 719 1582 et
745 1520 870 1580 divisus
897 1530 947 1581 cst
980 1514 1146 1602 (32·3o)..

31 1627 162 1705 Igitur
178 1635 212 1687 et
227 1626 283 1704 qui
301 1623 513 1687 matrimonio
526 1625 637 1704 jungit
653 1625 813 1706 virginem
831 1643 934 1697 suam,
949 1622 1034 1684 bene
1051 1620 1144 1698 lacit;

31 1739 72 1792 et
96 1727 162 1808 qui
181 1747 246 1788 non
260 1727 371 1810 jungit
387 1727 620 1806 meliusfacit”
636 1727 715 1806 (38).
764 1726 848 1788 Haec
864 1728 948 1788 adeo
964 1725 1052 1788 clara
1067 1711 1148 1787 ¹sunt

32 1842 78 1894 ut
101 1831 336 1892 Protestantes
352 1849 391 1892 ea
407 1831 603 1910 detorquere
627 1830 784 1905 nitantur,
799 1838 984 1890 asserentes
1002 1827 1148 1909 Aposto-

32 1935 120 1996 lum
147 1931 194 1993 ibi
220 1932 308 2013 loqui
332 1932 438 1996 solum
461 1931 659 2013 hypothetice,
674 1940 848 2013 putantem
875 1930 941 1994 scil.
965 1928 1146 1992 secundum

34 2034 194 2100 Domini
220 2034 399 2098 adventum
422 2035 492 2116 jam
515 2055 616 2116 prope
632 2055 704 2098 esse
720 2035 791 2114 (29)
799 2055 806 2110 ;
838 2034 896 2095 sed
921 2033 1050 2106 frustra,
1071 2053 1147 2095 nam

33 2139 155 2202 verba
177 2143 193 2170 ‘⁶
205 2147 328 2220 tempus
349 2138 441 2201 breve
456 2137 529 2200 Μ’
545 2138 586 2199 de
604 2137 668 2200 fine
683 2139 761 2201 vitae
783 2137 922 2218 intelligi
948 2146 1096 2218 possunt,
1116 2145 1150 2198 et

35 2241 190 2306 aliunde
207 2244 290 2304 ratio
306 2242 417 2318 allata,
437 2241 591 2305 videlicet
608 2262 683 2304 eum
703 2243 762 2324 qui
781 2241 849 2303 sine
864 2261 960 2304 uxore
974 2250 1021 2303 ert
1033 2239 1148 2302 sollici·

35 2358 122 2412 tum
139 2366 205 2407 esre
220 2367 256 2407 ea
271 2367 342 2427 quoe
356 2345 496 2408 Domini
509 2356 593 2417 sunt,
611 2346 642 2406 in
669 2344 824 2407 omnibus
847 2344 927 2407 locis
943 2352 976 2405 et
992 2343 1149 2424 tempori·

35 2451 115 2516 bus
126 2468 204 2512 vera
218 2464 338 2525 manet,
348 2461 381 2512 et
397 2449 579 2512 luculenter
594 2460 800 2510 uemoustrat
816 2447 1014 2528 virginitatis
1025 2456 1149 2510 statum

37 2549 119 2613 Dei
135 2550 271 2613 servitio
286 2551 393 2630 magis
411 2559 527 2630 aptum
543 2569 622 2610 esse.
670 2548 754 2610 Haec
770 2560 821 2611 est
839 2551 939 2612 etiam
956 2558 1070 2630 aperta
1088 2547 1148 2612 Pa-

35 2663 142 2718 trum
171 2649 329 2730 doctrina,
360 2662 397 2715 ut
427 2673 470 2714 cx
502 2671 614 2714 eorum
645 2652 801 2732 operibus
831 2651 942 2714 videre
973 2662 1023 2714 est
1049 2675 1056 2715 ι
1093 2653 1129 2716 cl
1141 2703 1149 2718 .

38 2755 86 2820 S.
106 2754 258 2836 cyprian.
275 2757 317 2818 de
333 2757 448 2819 habitu
465 2755 660 2836 Virginum;
690 2754 725 2817 S.
736 2754 937 2829 Ambrosius,
953 2755 995 2816 de
1008 2755 1150 2836 Virgini·

35 2860 133 2934 bus;
164 2856 800 2938 S.Hieronymus,contraJovinianum;
829 2856 863 2919 S.
880 2857 1149 2936 Augustinus&

38 2953 173 3026 'saneta
185 2961 376 3042 virginitate
391 2973 451 3026 etc.

95 3079 146 3142 19.
196 3057 262 3145 (B)
294 3061 371 3124 Καὶ.
396 3061 485 3124 theol.
512 3062 572 3124 Ille
605 3063 692 3124 enim
727 3070 835 3123 status
858 3061 1074 3124 excellentior
1099 3070 1149 3125 cst

37 3170 144 3226 statu
162 3162 339 3244 conjugali,
356 3164 387 3224 in
405 3183 472 3244 quo
488 3164 609 3228 bouum
627 3164 775 3225 divinum
793 3162 965 3244 praelertur
980 3163 1069 3226 bono
1090 3163 1148 3226 hu·

38 3283 165 3340 mano
185 3275 218 3326 et
236 3266 360 3328 bonum
377 3267 499 3329 animae
516 3268 605 3329 bono
620 3265 782 3348 corporis;
805 3267 895 3348 atqui
912 3267 1082 3347 virginitas
1098 3286 1149 3329 or-

37 3369 189 3432 dinatur
205 3368 246 3429 ad
264 3368 387 3430 bonum
406 3367 480 3445 Dei,
497 3379 630 3451 propter
651 3369 744 3450 cujus
766 3390 912 3432 amorem
935 3369 1042 3432 carnis
1058 3369 1149 3432 volu·

38 3477 166 3556 ptates
182 3469 283 3532 etiam
300 3470 397 3533 licitae
408 3471 509 3533 libere
520 3474 759 3554 despiciuntur;
781 3485 813 3536 ct
830 3475 871 3536 ad
886 3474 1148 3549 bonumanimae,
1261 3459 1264 3464 ¹

39 3591 158 3654 quum
180 3592 253 3634 eam
276 3574 433 3655 disponat
451 3576 493 3637 ad
513 3577 617 3639 vitam
641 3578 947 3659 contemplativam,
964 3578 1006 3639 ad
1028 3577 1149 3638 oratio-

38 3696 131 3743 nem
148 3685 181 3738 et
198 3678 495 3741 considerationem
519 3697 633 3741 eorum
655 3699 729 3760 qua:
752 3692 829 3743 sunt
847 3680 947 3756 Dei2;
974 3679 1053 3741 dum
1072 3699 1149 3740 con·

34 3779 182 3866 jugium
199 3779 370 3843 ordinatur
384 3782 427 3843 ad
444 3781 568 3843 bonum
580 3782 733 3862 corporis,
746 3779 835 3862 quod
852 3789 902 3840 est
916 3776 1150 3859 multiplicatio

449 3896 498 3903 --
793 3893 865 3902 -ι-ι-
870 3895 1145 3904 -α--ο--ω-

87 3938 126 3998 ²1
137 3943 199 3998 Cor.
213 3944 281 4008 vll,
300 3959 368 4013 1·40.

86 4023 184 4084 ²Hinc
197 4030 226 4084 S.
243 4030 270 4083 T
266 4029 338 4084 hom.
354 4031 453 4099 (Opus.
467 4031 502 4084 de
515 4029 630 4099 pericii.
648 4029 713 4084 vitae
726 4027 899 4099 spiritualis),
913 4029 995 4084 docet
1015 4046 1064 4083 eos
1079 4047 1147 4098 prae·

44 4118 151 4174 sertim
163 4135 181 4170 a
195 4117 375 4172 matrimonio
393 4117 534 4171 abstinere
553 4117 656 4172 debere
675 4117 722 4186 qui
742 4117 780 4170 ad
799 4115 1001 4186 perledlionem
1020 4117 1148 4184 rendunt,

49 4204 149 4277 “quia
162 4220 210 4273 per
222 4204 276 4260 hoc
290 4204 374 4258 homo
387 4203 507 4258 maxime
521 4204 594 4258 curis
605 4204 786 4258 saecularibus
795 4203 954 4272 implicatur
961 4205 975 4230 ”
987 4213 1015 4258 et
1028 4202 1150 4258 maxime

44 4290 194 4362 conjugali
206 4289 308 4345 affectu
322 4291 450 4346 irretitur.
