2794 4662
403 213 465 266 -DE
482 215 773 267 MATRIMONIO.
1075 215 1140 266 6⁷⁵

22 404 177 458 mutuos
201 396 262 459 sibi
286 399 478 462 condonant
501 399 659 478 desedius,
675 410 717 476 et,
734 411 771 464 ut
794 401 840 464 ait
862 411 969 482 poeta.
978 401 1026 482 fit
1040 401 1144 462 leuius

17 498 200 577 polientici
223 501 385 582 quidquid
405 503 562 584 corrigere
587 515 635 566 est
660 505 771 584 nefas:
801 525 843 567 ex
867 504 1006 567 adverso
1030 513 1141 566 autem

21 621 110 682 spes
132 601 269 666 divortii
286 603 328 666 ad
345 604 577 682 dissensiones,
590 606 699 688 jurgia
722 615 756 670 et
779 607 940 670 adulteria
964 616 1143 688 provocat;

23 704 85 784 qui
116 705 211 767 enim
234 707 361 788 cogitat
381 709 423 771 de
448 729 535 772 novo
554 711 747 791 meliorique
771 709 913 791 conjuge
935 710 1143 784 inveniendo

22 817 204 872 extraneo
230 829 343 872 amore
370 812 436 874 cito
462 823 578 894 captus
604 814 674 887 erit,
689 822 731 888 et,
748 821 784 875 ut
807 811 1055 874 matrimonium
1080 811 1140 873 sibi

21 930 218 974 onerosum
235 912 430 995 disrumpat,
445 916 665 992 contumeliis,
680 914 986 996 vituperationibus,
1003 913 1141 976 verberi-

21 1013 106 1090 buS,
121 1015 295 1078 adulteriis
312 1016 508 1102 indulgebit,
522 1020 567 1088 ita
580 1029 626 1093 ut,
637 1029 723 1082 teste
735 1018 951 1100 experientia,
963 1017 1140 1078 divortium

22 1118 71 1179 sit
98 1119 327 1181 maximorum
352 1121 526 1184 criminum
549 1122 680 1184 occasio
696 1131 729 1182 et
745 1131 874 1182 causa1.
922 1120 991 1182 Nec
1014 1119 1148 1190 dicatur

22 1221 237 1284 adulterium
260 1241 332 1284 esse
355 1231 423 1286 tam
448 1232 545 1305 turpe
564 1234 597 1287 et
619 1223 790 1294 nefarium,
807 1232 844 1285 ut
866 1223 982 1284 saltem
1008 1230 1142 1304 propter

23 1324 117 1386 illud
137 1325 259 1407 crimen
277 1324 359 1387 solvi
376 1326 497 1389 debeat
515 1328 715 1390 matrimonii
734 1326 918 1403 vinculum;
944 1326 1071 1397 namsi
1090 1345 1140 1386 res

23 1429 77 1490 ita
99 1448 137 1489 se
154 1427 284 1504 habeat,
300 1429 387 1492 haud
412 1451 485 1492 raro
508 1431 669 1494 adulteria
693 1430 945 1493 committentur
964 1447 1004 1488 eo
1024 1425 1087 1488 fine
1104 1437 1140 1488 ut

23 1531 218 1592 divortium
249 1532 447 1608 obtineatur,
476 1542 512 1595 ut
538 1532 718 1614 jurisperiti
746 1531 951 1613 experientia
979 1532 1140 1604 ndruut²;

23 1632 178 1715 expedit
195 1634 294 1716 igitur
310 1633 350 1696 ad
369 1635 492 1697 bonum
518 1636 684 1717 publicum
703 1646 738 1698 ut
755 1635 804 1698 vel
826 1633 984 1713 conjuges
1005 1630 1140 1713 pacifice

23 1735 240 1811 cohabitent,
263 1736 313 1799 vel
339 1747 532 1818 separentur
558 1741 668 1820 quoad
697 1748 805 1800 torum
830 1723 863 1799 et
890 1736 1139 1826 habitationem,

24 1840 165 1919 absque
181 1858 240 1922 spe
256 1859 359 1902 novas
376 1842 509 1922 nuptias
527 1842 670 1904 ineundi.

75 1961 127 2025 61.
165 1960 229 2050 (C)
244 1966 430 2029 Divortiutn
439 1969 592 2048 perfcc‘ioe
602 1967 706 2048 prolis
722 1967 904 2030 educationi
919 1975 1020 2038 uoce&
1031 1965 1138 2028 inians

25 2070 125 2130 enim
144 2070 314 2151 utriusque
331 2072 476 2151 parentis
493 2071 617 2133 auxilio
636 2072 763 2151 indiget
780 2089 846 2132 non
864 2072 971 2132 solum
989 2079 1139 2151 tempore

28 2193 105 2254 quo
123 2174 277 2250 nascitur,
295 2176 352 2238 sed
370 2195 428 2256 per
444 2174 566 2236 multos
583 2193 709 2249 ann0s;
733 2174 827 2235 initio
849 2174 983 2254 quidem
1001 2193 1020 2235 a
1036 2181 1140 2234 matre

25 2276 209 2350 enutritur,
225 2277 282 2339 sed
300 2287 395 2358 pater
410 2278 510 2340 debet
526 2276 622 2338 simul
648 2276 744 2337 matri
766 2277 949 2338 necessaria
966 2277 1042 2338 vitae
1062 2295 1138 2357 sup-

27 2378 202 2460 peditare;
227 2381 449 2442 crescentibus
471 2377 554 2454 liliis,
571 2378 612 2440 ad
630 2398 743 2441 eorum
762 2381 993 2442 educationem
1010 2379 1137 2441 deside-

27 2490 151 2542 rantur
172 2501 238 2543 non
259 2476 366 2545 solum
392 2483 505 2545 matris
529 2481 638 2543 suavis
663 2502 756 2544 amor
774 2492 807 2544 et
824 2483 961 2563 provida
978 2502 1063 2556 cura,
1080 2482 1137 2544 sed

521 2613 674 2620 -.--.----—.
685 2614 782 2620 ..-.-.
793 2615 861 2622 ..φ-
877 2615 998 2622 ---..--.-
1007 2611 1132 2620 ,.....---

69 2689 76 2710 ¹
88 2676 106 2702 ‘¹
118 2675 195 2744 Quot
208 2675 299 2730 futilia
309 2676 409 2744 jurgia,
422 2685 491 2745 quot
504 2674 590 2730 taedia
602 2675 675 2728 sacili
689 2676 829 2730 oblivione
843 2687 990 2730 conterunt
1003 2675 1049 2744 qui
1064 2692 1137 2728 corn-

26 2763 112 2817 muni
134 2771 244 2817 tantum
266 2763 371 2832 pollent
393 2762 550 2832 prudentia,
568 2763 622 2816 hac
641 2763 818 2832 potissimum
840 2765 948 2818 ratione
967 2761 1042 2816 ducti
1063 2762 1138 2830 quod

27 2849 196 2906 necessario
209 2851 266 2905 vita
279 2849 452 2921 conjunctim
465 2851 577 2919 agenda
591 2851 643 2904 sibi
658 2851 693 2904 sit
708 2852 857 2920 perpetuo!
899 2848 1065 2902 lllinusculae
1084 2847 1138 2900 illae

27 2938 225 2994 dissentiones
240 2940 267 2992 in
281 2955 421 2994 summam
442 2938 576 2992 iuvidiam
595 2939 755 3002 cessissent,
771 2940 844 2992 sacili
857 2938 966 2992 divortii
981 2954 1030 3004 spe
1043 2936 1079 2988 acl
1094 2951 1137 2987 su·

27 3043 165 3097 premum
186 3028 305 3096 gradum
328 3024 479 3096 perdutlae.
526 3027 625 3094 ltaque
647 3027 878 3094 perpendendum
901 3024 982 3078 nobis
1004 3035 1047 3078 est
1069 3022 1137 3075 nihil

28 3115 158 3184 periculo
171 3115 280 3182 plenius
293 3129 379 3183 quam
392 3114 463 3168 duos
476 3113 515 3167 ita
529 3112 627 3166 intime
637 3114 777 3182 copulare,
790 3123 818 3166 ut
832 3113 873 3165 vir
886 3123 913 3166 et
927 3129 994 3164 uxor
1006 3112 1135 3179 copulan-

27 3213 77 3255 tur
90 3201 165 3255 inter
175 3217 215 3267 se,
225 3202 292 3270 quin
306 3201 380 3254 hanc
393 3200 526 3255 unionem
539 3199 692 3269 perfectam
703 3210 729 3255 et
741 3199 961 3254 indissolubilem
974 3199 1134 3252 reddamus.

28 3290 155 3343 Minima
176 3289 360 3358 separationis
381 3289 564 3358 probabilitas
585 3287 792 3342 dissensionum
814 3299 842 3341 et
864 3287 1054 3355 suspicionum
1075 3285 1136 3340 lons

28 3377 168 3432 evaderet
178 3377 343 3444 uberrimus,
353 3394 423 3430 uxor
432 3376 467 3430 de
478 3393 529 3429 suo
538 3385 611 3429 statu
620 3375 714 3428 minus
724 3385 783 3428 tuta
795 3372 979 3443 separationis
990 3371 1136 3425 consilium

27 3466 128 3518 nnimo
142 3465 267 3534 quotidie
279 3463 406 3532 agitabit,
419 3474 447 3517 et
461 3463 502 3516 vir
516 3463 568 3516 sibi
583 3472 691 3516 tantum
711 3463 860 3516 consulens
880 3461 1032 3528 majorique
1051 3458 1136 3511 fretus

28 3563 173 3623 potestate
182 3551 210 3607 in
218 3553 310 3622 majus
319 3551 469 3606 discrimen
480 3551 611 3605 unionem
621 3550 773 3603 adduceret
783 3549 803 3599 ¹².
817 3549 930 3614 (fluore,
941 3547 1032 3613 Essay
1042 3537 1132 3609 XlX).

66 3639 77 3669 ²
90 3640 231 3695 Omnibus
244 3650 418 3708 compertum
431 3648 474 3693 est
488 3637 657 3693 desiderium
676 3636 713 3688 ab
732 3651 765 3688 eo
784 3645 857 3687 statu
874 3633 920 3702 qui
939 3631 1030 3700 gravis
1043 3629 1133 3683 ladius

27 3733 67 3786 sit
81 3749 146 3786 sese
158 3731 307 3800 eximendi,
323 3732 416 3800 plures
435 3729 563 3783 homines
583 3737 611 3781 et
629 3724 778 3779 nonnullas
797 3722 927 3775 loeminas
943 3720 1055 3774 adeam
1069 3720 1133 3772 vitae

27 3818 169 3873 rationem
183 3818 324 3874 adducere
342 3835 406 3887 quae
423 3814 575 3871 divortium
591 3811 690 3882 pariat,
703 3821 750 3866 aut
764 3812 864 3864 saltem
877 3809 1003 3874 suadeat,
1016 3807 1093 3869 illud,
1109 3807 1131 3860 si

28 3905 187 3973 contingat,
199 3904 365 3974 conjugibus
379 3901 520 3972 ingratum
539 3918 596 3954 non
615 3901 680 3953 lore.
720 3899 815 3951 Virum
830 3896 982 3965 aliquando
995 3895 1131 3948 adultera-

27 4004 92 4046 tum
108 3991 203 4058 tuisse,
216 3991 327 4044 divortii
341 3990 487 4043 obtinendi
500 4005 593 4054 causa,
607 4005 639 4042 ex
657 3984 781 4055 pluribus
800 3985 835 4037 de
853 3982 972 4036 divortio
985 3981 1049 4035 latis
1059 3979 1132 4050 judi-

28 4079 92 4144 ciis,
102 4077 285 4133 cancellarius
297 4077 371 4132 Kent
382 4077 481 4130 merito
494 4073 647 4129 adnotavit.
672 4071 755 4140 Apud
768 4069 837 4122 alias
851 4079 949 4138 gentes
962 4066 1132 4122 matrimonii

28 4165 148 4220 historia
161 4181 212 4219 nos
225 4164 358 4218 admonet
371 4180 406 4217 eo
419 4163 552 4216 scelestos
565 4159 661 4228 augeri
674 4174 766 4211 mores
779 4173 835 4225 quo
847 4157 939 4225 plures
953 4166 1055 4224 praesto
1068 4164 1131 4208 sunt

28 4253 143 4306 divortii
159 4267 259 4318 causae,
276 4267 340 4321 quae
357 4250 461 4304 nedum
482 4247 656 4318 prohibeant,
670 4245 756 4298 immo
773 4244 848 4297 viam
865 4242 984 4296 divortio
1000 4241 1128 4310 parant’'.

29 4340 80 4404 (E.
98 4339 208 4410 Phelps,
226 4341 338 4406 Forum,
354 4340 423 4393 Dec.
443 4337 517 4404 1889,
531 4354 556 4406 p.
570 4335 637 4406 363;
653 4333 688 4388 ci.
707 4333 840 4402 Woolsey,
852 4349 896 4400 op.
910 4331 955 4385 cit.
969 4347 996 4400 p.
1012 4329 1060 4382 261
1077 4327 1130 4400 sq).
