2780 4646
350 155 406 206 ns
425 75 584 206 annis
604 155 856 206 anstrum.
1107 155 1150 206 or

64 332 134 410 rito;
156 335 198 398 ibi
214 336 303 397 enim
323 337 424 399 tradit
441 336 625 418 Apostolus
648 336 749 399 fidem
775 357 846 400 esse
869 339 936 418 spei
947 337 1148 416 fundamen·

63 445 132 511 trun,
147 439 234 518 quod
252 439 388 501 minime
408 459 577 520 negamus
592 441 649 502 sed
667 441 780 503 statim
797 440 891 503 addit
907 442 1060 502 eamdem
1076 460 1149 502 esse

64 551 279 618 argumentum
310 543 343 623 (i.
374 563 399 606 e.
430 539 687 624 convictionem)
719 565 783 606 non
815 544 1061 626 apparentium,
1091 564 1147 606 seu

64 662 222 706 assensum
235 645 333 706 rebus
346 665 412 707 non
424 647 503 709 visis
515 647 690 727 praebitum
704 670 710 708 :
727 647 816 728 quod
829 657 880 708 est
893 648 964 729 ipsa
976 645 1078 708 thesis
1090 667 1148 708 no·

64 755 130 806 stra.
165 748 285 810 Postea
300 748 390 809 varia
406 748 544 810 exhibet
561 746 636 809 fidei
652 748 816 829 exempla,
827 768 871 809 ex
884 748 1004 830 quibus
1016 759 1148 811 constat

64 847 152 912 fidem
168 853 209 913 de
226 855 292 931 qua
313 852 444 913 disserit
458 872 530 914 esse
547 851 677 914 firmum
694 871 865 913 assensum
882 850 980 913 rebus
995 851 1147 914 revelatis

48 934 178 1028 ¹datum,
203 964 369 1034 quatenus
395 965 532 1035 generat
558 954 723 1028 fiduciam,
750 954 974 1017 obedientiam
1002 953 1148 1035 aliasque

63 1055 192 1117 morales
208 1057 462 1138 dispositiones:
485 1060 575 1140 quod
599 1059 733 1138 quidem
757 1058 923 1137 duplicem
947 1056 1067 1118 thesim
1090 1077 1148 1118 no-

62 1167 153 1220 stram
166 1159 351 1237 confirmat,
360 1181 462 1240 quum
475 1161 717 1224 contendamus
728 1180 793 1221 non
805 1159 908 1221 solam
920 1157 1020 1222 fidem
1027 1159 1039 1240 j
1045 1159 1148 1221 ustifi-

62 1281 136 1336 care,
148 1265 203 1324 sed
221 1263 303 1326 alias
320 1264 437 1344 requiri
454 1264 697 1345 dispositiones
709 1273 742 1324 et
756 1264 890 1343 insuper
899 1261 1009 1336 fidem,
1021 1266 1087 1342 qua
1096 1262 1148 1342 ju·

61 1363 240 1441 stificamur,
252 1386 324 1428 esse
336 1368 436 1429 etiam
453 1387 624 1429 assensum
641 1366 833 1429 veritatibus
845 1385 865 1426 a
879 1365 952 1426 Deo
968 1365 1146 1428 revelatis1.

102 1477 163 1543 125
203 1481 238 1548 30
253 1469 330 1530 Καί.
352 1469 382 1531 T
378 1469 455 1532 herl.
495 1468 602 1544 Fides,
614 1489 710 1530 sensu
723 1468 962 1550 protestantico
972 1466 1148 1544 intellecta,

61 1580 106 1630 est
128 1571 345 1653 impossibilis.
392 1573 481 1634 Nam
505 1570 569 1634 fide
592 1571 724 1633 credere
747 1590 813 1632 non
837 1591 1011 1654 possumus
1031 1571 1093 1632 nisi
1109 1591 1148 1632 ea

61 1691 165 1750 quasa
185 1675 260 1736 Deo
283 1675 427 1737 revelata
445 1685 523 1737 sunt
536 1697 543 1752 ;
566 1674 656 1757 atqui
679 1673 794 1736 nullibi
818 1672 981 1736 revelatur
1004 1673 1035 1733 in
1062 1672 1148 1736 Scri-

62 1780 151 1854 ptura
166 1787 302 1857 peccata
319 1777 590 1859 uniuscujuslibet
606 1779 638 1841 in
656 1777 843 1858 particulari
859 1797 931 1839 esse
946 1778 1147 1856 condonata;

61 1879 214 1942 revelatur
228 1882 363 1962 quidem
380 1902 505 1957 omnes,
521 1883 576 1962 qui
594 1882 754 1943 sinceram
779 1881 1010 1962 poenitentiam
1035 1891 1151 1962 agunt,

62 2001 127 2042 esse
138 1983 344 2062 justificatos
360 1985 416 2046 sed
439 2005 538 2047 nemo
561 1985 643 2046 scire
666 1993 784 2064 potest,
800 1984 996 2046 certitudine
1012 1982 1097 2060 fidei,
1112 2005 1148 2046 se

61 2086 211 2147 sinceram
223 2087 455 2167 poenitentiam
466 2089 585 2168 egisse;
600 2086 815 2149 confirmatur
825 2086 983 2166 exemplo
993 2085 1020 2147 S
1023 2084 1148 2160 ,Paule

61 2190 214 2268 quidese
230 2192 303 2272 ipso
319 2190 472 2253 dicebat:
495 2191 613 2252 “Nihil
636 2189 716 2252 mihi
739 2190 890 2251 conscius
906 2209 989 2263 sum,
1006 2190 1063 2251 sed
1081 2209 1146 2250 non

61 2291 88 2351 in
104 2292 162 2355 hoc
174 2293 375 2375 justificatus
390 2314 463 2356 sum
474 2293 536 2368 ’'²;
560 2313 638 2375 crgo
655 2313 720 2356 non
738 2312 914 2373 possumus
929 2292 1071 2366 credere,
1083 2290 1148 2353 fide

61 2395 171 2472 divina,
185 2407 300 2460 nostra
315 2408 452 2478 peccata
469 2398 500 2459 in
518 2397 706 2477 particulari
724 2396 822 2457 luisse
838 2395 1037 2456 condonata.

91 2497 142 2549 126·
179 2496 348 2570 4⁰Solnnnt
362 2497 395 2552 di
425 2515 445 2553 r.
486 2495 641 2566 Objiciunt
656 2496 855 2553 Protestantes
874 2490 1147 2552 vocabulanrrrelu

60 2593 84 2636 tt
97 2579 175 2641 πίστις
188 2602 249 2640 non
263 2582 428 2654 simplicem
449 2581 615 2639 intelletlus
633 2600 795 2650 assensum,
812 2581 866 2638 sed
877 2579 1019 2651 fiduciam
1038 2579 1147 2650 signifi-

60 2683 124 2736 care,
136 2669 297 2741 praesertim
312 2668 362 2726 ubi
375 2669 470 2740 agitur
483 2668 521 2726 de
534 2667 594 2726 fide
605 2668 793 2738 justificante,
810 2687 836 2724 v.
852 2684 878 2738 g.
893 2665 983 2723 Mau.
996 2666 1050 2736 IX,
1065 2685 1089 2731 2,
1103 2685 1147 2733 223

61 2754 117 2824 XV,
129 2762 177 2826 28;
195 2757 280 2814 Rom.
295 2757 350 2824 IV,
367 2773 379 2827 5
394 2768 448 2813 ete.

88 2842 169 2915 Kasp.
189 2844 313 2902 Praesata
326 2842 470 2900 vocabula
482 2842 644 2913 aliquando
658 2841 825 2914 simplicem
838 2857 1000 2910 assensum,
1016 2839 1148 2910 aliquan-

60 2929 101 2998 do,
111 2931 176 2990 licet
186 2949 260 3002 rar0,
272 2930 413 2989 fiduciam
426 2930 601 3002 significant,
616 2940 647 2987 ut
659 2929 736 2987 clare
745 2928 893 2999 colligitur
903 2945 937 2984 ex
948 2927 1047 2984 lexicis
1058 2927 1096 2983 N.
1109 2927 1145 2982 Τ.

59 3014 92 3072 ab
108 3019 175 3090 ipsis
195 3017 432 3076 Protestantibus
451 3017 546 3074 editis.
587 3016 641 3084 Ita,
654 3018 736 3086 Juxta
751 3015 919 3073 Srhleusnrr
936 3014 1079 3083 (Lexicou
1094 3013 1145 3072 Gr.

61 3103 115 3162 Lat.
127 3106 163 3163 N.
174 3107 234 3176 '1'.)‚
248 3101 331 3165 τίστις
345 3117 388 3163 est
401 3113 509 3162 “certa
522 3104 612 3160 animi
628 3102 787 3176 persuasio,
802 3102 949 3160 certitudo
959 3101 1109 3173 opinionis
1120 3111 1148 3158 et

58 3192 148 3258 iudicii
163 3196 201 3254 de
215 3195 314 3266 aliqua
328 3212 367 3260 re,
383 3193 511 3250 maxime
530 3192 568 3249 de
587 3210 624 3249 eo
643 3192 724 3262 quod
745 3191 857 3247 licitum
872 3199 901 3246 et
915 3188 1048 3245 illicitum
1062 3199 1106 3246 est

59 3295 176 3338 assensus
188 3281 242 3352 qni
252 3280 333 3336 rebus
342 3278 485 3336 credendis
494 3277 640 3343 tribuitur,
651 3277 805 3348 speciatim
817 3293 946 3331 assensus
957 3274 1007 3345 qui
1018 3273 1152 3344 reltgrinn'

63 3363 227 3424 Christiane
241 3367 410 3424 tribuitur...
423 3383 493 3422 mox
504 3365 584 3422 nuda
594 3364 716 3421 scientia
730 3374 758 3420 et
772 3361 902 3432 cognitio
913 3359 1062 3430 religionis
1075 3359 1149 3416 chri-

61 3451 156 3524 stianae,
165 3473 236 3513 mox
245 3471 382 3511 accessus
395 3463 423 3510 et
437 3451 591 3509 conversio
603 3451 642 3508 ad
657 3449 830 3521 religionem
840 3447 1040 3516 christianam,
1052 3462 1149 3502 susce·

63 3538 121 3609 irio,
134 3541 278 3614 professio
291 3551 410 3598 externa
423 3537 572 3609 religionis
585 3536 761 3603 christianae,
775 3536 814 3593 ob
828 3552 983 3592 assensum
997 3534 1047 3603 qui
1062 3533 1087 3589 ei
1102 3533 1150 3590 tri·

62 3619 148 3684 buitur
157 3629 172 3654 '¹
181 3638 198 3685 ³.
241 3626 370 3684 Proinde
387 3644 491 3684 sensus
511 3644 546 3683 ex
565 3633 705 3682 contextu
726 3621 971 3680 determinandus
988 3629 1054 3676 est:
1076 3621 1149 3690 jam·

65 3743 231 3762 ''Q——

89 3825 96 3856 ¹
110 3809 280 3882 Argumenta
293 3811 452 3881 hujusmodi
472 3812 560 3865 fusius
577 3813 690 3864 evoluta
703 3811 828 3864 invenies
841 3810 912 3877 apud
926 3809 1146 3875 Bellurminnnr‚

64 3909 99 3960 01)-
110 3901 150 3955 cit.
162 3903 179 3956 l.
194 3903 216 3966 l,
226 3918 249 3954 c
259 3917 335 3970 4413
350 3902 465 3966 Saurea,
476 3900 583 3964 l.Vlll,
595 3916 617 3952 c.
634 3898 675 3966 16;
692 3900 840 3961 Brennum,
853 3896 995 3961 lllanuale,
1004 3897 1019 3949 l.
1035 3898 1055 3963 l,
1067 3913 1090 3949 c.
1107 3898 1151 3961 1⁶;

64 3995 84 4046 q·
98 3997 119 4050 5;
131 3990 260 4054 Patrone,
275 4005 302 4039 n.
321 4000 370 4054 554
389 4003 442 4056 sq.;
462 3987 595 4054 Murray,
610 3987 645 4038 de
660 3985 766 4050 Gratia,
780 3985 796 4037 l.
815 4000 838 4049 c,
858 4000 884 4036 n.
905 3998 977 4051 1·51;
997 3982 1150 4048 Mursella,

63 4073 229 4144 n.10utsq.;
249 4075 397 4140 Neronum,
419 4089 464 4142 op.
487 4073 533 4125 cit.
556 4070 619 4124 leet.
642 4073 697 4136 Xl;
717 4071 825 4123 Dublin
845 4069 973 4133 Revr'ew,
995 4069 1048 4122 ort.
1073 4071 1148 4132 1868,

63 4167 86 4218 p-
100 4171 142 4226 317
156 4179 196 4230 sq.
212 4177 270 4200 -2
284 4161 304 4212 I
314 4159 376 4212 Car.
395 4160 443 4226 lV,
460 4175 485 4228 4.

94 4237 152 4300 'lta
169 4251 254 4304 etiam
267 4249 417 4312 Robinson,
432 4248 596 4302 Purlrlrurst
608 4248 636 4301 in
651 4245 760 4300 Lexicis
774 4247 840 4302 suis.
883 4247 944 4300 h'ec
963 4244 1044 4298 aliter
1063 4242 1149 4296 sentit

140 4365 263 4411 sinorsrs
276 4363 322 4411 Ill.
336 4389 364 4397 -
375 4379 389 4423 7
