2794 4662
482 199 538 250 DE
555 199 729 251 ORDINE.
1093 197 1155 249 615

58 385 172 458 menti,
198 385 256 446 sed
280 385 537 447 controvertitur
560 395 669 446 utrum
696 386 739 447 sit
765 385 848 446 ordo
879 405 898 446 a
925 383 1155 466 presbyteratu

57 485 258 550 distinttus:
284 487 343 568 (A)
355 487 453 550 Multi
470 487 598 569 antiqui
611 487 767 568 theologi,
777 507 851 550 cum
867 487 981 570 paucis
996 485 1155 548 recentio-

59 590 178 665 ribus¹,
189 599 303 653 tenent
318 591 547 672 episcopatum
558 609 625 652 non
642 609 714 652 esse
725 589 876 652 ordinem
893 611 912 652 a
928 589 1155 671 presbyteratu

58 691 263 768 distindtum,
279 695 337 756 sed
362 693 433 772 ejus
459 693 691 756 extensionem
716 701 749 755 et
773 694 985 756 intrinsecum
1011 691 1155 773 comple-

60 805 228 873 mentum;
258 816 335 858 nam
353 793 524 858 distindtio
539 796 695 858 ordinum
713 796 873 878 accipitur
888 794 1073 858 secundum
1097 793 1154 857 lra-

59 899 245 962 bitudinem
262 899 303 962 ad
317 898 576 974 Eucharistiam;
600 899 692 979 atqui
710 899 897 979 Episcopus
908 918 974 960 non
991 897 1092 959 habet
1108 918 1155 960 rc·

58 1001 127 1063 late
152 1001 194 1062 ad
222 1001 504 1067 consecrationem
525 1009 728 1082 potestatem
753 1002 957 1083 superiorem
982 999 1155 1065 Sacerdoti

58 1102 112 1183 (S.
131 1104 161 1166 T
157 1103 186 1166 le.
204 1103 281 1186 Sup.
293 1124 323 1186 q.
334 1123 385 1182 40,
402 1125 428 1168 a
443 1105 512 1185 5)²;
544 1104 688 1178 aliunde,
700 1104 727 1165 si
744 1104 956 1186 episcopatus
971 1111 1059 1165 esset
1073 1103 1156 1166 ordo

57 1203 244 1282 distindtus,
254 1217 367 1288 posset
378 1207 461 1288 quis,
471 1207 595 1268 omisso
607 1205 847 1287 presbyteratu,
858 1226 954 1268 verus
967 1205 1154 1287 Episcopus

58 1308 140 1384 fieri,
156 1309 240 1372 sicut
263 1319 375 1391 potest
398 1309 482 1390 quis,
497 1306 651 1390 negledto
674 1309 863 1386 diaconatu,
879 1308 1044 1374 Sacerdos
1068 1309 1154 1370 ordi-

59 1413 131 1476 nari
141 1436 149 1492 ;
177 1413 241 1476 hoc
258 1424 369 1477 autem
386 1414 519 1476 admitti
536 1413 659 1494 nequit,
673 1412 773 1493 juxta
795 1431 1007 1475 communem
1029 1411 1155 1474 theolo-

57 1536 176 1597 gorum
201 1517 421 1594 sententiam;
455 1535 543 1596 ergo.
597 1515 659 1596 (Β)
674 1515 896 1577 Bellarrm'nus
921 1523 1034 1577 tamen
1064 1513 1105 1593 (c.
1124 1513 1154 1593 5)

57 1639 135 1682 curn
160 1619 326 1701 plerisque
353 1621 518 1701 theologis
544 1641 582 1682 ac
609 1621 790 1683 canonistis
818 1619 1005 1682 modernis³
1025 1627 1155 1680 contra·

58 1722 143 1784 rium
168 1723 283 1801 docet3
319 1745 396 1786 narn
423 1725 635 1806 episcopatus
658 1723 836 1804 specialem
860 1722 987 1786 confert
1009 1731 1155 1804 potesta·

57 1833 137 1900 tcm,
150 1845 192 1888 sc.
210 1835 412 1908 potestatem
429 1819 648 1889 confirmandi
664 1836 698 1887 et
716 1827 902 1902 ordinandi,
919 1847 976 1889 seu
1001 1826 1155 1907 spiritua·

57 1927 104 1989 les
120 1938 232 2008 patres
247 1929 424 2010 gignendi;
448 1930 652 2011 proindeque
663 1931 808 2010 gaudent
820 1931 951 2012 Episco
970 1929 978 1992 i
996 1929 1154 1992 facultate

56 2050 124 2092 non
152 2032 260 2094 solum
287 2034 503 2097 consecrandi
533 2033 786 2110 Eucharistiam,
811 2033 869 2094 sed
896 2034 1049 2095 eamdem
1082 2031 1154 2094 aliis

56 2135 345 2212 communicandi;
367 2137 457 2217 quod
474 2135 596 2199 sufficit
612 2137 653 2200 ad
670 2136 848 2218 specialem
869 2137 1019 2198 ordinem
1036 2135 1155 2197 consti·

56 2239 229 2301 tuendum.
276 2239 376 2302 Ratio
392 2250 504 2302 antem
521 2260 579 2302 cur
594 2242 817 2302 communiter
831 2239 961 2302 dicatur
983 2239 1154 2319 episcopa·

55 2351 128 2404 tum
146 2362 214 2404 non
229 2362 326 2423 posse
342 2343 481 2405 conferri
497 2343 568 2406 sine
584 2342 821 2424 presbyteratu,
832 2352 882 2405 est
894 2344 972 2424 quia
984 2343 1154 2424 episcopa-

55 2453 119 2518 tus,
134 2445 182 2507 ita
196 2445 269 2506 Deo
285 2445 428 2520 volente,
443 2447 666 2510 sacerdotium
683 2447 870 2510 necessario
886 2446 1035 2521 includit,
1051 2465 1154 2527 quum

53 2549 98 2609 sit
122 2547 299 2610 sacerdotii
326 2549 467 2623 culmen,
489 2559 522 2611 et
548 2561 786 2632 praesupponat
813 2559 1015 2633 potestatem
1040 2569 1154 2612 conse·

52 2650 208 2712 crandi
199 2670 231 2711 rn
259 2651 490 2734 presbyteratu
520 2653 705 2716 collatam4.
758 2655 869 2738 Quam
895 2655 1087 2736 opinionem
1118 2664 1155 2717 ut

52 2753 313 2836 probabiliorem
331 2755 573 2838 ampledlimur.
675 2811 679 2818 .

98 2875 150 2939 44„
199 2870 233 2935 3⁰
248 2858 301 2920 De
317 2857 381 2921 fide
397 2867 456 2934 est,
472 2868 588 2921 contra
614 2859 807 2936 Waldenses,
829 2859 1006 2942 Wicliffum
1022 2878 1060 2920 ac
1082 2857 1153 2922 Cal·

51 2959 209 3022 viniones
221 2961 406 3043 Episcopos
422 2981 494 3024 esse
508 2962 713 3044 Presbyteris
726 2963 920 3043 superiores,
930 2982 974 3024 ex
991 2961 1021 3022 T
1018 2959 1154 3025 rrdent

52 3069 70 3094 “
85 3062 124 3125 Si
140 3063 215 3142 quis
231 3063 356 3126 dixerit
368 3064 554 3146 Episcopos
571 3083 638 3126 non
655 3083 727 3125 esse
739 3064 945 3145 Presbyteris
961 3063 1156 3146 superiores,

51 3165 107 3227 vel
135 3183 201 3227 non
227 3166 348 3229 habere
374 3176 575 3248 potestatem
601 3165 820 3229 confirmandi
843 3176 876 3229 et
899 3165 1086 3242 ordinandi,
1102 3164 1154 3227 vel

52 3287 132 3331 eam
150 3286 250 3347 quam
266 3269 399 3346 habent,
418 3269 481 3331 illis
497 3290 569 3332 esse
585 3289 661 3332 cum
680 3271 885 3352 Presbyteris
901 3287 1150 3333 communem

91 3422 155 3476 rer.
172 3423 267 3491 Br‘llot,
281 3425 320 3478 th.
338 3439 379 3491 31.

92 3509 192 3564 ²Licet
210 3512 241 3564 S.
260 3511 389 3578 Thomas,
410 3528 496 3582 quum
515 3523 591 3568 esset
608 3509 710 3581 junior,
735 3513 808 3566 hanc
828 3511 999 3568 sententiam
1021 3509 1156 3574 docuerit,

53 3597 153 3652 senior
171 3607 265 3652 tamen
283 3597 375 3652 ladius
394 3600 564 3653 sententiam
583 3600 703 3654 mutavit
721 3600 749 3653 in
769 3601 913 3669 Opusculo
929 3600 964 3652 de
984 3593 1155 3667 perfedlione

53 3686 124 3738 vitae
144 3682 302 3753 spiritualis,
315 3703 338 3739 c.
355 3701 401 3752 24;
427 3687 463 3741 de
482 3704 538 3757 quo
556 3686 621 3742 vide
641 3688 676 3742 de
689 3688 799 3754 Rubris,
813 3686 923 3741 dissert.
938 3688 972 3740 26
991 3685 1019 3739 in
1033 3685 1060 3739 S.
1078 3681 1153 3738 Tho·

53 3788 130 3834 mas,
146 3787 170 3823 c.
186 3787 228 3838 ²4·

93 3856 172 3911 ³Cfr.
191 3859 336 3930 dapum,
358 3877 402 3929 op.
416 3860 462 3915 cit.
478 3878 506 3916 n.
523 3875 556 3928 23
576 3878 630 3931 sq.;
662 3863 741 3931 Tepe,
757 3877 783 3914 n.
797 3874 848 3930 715
868 3877 924 3930 sq.;
953 3861 993 3913 Le
1007 3860 1155 3913 Canoniste

53 3947 349 4013 contemperantur.
369 3948 443 4017 1895,
454 3964 480 4016 p.
493 3949 526 4016 65
539 3965 580 4018 sq.

94 4029 238 4086 ⁴Aliunde
250 4047 304 4087 non
317 4035 444 4088 absolute
456 4045 568 4089 constat
581 4033 774 4104 episcopatum
788 4033 911 4090 invalide
924 4033 1042 4088 conferri
1062 4033 1087 4090 ei
1106 4031 1153 4102 qui

56 4133 116 4170 non
135 4116 187 4170 suit
201 4117 261 4186 jam
280 4129 361 4174 antea
381 4119 526 4172 ordinatus
547 4119 719 4188 Presbyter:
747 4119 882 4173 nonnulla
901 4120 977 4174 enim
998 4119 1154 4173 reseruntur
1227 4125 1230 4132 ’

55 4203 189 4272 exempla
208 4202 340 4258 laicorum
362 4207 406 4259 vel
428 4206 593 4260 clericorum
615 4204 672 4276 qui,
694 4221 745 4275 per
766 4206 876 4286 saltum,
898 4207 936 4260 ad
957 4205 1153 4276 episcopatum

55 4289 151 4346 evecti
164 4301 236 4360 sunt,
253 4302 283 4346 ut
296 4291 392 4359 legitur
405 4293 433 4346 in
446 4293 531 4347 Libro
544 4294 708 4362 Pontr'ficalr'
718 4292 775 4362 (ap.
793 4293 934 4364 Gasparri,
946 4310 974 4347 n.
991 4293 1045 4360 24)-
